{"gold_per_floor":[118,133,147,160,175,175,205,205,235,261,261,261,19,42,42,42],"floor_reached":16,"playtime":348,"items_purged":["Strike_G"],"score":224,"play_id":"0d86521c-20d5-4c8c-b891-c3f8db8ea0cc","local_time":"20190507015054","is_ascension_mode":true,"campfire_choices":[{"data":"Terror","floor":6.0,"key":"SMITH"},{"data":"Infinite Blades","floor":15,"key":"SMITH"}],"neow_cost":"NONE","seed_source_timestamp":114560109231900,"circlet_count":0,"master_deck":["AscendersBane","Defend_G","Defend_G","Defend_G","Defend_G","Defend_G","Strike_G","Strike_G","Strike_G","Strike_G","Survivor","Neutralize","Blind","Quick Slash","Infinite Blades+1","Terror+1","Finisher","Corpse Explosion","After Image","Footwork","Backstab"],"special_seed":0,"relics":["Ring of the Snake","Question Card","Letter Opener","Tiny Chest","Meat on the Bone","Golden Idol","Bag of Marbles"],"potions_floor_usage":[14,16],"damage_taken":[{"damage":0.0,"enemies":"Cultist","floor":1.0,"turns":5.0},{"damage":1.0,"enemies":"Jaw Worm","floor":2.0,"turns":4.0},{"damage":12.0,"enemies":"2 Louse","floor":3.0,"turns":4.0},{"damage":0.0,"enemies":"2 Fungi Beasts","floor":4.0,"turns":4.0},{"damage":10.0,"enemies":"Red Slaver","floor":5.0,"turns":4.0},{"damage":8.0,"enemies":"Gremlin Nob","floor":7.0,"turns":3.0},{"damage":10.0,"enemies":"3 Sentries","floor":10.0,"turns":2.0},{"damage":14,"enemies":"Gremlin Gang","floor":14,"turns":3},{"damage":20,"enemies":"Slime Boss","floor":16,"turns":4}],"seed_played":"1623120546806025575","potions_obtained":[{"floor":3.0,"key":"SneckoOil"},{"floor":5.0,"key":"Fire Potion"},{"floor":14,"key":"AttackPotion"}],"is_trial":false,"path_per_floor":["M","M","M","M","M","R","E","T","T","E","?","?","$","M","R","B"],"character_chosen":"THE_SILENT","items_purchased":["Bag of Marbles"],"campfire_rested":0,"item_purchase_floors":[13],"current_hp_per_floor":[59,58,46,46,36,36,28,28,28,18,18,18,18,16,16,0],"gold":42,"neow_bonus":"RANDOM_COLORLESS","is_prod":false,"is_daily":false,"chose_seed":false,"campfire_upgraded":2,"win_rate":0,"timestamp":1557161454,"path_taken":["M","M","M","M","M","R","E","?","T","E","?","?","$","M","R","BOSS"],"build_version":"2019-01-23","purchased_purges":1,"victory":false,"max_hp_per_floor":[66,66,66,66,66,66,66,66,66,66,60,60,60,60,60,60],"card_choices":[{"not_picked":["Sucker Punch","Flying Knee"],"picked":"Quick Slash","floor":1.0},{"not_picked":["Deflect","Footwork"],"picked":"Infinite Blades","floor":2.0},{"not_picked":["PiercingWail","Quick Slash"],"picked":"Terror","floor":3.0},{"not_picked":["Acrobatics","Flechettes"],"picked":"Finisher","floor":4.0},{"not_picked":["Dagger Throw","Well Laid Plans"],"picked":"Corpse Explosion","floor":5.0},{"not_picked":["Blade Dance","Dagger Throw"],"picked":"After Image","floor":7.0},{"not_picked":["Caltrops","Dagger Spray","Venomology"],"picked":"Footwork","floor":10.0},{"not_picked":["Cloak And Dagger","Dagger Spray","Underhanded Strike"],"picked":"Backstab","floor":14}],"player_experience":4934149,"relics_obtained":[{"floor":7.0,"key":"Question Card"},{"floor":8.0,"key":"Letter Opener"},{"floor":9.0,"key":"Tiny Chest"},{"floor":10.0,"key":"Meat on the Bone"}],"event_choices":[{"damage_healed":0.0,"max_hp_gain":0.0,"max_hp_loss":6.0,"gold_gain":0.0,"event_name":"Golden Idol","player_choice":"Lose Max HP","floor":11.0,"gold_loss":0.0,"damage_taken":0.0,"relics_obtained":["Golden Idol"]},{"damage_healed":0,"gold_gain":0,"player_choice":"Fled","damage_taken":0,"max_hp_gain":0,"max_hp_loss":0,"event_name":"Scrap Ooze","floor":12,"gold_loss":0}],"is_beta":false,"boss_relics":[],"items_purged_floors":[13],"is_endless":false,"potions_floor_spawned":[3,5,14],"killed_by":"Slime Boss","ascension_level":20}