{"gold_per_floor":[109,119,44,60,76,110,110,138,138,173,173,45,45,76,76,149,149,162,18,28,48,148,148,175,100,127,127,159,159,172,189,189,267,267,285,118,136,147,147,147,201,201,225,225,252,142,168,179,179,179,179,179,179,7,38,38],"floor_reached":57,"playtime":2522,"items_purged":["Strike_R","Strike_R","Anger"],"score":3237,"play_id":"7e1671f9-10ce-4710-b140-0f73d519f8c4","local_time":"20190412025830","is_ascension_mode":true,"campfire_choices":[{"floor":7.0,"key":"REST"},{"data":"True Grit","floor":15.0,"key":"SMITH"},{"data":"Body Slam","floor":23.0,"key":"SMITH"},{"data":"Battle Trance","floor":27,"key":"SMITH"},{"data":"Second Wind","floor":32,"key":"SMITH"},{"data":"Panacea","floor":40,"key":"SMITH"},{"data":"Burning Pact","floor":42,"key":"SMITH"},{"floor":44,"key":"RECALL"},{"data":"Master of Strategy","floor":49,"key":"SMITH"},{"data":"Impervious","floor":53,"key":"SMITH"}],"neow_cost":"NONE","seed_source_timestamp":9020063860400,"circlet_count":0,"master_deck":["AscendersBane","Defend_R","Defend_R+1","Bash+1","Shrug It Off","Impervious+1","Body Slam+1","Reckless Charge+1","Impervious","True Grit+1","Barricade+1","Battle Trance+1","Evolve+1","Burning Pact+1","Second Wind+1","Battle Trance","Clothesline+1","Feel No Pain+1","Master of Strategy+1","Panacea+1","Dark Shackles","Wild Strike+1"],"special_seed":0,"relics":["Burning Blood","Potion Belt","Paper Frog","Shuriken","Frozen Egg 2","Matryoshka","Coffee Dripper","Thread and Needle","Pear","Orichalcum","Blood Vial","Red Mask","Runic Pyramid","Du-Vu Doll","Bag of Preparation","Whetstone","StoneCalendar","Omamori","Art of War"],"potions_floor_usage":[33,54,56,56,56],"damage_taken":[{"damage":19.0,"enemies":"Cultist","floor":1.0,"turns":6.0},{"damage":2.0,"enemies":"2 Louse","floor":2.0,"turns":3.0},{"damage":7.0,"enemies":"Jaw Worm","floor":4.0,"turns":4.0},{"damage":20.0,"enemies":"Large Slime","floor":5.0,"turns":6.0},{"damage":52.0,"enemies":"3 Sentries","floor":6.0,"turns":14.0},{"damage":8.0,"enemies":"Gremlin Nob","floor":8.0,"turns":4.0},{"damage":10.0,"enemies":"3 Sentries","floor":10.0,"turns":5.0},{"damage":28.0,"enemies":"Gremlin Nob","floor":14.0,"turns":4.0},{"damage":31.0,"enemies":"Slime Boss","floor":16.0,"turns":11.0},{"damage":0.0,"enemies":"3 Byrds","floor":18.0,"turns":7.0},{"damage":1.0,"enemies":"Spheric Guardian","floor":20.0,"turns":8.0},{"damage":9.0,"enemies":"Snecko","floor":21.0,"turns":6.0},{"damage":0.0,"enemies":"Colosseum Slavers","floor":22.0,"turns":1.0},{"damage":45.0,"enemies":"Colosseum Nobs","floor":22.0,"turns":6.0},{"damage":24.0,"enemies":"Slavers","floor":24.0,"turns":8.0},{"damage":7,"enemies":"Masked Bandits","floor":28,"turns":5},{"damage":0,"enemies":"Centurion and Healer","floor":30,"turns":5},{"damage":4,"enemies":"Snake Plant","floor":31,"turns":6},{"damage":7,"enemies":"Automaton","floor":33,"turns":7},{"damage":2,"enemies":"3 Shapes","floor":35,"turns":5},{"damage":0,"enemies":"Orb Walker","floor":37,"turns":2},{"damage":0,"enemies":"3 Darklings","floor":38,"turns":4},{"damage":6,"enemies":"2 Orb Walkers","floor":41,"turns":5},{"damage":1,"enemies":"Reptomancer","floor":45,"turns":5},{"damage":0,"enemies":"Giant Head","floor":47,"turns":4},{"damage":0,"enemies":"Spire Growth","floor":48,"turns":3},{"damage":0,"enemies":"Time Eater","floor":50,"turns":6},{"damage":0,"enemies":"Awakened One","floor":51,"turns":7},{"damage":0,"enemies":"Shield and Spear","floor":55,"turns":5},{"damage":0,"enemies":"The Heart","floor":56,"turns":11}],"seed_played":"5046238859145440710","potions_obtained":[{"floor":1.0,"key":"BloodPotion"},{"floor":5.0,"key":"Fruit Juice"},{"floor":6.0,"key":"Swift Potion"},{"floor":8.0,"key":"PowerPotion"},{"floor":10.0,"key":"Weak Potion"},{"floor":21.0,"key":"SmokeBomb"},{"floor":22.0,"key":"Regen Potion"},{"floor":31,"key":"AttackPotion"},{"floor":33,"key":"Poison Potion"},{"floor":37,"key":"Dexterity Potion"},{"floor":41,"key":"Dexterity Potion"}],"is_trial":false,"path_per_floor":["M","M","?","M","M","E","R","E","T","E","?","$","?","E","R","B",null,"M","$","M","M","?","R","E","?","T","R","?","?","M","M","R","B",null,"M","$","M","M","?","R","?","R","T","R","E","?","E","M","R","B","B",null,"R","$","E","B",null],"character_chosen":"IRONCLAD","items_purchased":["True Grit","Evolve+1","Feel No Pain+1","Fruit Juice","SpeedPotion"],"campfire_rested":1,"item_purchase_floors":[12,19,36,54,54],"current_hp_per_floor":[55,59,59,58,49,11,35,33,33,29,55,55,55,33,33,8,62,68,68,73,70,47,47,44,44,44,44,45,90,90,90,90,89,90,90,90,90,90,80,80,82,82,82,82,89,89,90,90,90,90,90,90,90,95,95,95],"gold":38,"neow_bonus":"REMOVE_CARD","is_prod":false,"is_daily":false,"chose_seed":false,"campfire_upgraded":8,"win_rate":0,"timestamp":1555005510,"path_taken":["M","M","?","M","M","E","R","E","T","E","?","?","?","E","R","BOSS","M","$","M","?","?","R","E","?","T","R","?","?","M","M","R","BOSS","M","$","M","M","?","R","?","R","T","R","E","?","E","?","R","BOSS","BOSS","R","$","E","BOSS"],"build_version":"2019-01-23","purchased_purges":3,"victory":true,"max_hp_per_floor":[75,75,75,75,80,80,80,80,80,80,80,80,80,80,80,80,80,80,80,80,80,90,90,90,90,90,90,90,90,90,90,90,90,90,90,90,90,90,90,90,90,90,90,90,90,90,90,90,90,90,90,90,90,95,95,95],"card_choices":[{"not_picked":["Entrench","Iron Wave"],"picked":"Anger","floor":1.0},{"not_picked":["Evolve","Rupture"],"picked":"Blood for Blood","floor":2.0},{"not_picked":["Sword Boomerang","Rupture"],"picked":"Shrug It Off","floor":4.0},{"not_picked":["Heavy Blade","Headbutt"],"picked":"Impervious","floor":5.0},{"not_picked":["Armaments","Wild Strike"],"picked":"Body Slam","floor":6.0},{"not_picked":["Havoc","Corruption"],"picked":"Reckless Charge","floor":8.0},{"not_picked":["Heavy Blade","Headbutt"],"picked":"Impervious","floor":10.0},{"not_picked":["Flex","True Grit","Wild Strike"],"picked":"SKIP","floor":14.0},{"not_picked":["Dark Embrace+1","Brutality+1"],"picked":"Barricade+1","floor":16.0},{"not_picked":["Rupture+1","Iron Wave"],"picked":"Battle Trance","floor":18.0},{"not_picked":["Cleave","Perfected Strike","Thunderclap"],"picked":"SKIP","floor":20.0},{"not_picked":["Anger","Inflame+1","Shrug It Off"],"picked":"SKIP","floor":21.0},{"not_picked":["Heavy Blade","Reaper"],"picked":"Burning Pact","floor":22.0},{"not_picked":["Perfected Strike","Inflame+1","Shrug It Off"],"picked":"SKIP","floor":24.0},{"not_picked":["Reckless Charge","Inflame+1"],"picked":"Second Wind","floor":28},{"not_picked":["Shrug It Off","Iron Wave"],"picked":"Battle Trance","floor":30},{"not_picked":["Headbutt","Sword Boomerang"],"picked":"Clothesline+1","floor":31},{"not_picked":["Iron Wave","Perfected Strike+1","Flame Barrier+1"],"picked":"SKIP","floor":35},{"not_picked":["Anger+1","Armaments+1","True Grit"],"picked":"SKIP","floor":37},{"not_picked":["Clothesline+1","Pommel Strike","Flex"],"picked":"SKIP","floor":38},{"not_picked":["Chrysalis","Mind Blast"],"picked":"Master of Strategy","floor":39},{"not_picked":["The Bomb","HandOfGreed"],"picked":"Panacea","floor":39},{"not_picked":["Enlightenment","Flash of Steel"],"picked":"Dark Shackles","floor":39},{"not_picked":["Sword Boomerang+1","Cleave","Havoc"],"picked":"SKIP","floor":45},{"not_picked":["Rage","Dropkick"],"picked":"Wild Strike+1","floor":47},{"not_picked":["Flex","Searing Blow","Body Slam"],"picked":"SKIP","floor":48},{"not_picked":["Hemokinesis","Pommel Strike+1","Rampage"],"picked":"SKIP","floor":55}],"player_experience":4761391,"relics_obtained":[{"floor":6.0,"key":"Potion Belt"},{"floor":8.0,"key":"Paper Frog"},{"floor":9.0,"key":"Shuriken"},{"floor":10.0,"key":"Frozen Egg 2"},{"floor":14.0,"key":"Matryoshka"},{"floor":22.0,"key":"Thread and Needle"},{"floor":22.0,"key":"Pear"},{"floor":24.0,"key":"Orichalcum"},{"floor":26,"key":"Blood Vial"},{"floor":28,"key":"Red Mask"},{"floor":41,"key":"Du-Vu Doll"},{"floor":43,"key":"Bag of Preparation"},{"floor":43,"key":"Whetstone"},{"floor":45,"key":"StoneCalendar"},{"floor":47,"key":"Omamori"},{"floor":55,"key":"Art of War"}],"event_choices":[{"cards_removed":["Strike_R"],"damage_healed":0.0,"max_hp_gain":0.0,"max_hp_loss":0.0,"gold_gain":0.0,"event_name":"The Cleric","player_choice":"Card Removal","floor":3.0,"gold_loss":75.0,"damage_taken":0.0},{"damage_healed":26.0,"max_hp_gain":0.0,"max_hp_loss":0.0,"gold_gain":0.0,"event_name":"Big Fish","player_choice":"Banana","floor":11.0,"gold_loss":0.0,"damage_taken":0.0},{"cards_removed":["Strike_R"],"damage_healed":0.0,"max_hp_gain":0.0,"max_hp_loss":0.0,"gold_gain":0.0,"event_name":"Purifier","player_choice":"Purged","floor":13.0,"gold_loss":0.0,"damage_taken":0.0},{"damage_healed":0.0,"max_hp_gain":0.0,"max_hp_loss":0.0,"gold_gain":0.0,"event_name":"Colosseum","player_choice":"Fight","floor":22.0,"gold_loss":0.0,"damage_taken":0.0},{"damage_healed":0.0,"max_hp_gain":0.0,"max_hp_loss":0.0,"gold_gain":0.0,"event_name":"Colosseum","player_choice":"Fought Nobs","floor":22.0,"gold_loss":0.0,"damage_taken":0.0},{"cards_removed":["Defend_R"],"damage_healed":0.0,"max_hp_gain":0.0,"max_hp_loss":0.0,"gold_gain":0.0,"event_name":"Beggar","player_choice":"Gave Gold","floor":25.0,"gold_loss":75.0,"damage_taken":0.0},{"damage_healed":0,"gold_gain":0,"player_choice":"Fought Bandits","damage_taken":0,"max_hp_gain":0,"max_hp_loss":0,"event_name":"Masked Bandits","floor":28,"gold_loss":0},{"cards_removed":["Blood for Blood"],"damage_healed":45,"gold_gain":0,"player_choice":"Offered Uncommon","damage_taken":0,"max_hp_gain":0,"max_hp_loss":0,"event_name":"Bonfire Elementals","floor":29,"gold_loss":0},{"damage_healed":0,"gold_gain":0,"player_choice":"Memory 3","damage_taken":10,"max_hp_gain":0,"max_hp_loss":0,"event_name":"SensoryStone","floor":39,"gold_loss":0},{"damage_healed":0,"gold_gain":0,"player_choice":"Fight","damage_taken":0,"max_hp_gain":0,"max_hp_loss":0,"event_name":"Mysterious Sphere","floor":41,"gold_loss":0},{"cards_removed":["Defend_R"],"damage_healed":0,"gold_gain":0,"player_choice":"Upgrade and Remove","damage_taken":0,"max_hp_gain":0,"max_hp_loss":0,"event_name":"Designer","floor":46,"gold_loss":110,"cards_upgraded":["Defend_R"]}],"is_beta":false,"boss_relics":[{"not_picked":["Mark of Pain","Black Blood"],"picked":"Coffee Dripper"},{"not_picked":["Calling Bell","Astrolabe"],"picked":"Runic Pyramid"}],"items_purged_floors":[12,19,36],"is_endless":false,"potions_floor_spawned":[1,5,6,8,10,21,22,31,33,37,41],"ascension_level":20}