{"gold_per_floor":[119,166,183,458,473,473,490,490,543,543,543,468,468,482,482,553,553,553,503,208,208,208,208,20,20,20,20,20],"floor_reached":28,"playtime":641,"items_purged":["Strike_G"],"score":452,"play_id":"09c742cb-41af-44f6-892b-1c2eb9eb0414","local_time":"20190718001350","is_ascension_mode":true,"campfire_choices":[{"data":"Infinite Blades","floor":6,"key":"SMITH"},{"data":"Terror","floor":8,"key":"SMITH"},{"data":"Underhanded Strike","floor":11,"key":"SMITH"},{"data":"Neutralize","floor":13,"key":"SMITH"},{"data":"Flechettes","floor":15,"key":"SMITH"},{"floor":23,"key":"REST"},{"data":"Apotheosis","floor":27,"key":"SMITH"}],"neow_cost":"NONE","seed_source_timestamp":627805653629600,"circlet_count":0,"master_deck":["AscendersBane","Strike_G","Strike_G+1","Strike_G","Strike_G+1","Defend_G","Defend_G","Defend_G","Defend_G","Survivor","Neutralize+1","Infinite Blades+1","Terror+1","PiercingWail","Underhanded Strike+1","Flechettes+1","Corpse Explosion","Blur","Backflip","PiercingWail","Dagger Throw","Apotheosis+1","Escape Plan"],"relics":["Ring of the Snake","NeowsBlessing","Whetstone","Omamori","Ectoplasm","Snake Skull","PreservedInsect","Gremlin Horn"],"potions_floor_usage":[16,28],"damage_taken":[{"damage":0,"enemies":"Cultist","floor":1,"turns":1},{"damage":0,"enemies":"2 Louse","floor":3,"turns":1},{"damage":0,"enemies":"Jaw Worm","floor":5,"turns":1},{"damage":5,"enemies":"2 Fungi Beasts","floor":7,"turns":4},{"damage":2,"enemies":"Exordium Wildlife","floor":14,"turns":3},{"damage":29,"enemies":"Slime Boss","floor":16,"turns":10},{"damage":6,"enemies":"3 Byrds","floor":18,"turns":2},{"damage":8,"enemies":"Chosen","floor":21,"turns":5},{"damage":28,"enemies":"Shelled Parasite and Fungi","floor":22,"turns":4},{"damage":9,"enemies":"Slavers","floor":25,"turns":3},{"damage":25,"enemies":"Snecko","floor":28,"turns":5}],"seed_played":"8152090387985634104","potions_obtained":[{"floor":1,"key":"SpeedPotion"},{"floor":5,"key":"PowerPotion"},{"floor":22,"key":"LiquidBronze"}],"is_trial":false,"path_per_floor":["M","T","M","?","M","R","M","R","T","?","R","?","R","M","R","B",null,"M","?","$","M","M","R","$","E","T","R","M"],"character_chosen":"THE_SILENT","items_purchased":["Snake Skull","Backflip","Apotheosis"],"campfire_rested":1,"item_purchase_floors":[20,20,24],"current_hp_per_floor":[59,59,59,59,59,59,54,54,54,54,54,54,54,52,52,23,55,49,49,49,41,13,32,32,23,23,23,0],"gold":20,"neow_bonus":"THREE_ENEMY_KILL","is_prod":false,"is_daily":false,"chose_seed":false,"campfire_upgraded":6,"win_rate":0,"timestamp":1563376430,"path_taken":["M","?","?","?","?","R","M","R","T","?","R","?","R","M","R","BOSS","M","?","$","M","M","R","$","E","T","R","M"],"build_version":"2019-07-05","purchased_purges":1,"victory":false,"max_hp_per_floor":[66,66,66,66,66,66,66,66,66,66,66,66,66,66,66,66,66,66,66,66,66,66,66,66,66,66,66,66],"card_choices":[{"not_picked":["Terror","Slice"],"picked":"Infinite Blades","floor":1},{"not_picked":["Dagger Spray","Poisoned Stab"],"picked":"Terror","floor":3},{"not_picked":["Deflect","Backflip"],"picked":"PiercingWail","floor":5},{"not_picked":["Concentrate","Deadly Poison"],"picked":"Underhanded Strike","floor":7},{"not_picked":["Prepared","Terror"],"picked":"Flechettes","floor":14},{"not_picked":["Grand Finale","Unload"],"picked":"Corpse Explosion","floor":16},{"not_picked":["Finisher","Blade Dance"],"picked":"Blur","floor":18},{"not_picked":["Blade Dance","Flying Knee"],"picked":"PiercingWail","floor":21},{"not_picked":["Dagger Throw","Outmaneuver","Reflex"],"picked":"SKIP","floor":22},{"not_picked":["Outmaneuver","Reflex"],"picked":"Dagger Throw","floor":22},{"not_picked":["PiercingWail","Flechettes"],"picked":"Escape Plan","floor":25}],"player_experience":5721798,"relics_obtained":[{"floor":2,"key":"Whetstone"},{"floor":9,"key":"Omamori"},{"floor":25,"key":"PreservedInsect"},{"floor":26,"key":"Gremlin Horn"}],"event_choices":[{"damage_healed":0,"gold_gain":275,"player_choice":"Desecrate","damage_taken":0,"max_hp_gain":0,"max_hp_loss":0,"event_name":"Golden Shrine","floor":4,"gold_loss":0,"cards_obtained":["Regret"]},{"cards_removed":["Regret"],"damage_healed":0,"gold_gain":0,"player_choice":"Forget","damage_taken":0,"max_hp_gain":0,"max_hp_loss":0,"event_name":"Living Wall","floor":10,"gold_loss":0},{"cards_removed":["Defend_G"],"damage_healed":0,"gold_gain":0,"player_choice":"Card Removal","damage_taken":0,"max_hp_gain":0,"max_hp_loss":0,"event_name":"The Cleric","floor":12,"gold_loss":75},{"damage_healed":0,"gold_gain":250,"player_choice":"Bet on Owner","damage_taken":0,"max_hp_gain":0,"max_hp_loss":0,"event_name":"The Joust","floor":19,"gold_loss":50}],"is_beta":false,"boss_relics":[{"not_picked":["Runic Dome","Coffee Dripper"],"picked":"Ectoplasm"}],"items_purged_floors":[20],"is_endless":false,"potions_floor_spawned":[1,5,14,22],"killed_by":"Snecko","ascension_level":20}