{"gold_per_floor":[113,113,113,113,113,138,156,167,190,190,221,27,27,3,3,104,104,120,130,130,148,166,166,196,209,209,16,44,8,8,28,28,130,130,141,66,77,91,10,10,36,36,36,0,54,54,1,34,34,34],"floor_reached":51,"playtime":2697,"items_purged":["Decay"],"score":1342,"play_id":"0ba62c57-1806-4e27-abe3-53a8889f2af2","local_time":"20190708232650","is_ascension_mode":true,"campfire_choices":[{"data":"Corruption","floor":10.0,"key":"SMITH"},{"data":"Feel No Pain","floor":15,"key":"SMITH"},{"data":"Havoc","floor":23,"key":"SMITH"},{"floor":30,"key":"REST"},{"floor":32,"key":"REST"},{"floor":40,"key":"REST"},{"floor":42,"key":"REST"},{"data":"Dark Embrace","floor":46,"key":"SMITH"},{"data":"Panacea","floor":49,"key":"SMITH"}],"neow_cost":"NONE","seed_source_timestamp":1504464457466675,"circlet_count":0,"master_deck":["Strike_R","Strike_R+1","Strike_R+1","Defend_R","Defend_R","Defend_R","Bash+1","Pommel Strike","Reckless Charge","Sword Boomerang","Corruption+1","Disarm","Feel No Pain+1","Intimidate","Second Wind","Clothesline","Offering","Shockwave","Body Slam+1","Havoc+1","Feel No Pain+1","Impervious","Rage","Armaments+1","Dark Embrace+1","Searing Blow+1","Shrug It Off+1","Combust+1","Reckless Charge","Body Slam+1","Double Tap","Panacea+1","Juggernaut","Flex","Shrug It Off","Shrug It Off+1"],"special_seed":0,"relics":["Black Blood","NeowsBlessing","Oddly Smooth Stone","Dead Branch","Art of War","Anchor","Sundial","Gambling Chip","Frozen Eye","Self Forming Clay","Astrolabe","Red Skull","Bottled Flame","Red Mask","Prayer Wheel","Dream Catcher"],"potions_floor_usage":[25,33,38],"damage_taken":[{"damage":0.0,"enemies":"Cultist","floor":1.0,"turns":1.0},{"damage":0.0,"enemies":"3 Sentries","floor":6.0,"turns":1.0},{"damage":0.0,"enemies":"Small Slimes","floor":7.0,"turns":1.0},{"damage":0.0,"enemies":"2 Louse","floor":8.0,"turns":2.0},{"damage":8.0,"enemies":"Gremlin Nob","floor":11.0,"turns":3.0},{"damage":24,"enemies":"Hexaghost","floor":16,"turns":7},{"damage":16,"enemies":"Shell Parasite","floor":18,"turns":6},{"damage":6,"enemies":"Chosen","floor":19,"turns":3},{"damage":20,"enemies":"Centurion and Healer","floor":21,"turns":5},{"damage":16,"enemies":"Snake Plant","floor":22,"turns":3},{"damage":44,"enemies":"Slavers","floor":24,"turns":3},{"damage":0,"enemies":"Sentry and Sphere","floor":25,"turns":2},{"damage":11,"enemies":"Book of Stabbing","floor":28,"turns":4},{"damage":12,"enemies":"Snecko","floor":31,"turns":1},{"damage":10,"enemies":"Automaton","floor":33,"turns":7},{"damage":13,"enemies":"Orb Walker","floor":35,"turns":4},{"damage":12,"enemies":"3 Shapes","floor":37,"turns":3},{"damage":49,"enemies":"Transient","floor":38,"turns":5},{"damage":12,"enemies":"Giant Head","floor":41,"turns":3},{"damage":27,"enemies":"2 Orb Walkers","floor":45,"turns":5},{"damage":12,"enemies":"Nemesis","floor":48,"turns":6},{"damage":12,"enemies":"Donu and Deca","floor":50,"turns":3}],"seed_played":"-4662853272186527396","potions_obtained":[{"floor":7.0,"key":"FearPotion"},{"floor":11.0,"key":"Strength Potion"},{"floor":24,"key":"SkillPotion"},{"floor":28,"key":"Weak Potion"},{"floor":33,"key":"Energy Potion"},{"floor":38,"key":"SpeedPotion"},{"floor":48,"key":"Regen Potion"}],"is_trial":false,"path_per_floor":["M","?","?","?","?","E","M","M","T","R","E","$","?","$","R","B",null,"M","M","?","M","M","R","E","M","T","$","E","$","R","M","R","B",null,"M","$","M","M","$","R","E","R","T","?","?","R","$","E","R","B",null],"character_chosen":"IRONCLAD","items_purchased":["Feel No Pain","Intimidate","Second Wind","Clothesline","Frozen Eye","Rage","Panacea","Shrug It Off"],"campfire_rested":4,"item_purchase_floors":[12,12,12,14,27,29,39,47],"current_hp_per_floor":[78,78,62,55,55,61,67,73,73,73,71,71,71,71,71,53,73,67,71,71,61,55,55,21,31,31,31,30,30,54,52,76,76,79,76,76,74,35,35,59,57,80,80,80,63,63,63,61,61,59],"gold":34,"neow_bonus":"THREE_ENEMY_KILL","is_prod":false,"is_daily":false,"chose_seed":false,"campfire_upgraded":5,"win_rate":0,"timestamp":1562624810,"path_taken":["M","?","?","?","?","E","M","M","T","R","E","$","?","$","R","BOSS","M","M","?","M","?","R","E","M","T","$","E","$","R","?","R","BOSS","M","$","M","M","$","R","E","R","T","?","?","R","$","E","R","BOSS"],"build_version":"2019-07-05","purchased_purges":1,"victory":true,"max_hp_per_floor":[80,80,80,80,80,80,80,80,80,80,80,80,80,80,80,80,80,80,80,80,80,80,80,80,80,80,80,80,80,80,80,80,80,80,80,80,80,80,80,80,80,80,80,80,80,80,80,80,80,80],"card_choices":[{"not_picked":["Flex","Seeing Red"],"picked":"Pommel Strike","floor":1.0},{"not_picked":["Havoc","Sword Boomerang"],"picked":"Reckless Charge","floor":6.0},{"not_picked":["Rupture","Battle Trance"],"picked":"Sword Boomerang","floor":7.0},{"not_picked":["Heavy Blade","Body Slam"],"picked":"Corruption","floor":8.0},{"not_picked":["Clash","Twin Strike"],"picked":"Disarm","floor":11.0},{"not_picked":["Double Tap","Berserk"],"picked":"Offering","floor":16},{"not_picked":["Body Slam+1","Disarm"],"picked":"Shockwave","floor":18},{"not_picked":["Rampage","Wild Strike+1"],"picked":"Body Slam","floor":19},{"not_picked":["Heavy Blade+1","Sword Boomerang","Cleave+1"],"picked":"SKIP","floor":21},{"not_picked":["Headbutt","Pommel Strike"],"picked":"Havoc","floor":22},{"not_picked":["Entrench","Blood for Blood"],"picked":"Feel No Pain+1","floor":24},{"not_picked":["Clash","Twin Strike","Sword Boomerang+1"],"picked":"SKIP","floor":25},{"not_picked":["Thunderclap","Havoc"],"picked":"Impervious","floor":28},{"not_picked":["Pommel Strike+1","True Grit"],"picked":"Armaments+1","floor":31},{"not_picked":["Berserk","Immolate"],"picked":"Dark Embrace","floor":33},{"not_picked":["Anger","Twin Strike"],"picked":"Reckless Charge","floor":35},{"not_picked":["Iron Wave+1","Anger"],"picked":"Body Slam+1","floor":37},{"not_picked":["Dropkick","Armaments"],"picked":"Double Tap","floor":38},{"not_picked":["Shrug It Off","Twin Strike+1"],"picked":"Juggernaut","floor":41},{"not_picked":["Thunderclap+1","Shrug It Off"],"picked":"Flex","floor":45},{"not_picked":["Reckless Charge+1","Havoc"],"picked":"Shrug It Off+1","floor":48}],"player_experience":283088,"relics_obtained":[{"floor":6.0,"key":"Dead Branch"},{"floor":9.0,"key":"Art of War"},{"floor":11.0,"key":"Anchor"},{"floor":24,"key":"Sundial"},{"floor":26,"key":"Gambling Chip"},{"floor":28,"key":"Self Forming Clay"},{"floor":41,"key":"Red Skull"},{"floor":43,"key":"Bottled Flame"},{"floor":45,"key":"Prayer Wheel"},{"floor":48,"key":"Dream Catcher"}],"event_choices":[{"damage_healed":0.0,"max_hp_gain":0.0,"max_hp_loss":0.0,"gold_gain":0.0,"event_name":"Big Fish","player_choice":"Box","floor":2.0,"gold_loss":0.0,"damage_taken":0.0,"relics_obtained":["Oddly Smooth Stone"],"cards_obtained":["Regret"]},{"damage_healed":0.0,"max_hp_gain":0.0,"max_hp_loss":0.0,"gold_gain":0.0,"event_name":"Shining Light","player_choice":"Entered Light","floor":3.0,"gold_loss":0.0,"damage_taken":16.0,"cards_upgraded":["Strike_R","Strike_R"]},{"cards_removed":["Regret"],"damage_healed":0.0,"max_hp_gain":0.0,"max_hp_loss":0.0,"gold_gain":0.0,"event_name":"Golden Wing","player_choice":"Card Removal","floor":4.0,"gold_loss":0.0,"damage_taken":7.0},{"damage_healed":0.0,"max_hp_gain":0.0,"max_hp_loss":0.0,"gold_gain":0.0,"event_name":"Living Wall","player_choice":"Grow","floor":5.0,"gold_loss":0.0,"damage_taken":0.0,"cards_upgraded":["Bash"]},{"damage_healed":0,"gold_gain":0,"player_choice":"Cursed","damage_taken":0,"max_hp_gain":0,"max_hp_loss":0,"event_name":"Wheel of Change","floor":13,"gold_loss":0,"cards_obtained":["Decay"]},{"damage_healed":0,"gold_gain":0,"player_choice":"Forge","damage_taken":0,"max_hp_gain":0,"max_hp_loss":0,"event_name":"Accursed Blacksmith","floor":20,"gold_loss":0,"cards_upgraded":["Body Slam"]},{"damage_healed":0,"gold_gain":0,"player_choice":"Paid","damage_taken":0,"relics_obtained":["Red Mask"],"max_hp_gain":0,"max_hp_loss":0,"event_name":"Tomb of Lord Red Mask","floor":44,"gold_loss":36},{"damage_healed":0,"gold_gain":0,"player_choice":"Fight","damage_taken":0,"max_hp_gain":0,"max_hp_loss":0,"event_name":"Mysterious Sphere","floor":45,"gold_loss":0}],"is_beta":false,"boss_relics":[{"not_picked":["Eternal Feather","Orrery"],"picked":"Black Blood"},{"not_picked":["Lizard Tail","Calling Bell"],"picked":"Astrolabe"}],"items_purged_floors":[36],"is_endless":false,"potions_floor_spawned":[7,11,24,28,31,33,37,38,48],"ascension_level":9}