{"gold_per_floor":[119,132,147,147,147,147,42,42,42,42,85,98,137,137,137,227,227,250,150,169,190,190,223,223,252,252,252,31,31,59,70,70,147,147,165,165,181,192,202,202,228,228,252,12,40,56,89,89,89,89,89,89,89,89,118,118],"floor_reached":57,"playtime":2748,"items_purged":["Defend_G","Strike_G","Strike_G","Strike_G"],"score":3412,"play_id":"1e02faf2-c362-4efe-a4d2-04da4d349cbf","local_time":"20190713041359","is_ascension_mode":true,"campfire_choices":[{"floor":6,"key":"REST"},{"data":"Glass Knife","floor":10,"key":"SMITH"},{"data":"Calculated Gamble","floor":15,"key":"SMITH"},{"data":"Acrobatics","floor":27,"key":"SMITH"},{"data":"Purity","floor":32,"key":"SMITH"},{"data":"Reflex","floor":40,"key":"SMITH"},{"floor":42,"key":"RECALL"},{"data":"Adrenaline","floor":49,"key":"SMITH"},{"data":"Expertise","floor":53,"key":"SMITH"}],"neow_cost":"","seed_source_timestamp":205472725143500,"circlet_count":0,"master_deck":["Tactician+1","Reflex+1","Survivor","Defend_G+1","Defend_G","Strike_G+1","Neutralize","Acrobatics+1","Expertise+1","Calculated Gamble+1","Backflip","Glass Knife+1","Well Laid Plans+1","After Image+1","Finisher+1","Purity+1","After Image+1","Reflex+1","After Image+1","Terror","Secret Technique","Purity","Reflex+1","Acrobatics+1","Adrenaline+1"],"relics":["Ring of the Snake","HoveringKite","Bloody Idol","Frozen Egg 2","Meat on the Bone","Ornamental Fan","White Beast Statue","Dodecahedron","Bottled Tornado","Sundial","Shuriken","Empty Cage","Bag of Marbles","Lantern","Pear","Letter Opener","FaceOfCleric","Bag of Preparation"],"potions_floor_usage":[18,23,23,31,38,41,56,56],"damage_taken":[{"damage":0,"enemies":"2 Louse","floor":1,"turns":3},{"damage":2,"enemies":"Small Slimes","floor":2,"turns":5},{"damage":4,"enemies":"Jaw Worm","floor":3,"turns":4},{"damage":5,"enemies":"3 Sentries","floor":11,"turns":4},{"damage":0,"enemies":"Exordium Wildlife","floor":12,"turns":3},{"damage":2,"enemies":"Gremlin Nob","floor":13,"turns":3},{"damage":4,"enemies":"The Guardian","floor":16,"turns":13},{"damage":0,"enemies":"Shell Parasite","floor":18,"turns":3},{"damage":0,"enemies":"3 Byrds","floor":20,"turns":4},{"damage":0,"enemies":"Centurion and Healer","floor":21,"turns":4},{"damage":11,"enemies":"Gremlin Leader","floor":23,"turns":5},{"damage":5,"enemies":"Book of Stabbing","floor":25,"turns":5},{"damage":0,"enemies":"Gremlin Leader","floor":30,"turns":3},{"damage":0,"enemies":"Cultist and Chosen","floor":31,"turns":4},{"damage":0,"enemies":"Champ","floor":33,"turns":3},{"damage":0,"enemies":"Orb Walker","floor":35,"turns":2},{"damage":17,"enemies":"3 Shapes","floor":37,"turns":4},{"damage":2,"enemies":"Transient","floor":38,"turns":4},{"damage":23,"enemies":"Jaw Worm Horde","floor":39,"turns":2},{"damage":0,"enemies":"Nemesis","floor":41,"turns":2},{"damage":0,"enemies":"Reptomancer","floor":45,"turns":1},{"damage":19,"enemies":"3 Darklings","floor":46,"turns":2},{"damage":7,"enemies":"Giant Head","floor":47,"turns":2},{"damage":0,"enemies":"Time Eater","floor":50,"turns":3},{"damage":0,"enemies":"Awakened One","floor":51,"turns":3},{"damage":0,"enemies":"Shield and Spear","floor":55,"turns":1},{"damage":3,"enemies":"The Heart","floor":56,"turns":5}],"seed_played":"-9071090510910535196","potions_obtained":[{"floor":3,"key":"Poison Potion"},{"floor":11,"key":"Swift Potion"},{"floor":12,"key":"GamblersBrew"},{"floor":18,"key":"GamblersBrew"},{"floor":23,"key":"EssenceOfSteel"},{"floor":25,"key":"GamblersBrew"},{"floor":31,"key":"Weak Potion"},{"floor":37,"key":"GhostInAJar"},{"floor":38,"key":"AttackPotion"},{"floor":41,"key":"Fruit Juice"},{"floor":45,"key":"EssenceOfSteel"}],"is_trial":true,"path_per_floor":["M","M","M","?","?","R","$","?","T","R","E","M","E","T","R","B",null,"M","$","M","M","?","E","?","E","T","R","$","?","E","M","R","B",null,"M","?","M","M","M","R","E","R","T","$","E","M","E","?","R","B","B",null,"R","$","E","B",null],"character_chosen":"THE_SILENT","items_purchased":["Backflip","Purity","Adrenaline"],"campfire_rested":1,"item_purchase_floors":[7,28,44],"current_hp_per_floor":[59,57,53,30,10,29,29,29,29,29,24,36,34,34,34,42,60,60,60,60,60,39,40,40,40,40,40,40,40,45,50,50,55,63,66,56,44,47,41,41,51,51,56,56,71,57,55,55,55,56,57,77,77,77,83,81],"gold":118,"neow_bonus":"","is_prod":false,"is_daily":false,"chose_seed":false,"campfire_upgraded":7,"win_rate":0,"timestamp":1562958839,"path_taken":["M","M","M","?","?","R","$","?","T","R","E","?","E","?","R","BOSS","M","$","M","?","?","E","?","E","T","R","$","?","E","?","R","BOSS","M","?","M","M","M","R","E","R","T","$","E","M","E","?","R","BOSS","BOSS","R","$","E","BOSS"],"build_version":"2019-07-05","purchased_purges":4,"victory":true,"max_hp_per_floor":[66,66,66,66,66,66,66,66,66,66,66,66,66,66,66,66,66,66,66,66,66,66,66,66,66,66,66,66,66,66,66,66,66,66,66,66,66,66,66,66,71,71,71,71,81,81,81,81,81,82,83,83,83,83,84,85],"card_choices":[{"not_picked":["Outmaneuver","Cloak And Dagger"],"picked":"Acrobatics","floor":1},{"not_picked":["Deflect","Dagger Spray"],"picked":"Expertise","floor":2},{"not_picked":["Setup","Quick Slash"],"picked":"Calculated Gamble","floor":3},{"not_picked":["Eviscerate","Escape Plan"],"picked":"Well Laid Plans+1","floor":11},{"not_picked":["Dagger Spray","Backstab","Underhanded Strike"],"picked":"SKIP","floor":12},{"not_picked":["PiercingWail","Poisoned Stab","Heel Hook"],"picked":"SKIP","floor":13},{"not_picked":["Night Terror","Bullet Time"],"picked":"After Image+1","floor":16},{"not_picked":["Riddle With Holes+1","Dodge and Roll"],"picked":"Finisher+1","floor":18},{"not_picked":["Underhanded Strike","Masterful Stab","Flechettes"],"picked":"SKIP","floor":20},{"not_picked":["Deflect","Blur","Catalyst"],"picked":"SKIP","floor":21},{"not_picked":["Underhanded Strike","Bouncing Flask","Slice"],"picked":"SKIP","floor":23},{"not_picked":["Deadly Poison","Dagger Throw","Burst"],"picked":"SKIP","floor":25},{"not_picked":["Leg Sweep","Cloak And Dagger"],"picked":"Reflex","floor":30},{"not_picked":["Cloak And Dagger","Backflip","Choke"],"picked":"SKIP","floor":31},{"not_picked":["Die Die Die","Wraith Form v2+1"],"picked":"After Image+1","floor":33},{"not_picked":["All Out Attack+1","Calculated Gamble"],"picked":"Terror","floor":35},{"not_picked":["Sadistic Nature+1","Impatience"],"picked":"Secret Technique","floor":36},{"not_picked":["Panache+1","Flash of Steel"],"picked":"Purity","floor":36},{"not_picked":["Reflex+1","Sucker Punch","Deadly Poison"],"picked":"SKIP","floor":37},{"not_picked":["Sucker Punch","Deadly Poison"],"picked":"Reflex+1","floor":37},{"not_picked":["Prepared","Infinite Blades+1","Blade Dance"],"picked":"SKIP","floor":38},{"not_picked":["Dodge and Roll","Acrobatics","Outmaneuver"],"picked":"SKIP","floor":39},{"not_picked":["Outmaneuver+1","Blade Dance+1"],"picked":"Acrobatics+1","floor":41},{"not_picked":["Deflect","Quick Slash","Catalyst"],"picked":"SKIP","floor":45},{"not_picked":["Deadly Poison","Noxious Fumes+1","Flying Knee"],"picked":"SKIP","floor":46},{"not_picked":["Backflip","Dash","Underhanded Strike"],"picked":"SKIP","floor":47},{"not_picked":["Sucker Punch+1","Glass Knife","Tools of the Trade+1"],"picked":"SKIP","floor":55}],"player_experience":5670176,"relics_obtained":[{"floor":9,"key":"Frozen Egg 2"},{"floor":11,"key":"Meat on the Bone"},{"floor":13,"key":"Ornamental Fan"},{"floor":23,"key":"Dodecahedron"},{"floor":25,"key":"Bottled Tornado"},{"floor":26,"key":"Sundial"},{"floor":30,"key":"Shuriken"},{"floor":41,"key":"Bag of Marbles"},{"floor":43,"key":"Lantern"},{"floor":45,"key":"Pear"},{"floor":47,"key":"Letter Opener"},{"floor":55,"key":"Bag of Preparation"}],"event_choices":[{"damage_healed":0,"gold_gain":0,"player_choice":"Take Damage","damage_taken":23,"relics_obtained":["Golden Idol"],"max_hp_gain":0,"max_hp_loss":0,"event_name":"Golden Idol","floor":4,"gold_loss":0},{"damage_healed":0,"gold_gain":0,"player_choice":"Entered Light","damage_taken":20,"max_hp_gain":0,"max_hp_loss":0,"event_name":"Shining Light","floor":5,"gold_loss":0,"cards_upgraded":["Strike_G","Defend_G"]},{"damage_healed":0,"gold_gain":0,"cards_transformed":["Defend_G"],"player_choice":"Change","damage_taken":0,"max_hp_gain":0,"max_hp_loss":0,"event_name":"Living Wall","floor":8,"gold_loss":0,"cards_obtained":["Glass Knife"]},{"damage_healed":0,"gold_gain":0,"player_choice":"Obtained Book","damage_taken":21,"max_hp_gain":0,"max_hp_loss":0,"event_name":"Cursed Tome","floor":22,"gold_loss":0},{"damage_healed":0,"gold_gain":0,"player_choice":"Gave Idol","damage_taken":0,"relics_obtained":["Bloody Idol"],"max_hp_gain":0,"max_hp_loss":0,"event_name":"Forgotten Altar","floor":24,"relics_lost":["Golden Idol"],"gold_loss":0},{"damage_healed":0,"gold_gain":0,"player_choice":"Copied","damage_taken":0,"max_hp_gain":0,"max_hp_loss":0,"event_name":"Duplicator","floor":29,"gold_loss":0,"cards_obtained":["After Image"]},{"damage_healed":0,"gold_gain":0,"player_choice":"Memory 3","damage_taken":10,"max_hp_gain":0,"max_hp_loss":0,"event_name":"SensoryStone","floor":36,"gold_loss":0},{"damage_healed":0,"gold_gain":0,"player_choice":"Trade","damage_taken":0,"relics_obtained":["FaceOfCleric"],"max_hp_gain":0,"max_hp_loss":0,"event_name":"FaceTrader","floor":48,"gold_loss":0}],"is_beta":false,"boss_relics":[{"not_picked":["Fusion Hammer","HoveringKite"],"picked":"White Beast Statue"},{"not_picked":["Black Star","Snecko Eye"],"picked":"Empty Cage"}],"items_purged_floors":[7,19,28,44],"is_endless":false,"potions_floor_spawned":[3,11,12,16,18,20,21,23,25,30,31,33,35,37,38,39,41,45,46,47,55],"ascension_level":20}