{"gold_per_floor":[116,116,132,147,147,147,158,158,184,210,222,147,147,163,163,236,286,299,330,346,16,26,56,56,90,114,126,143,143,143,159,159,235,235,245,263,6,23,245,245,245,271,296,296,19,19,49,68,68,68,68,68,68,11,41,41],"floor_reached":56,"playtime":2224,"items_purged":["Defend_G","Defend_G"],"score":1834,"play_id":"5eea5003-62f9-4643-b126-fb550878b4a2","local_time":"20190326011148","is_ascension_mode":true,"campfire_choices":[{"data":"Crippling Poison","floor":6.0,"key":"SMITH"},{"data":"Dagger Spray","floor":8.0,"key":"SMITH"},{"data":"Backflip","floor":15.0,"key":"SMITH"},{"floor":24.0,"key":"REST"},{"data":"Wraith Form v2","floor":29.0,"key":"SMITH"},{"data":"Well Laid Plans","floor":32.0,"key":"SMITH"},{"floor":40.0,"key":"RECALL"},{"data":"Footwork","floor":46.0,"key":"SMITH"},{"floor":49.0,"key":"REST"},{"floor":53.0,"key":"REST"}],"neow_cost":"NONE","seed_source_timestamp":1039684529810100,"circlet_count":0,"master_deck":["AscendersBane","Defend_G","Defend_G+1","Strike_G","Strike_G","Strike_G","Survivor+1","Neutralize","Bouncing Flask+1","Backstab","Dagger Spray+1","Crippling Poison+1","Terror","Escape Plan+1","Wraith Form v2+1","Backflip+1","Die Die Die+1","Dagger Spray+1","Quick Slash+1","Glass Knife","Footwork+1","Dodge and Roll+1","PiercingWail+1","Leg Sweep+1","Well Laid Plans+1","Setup+1","Wraith Form v2+1","Prepared+1","Bullet Time+1","Calculated Gamble+1","Deep Breath+1","Footwork","Malaise+1","Backflip+1","Acrobatics+1","Noxious Fumes"],"special_seed":0,"relics":["Ring of the Snake","Blood Vial","Vajra","Singing Bowl","Tiny House","Red Mask","Toxic Egg 2","Lantern","Strawberry","Bronze Scales","Snake Skull","Prayer Wheel","War Paint"],"potions_floor_usage":[56],"damage_taken":[{"damage":1.0,"enemies":"Small Slimes","floor":1.0,"turns":4.0},{"damage":0.0,"enemies":"2 Louse","floor":3.0,"turns":3.0},{"damage":1.0,"enemies":"Jaw Worm","floor":4.0,"turns":2.0},{"damage":0.0,"enemies":"Large Slime","floor":7.0,"turns":5.0},{"damage":4.0,"enemies":"Lagavulin","floor":10.0,"turns":5.0},{"damage":0.0,"enemies":"3 Louse","floor":11.0,"turns":3.0},{"damage":0.0,"enemies":"2 Fungi Beasts","floor":14.0,"turns":2.0},{"damage":21.0,"enemies":"Hexaghost","floor":16.0,"turns":9.0},{"damage":5.0,"enemies":"2 Thieves","floor":18.0,"turns":3.0},{"damage":0.0,"enemies":"Masked Bandits","floor":19.0,"turns":2.0},{"damage":3.0,"enemies":"3 Byrds","floor":20.0,"turns":3.0},{"damage":10.0,"enemies":"Centurion and Healer","floor":22.0,"turns":8.0},{"damage":7.0,"enemies":"Gremlin Leader","floor":23.0,"turns":5.0},{"damage":19.0,"enemies":"Book of Stabbing","floor":25.0,"turns":5.0},{"damage":8.0,"enemies":"Snake Plant","floor":27.0,"turns":4.0},{"damage":1.0,"enemies":"Chosen and Byrds","floor":28.0,"turns":5.0},{"damage":1.0,"enemies":"Centurion and Healer","floor":31.0,"turns":6.0},{"damage":35.0,"enemies":"Collector","floor":33.0,"turns":10.0},{"damage":1.0,"enemies":"Orb Walker","floor":35.0,"turns":4.0},{"damage":2.0,"enemies":"3 Darklings","floor":36.0,"turns":4.0},{"damage":1.0,"enemies":"Transient","floor":38.0,"turns":6.0},{"damage":29.0,"enemies":"Nemesis","floor":47.0,"turns":11.0},{"damage":0.0,"enemies":"Maw","floor":48.0,"turns":7.0},{"damage":65.0,"enemies":"Donu and Deca","floor":50.0,"turns":13.0},{"damage":8.0,"enemies":"Time Eater","floor":51.0,"turns":17.0},{"damage":45.0,"enemies":"Shield and Spear","floor":55.0,"turns":10.0},{"damage":71,"enemies":"The Heart","floor":56,"turns":8}],"seed_played":"5570978761448755628","potions_obtained":[{"floor":1.0,"key":"EssenceOfSteel"},{"floor":4.0,"key":"AttackPotion"},{"floor":7.0,"key":"Energy Potion"},{"floor":14.0,"key":"SteroidPotion"},{"floor":16.0,"key":"SkillPotion"},{"floor":18.0,"key":"Explosive Potion"},{"floor":23.0,"key":"EssenceOfSteel"},{"floor":27.0,"key":"GhostInAJar"}],"is_trial":false,"path_per_floor":["M","?","M","M","?","R","M","R","T","E","M","?","?","M","R","B",null,"M","?","M","$","M","E","R","E","T","M","M","R","?","M","R","B",null,"M","M","$","M","?","R","?","T","T","?","$","R","E","M","R","B","B",null,"R","$","E","B"],"character_chosen":"THE_SILENT","items_purchased":["Toxic Egg 2","Footwork","Deep Breath+1","Footwork","Malaise+1","PowerPotion"],"campfire_rested":3,"item_purchase_floors":[21,21,37,37,45,54],"current_hp_per_floor":[58,51,51,50,30,30,30,30,30,28,30,30,25,27,27,8,59,56,58,57,57,49,44,65,55,55,49,50,50,50,51,51,18,65,68,68,68,71,71,71,71,71,71,71,71,71,44,48,72,9,3,62,82,82,37,0],"gold":41,"neow_bonus":"THREE_CARDS","is_prod":false,"is_daily":false,"chose_seed":false,"campfire_upgraded":6,"win_rate":0,"timestamp":1553530308,"path_taken":["M","?","M","M","?","R","M","R","T","E","?","?","?","M","R","BOSS","M","?","M","$","M","E","R","E","T","M","M","R","?","?","R","BOSS","M","M","$","M","?","R","?","?","T","?","?","R","E","M","R","BOSS","BOSS","R","$","E","BOSS"],"build_version":"2019-01-23","purchased_purges":2,"victory":false,"max_hp_per_floor":[66,66,66,66,66,66,66,66,66,66,66,66,66,66,66,66,73,73,73,73,73,73,73,73,80,80,80,80,80,80,80,80,80,80,82,82,82,84,84,84,80,80,80,80,80,80,80,82,82,82,82,82,82,82,82,82],"card_choices":[{"not_picked":["Dagger Throw","Dagger Spray"],"picked":"Bouncing Flask","floor":0.0},{"not_picked":["Caltrops","Dodge and Roll"],"picked":"Backstab","floor":1.0},{"not_picked":["Underhanded Strike","Dagger Throw"],"picked":"Dagger Spray","floor":3.0},{"not_picked":["Deflect","Blur"],"picked":"Crippling Poison","floor":4.0},{"not_picked":["Deflect","Deadly Poison"],"picked":"Terror","floor":7.0},{"not_picked":["Eviscerate","All Out Attack"],"picked":"Escape Plan","floor":10.0},{"not_picked":["Slice","Bane"],"picked":"Wraith Form v2","floor":11.0},{"not_picked":["Acrobatics","Prepared"],"picked":"Backflip","floor":14.0},{"not_picked":["Night Terror","Phantasmal Killer"],"picked":"Die Die Die","floor":16.0},{"not_picked":["Flechettes","Dagger Throw","Poisoned Stab"],"picked":"Singing Bowl","floor":17.0},{"not_picked":["Reflex","Deadly Poison"],"picked":"Dagger Spray+1","floor":18.0},{"not_picked":["Poisoned Stab","Backstab"],"picked":"Quick Slash+1","floor":19.0},{"not_picked":["Bouncing Flask","Caltrops"],"picked":"Glass Knife","floor":20.0},{"not_picked":["Prepared+1","Backstab+1"],"picked":"Dodge and Roll+1","floor":22.0},{"not_picked":["Backflip+1","Sucker Punch"],"picked":"PiercingWail+1","floor":23.0},{"not_picked":["A Thousand Cuts","Caltrops"],"picked":"Leg Sweep+1","floor":25.0},{"not_picked":["Dagger Spray","Quick Slash"],"picked":"Well Laid Plans","floor":27.0},{"not_picked":["Well Laid Plans","Dagger Spray"],"picked":"Setup+1","floor":28.0},{"not_picked":["Eviscerate","Slice"],"picked":"Prepared+1","floor":31.0},{"not_picked":["Die Die Die","Tools of the Trade"],"picked":"Bullet Time+1","floor":33.0},{"not_picked":["Dagger Throw+1","Prepared+1","Blade Dance+1"],"picked":"Singing Bowl","floor":35.0},{"not_picked":["Blur+1","Masterful Stab+1"],"picked":"Calculated Gamble+1","floor":36.0},{"not_picked":["Flying Knee","Cloak And Dagger+1","Sucker Punch"],"picked":"Singing Bowl","floor":38.0},{"not_picked":["Accuracy","Sucker Punch"],"picked":"Backflip+1","floor":47.0},{"not_picked":["Distraction+1","Phantasmal Killer+1"],"picked":"Acrobatics+1","floor":48.0},{"not_picked":["Cloak And Dagger+1","Sucker Punch","Leg Sweep+1"],"picked":"Singing Bowl","floor":48.0},{"not_picked":["Footwork+1","Sucker Punch"],"picked":"Noxious Fumes","floor":55.0}],"player_experience":4625191,"relics_obtained":[{"floor":9.0,"key":"Blood Vial"},{"floor":10.0,"key":"Vajra"},{"floor":19.0,"key":"Red Mask"},{"floor":23.0,"key":"Lantern"},{"floor":25.0,"key":"Strawberry"},{"floor":26.0,"key":"Bronze Scales"},{"floor":42.0,"key":"Snake Skull"},{"floor":47.0,"key":"Prayer Wheel"},{"floor":55.0,"key":"War Paint"}],"event_choices":[{"cards_removed":["Strike_G"],"damage_healed":0.0,"max_hp_gain":0.0,"max_hp_loss":0.0,"gold_gain":0.0,"event_name":"Golden Wing","player_choice":"Card Removal","floor":2.0,"gold_loss":0.0,"damage_taken":7.0},{"damage_healed":0.0,"max_hp_gain":0.0,"max_hp_loss":0.0,"gold_gain":0.0,"event_name":"Shining Light","player_choice":"Entered Light","floor":5.0,"gold_loss":0.0,"damage_taken":20.0,"cards_upgraded":["Bouncing Flask","Survivor"]},{"cards_removed":["Defend_G"],"damage_healed":0.0,"max_hp_gain":0.0,"max_hp_loss":0.0,"gold_gain":0.0,"event_name":"The Cleric","player_choice":"Card Removal","floor":12.0,"gold_loss":75.0,"damage_taken":0.0},{"damage_healed":0.0,"max_hp_gain":0.0,"max_hp_loss":0.0,"gold_gain":0.0,"event_name":"Scrap Ooze","player_choice":"Success","floor":13.0,"gold_loss":0.0,"damage_taken":5.0,"relics_obtained":["Singing Bowl"]},{"damage_healed":0.0,"max_hp_gain":0.0,"max_hp_loss":0.0,"gold_gain":0.0,"event_name":"Masked Bandits","player_choice":"Fought Bandits","floor":19.0,"gold_loss":0.0,"damage_taken":0.0},{"damage_healed":0.0,"max_hp_gain":0.0,"max_hp_loss":0.0,"gold_gain":0.0,"event_name":"Duplicator","player_choice":"Copied","floor":30.0,"gold_loss":0.0,"damage_taken":0.0,"cards_obtained":["Wraith Form v2"]},{"damage_healed":0.0,"max_hp_gain":0.0,"max_hp_loss":0.0,"gold_gain":222.0,"event_name":"Tomb of Lord Red Mask","player_choice":"Wore Mask","floor":39.0,"gold_loss":0.0,"damage_taken":0.0},{"damage_healed":0.0,"max_hp_gain":0.0,"max_hp_loss":4.0,"gold_gain":0.0,"event_name":"Winding Halls","player_choice":"Max HP","floor":41.0,"gold_loss":0.0,"damage_taken":0.0},{"cards_removed":["Strike_G"],"damage_healed":0.0,"max_hp_gain":0.0,"max_hp_loss":0.0,"gold_gain":0.0,"event_name":"Falling","player_choice":"Removed Attack","floor":44.0,"gold_loss":0.0,"damage_taken":0.0}],"is_beta":false,"boss_relics":[{"not_picked":["Fusion Hammer","Orrery"],"picked":"Tiny House"},{"not_picked":["HoveringKite","Busted Crown","Coffee Dripper"]}],"items_purged_floors":[37,45],"is_endless":false,"potions_floor_spawned":[1,4,7,14,16,18,22,23,27,33,35],"killed_by":"The Heart","ascension_level":20}