{"gold_per_floor":[429,429,429,429,354,354,354,354,354,241,241,241,241,205,205,205,205,205,205,205,205,205,205,205,205,205,205,205,205,205,205,205,205,205,205,205,205,118,118,118,118,118,118,118,118,118,118,54,54,54,54,54,54,17,17,17],"floor_reached":57,"playtime":1292,"items_purged":[],"score":4007,"play_id":"8944422d-ef35-476a-bc05-814e5a3e486b","local_time":"20190626020633","is_ascension_mode":true,"campfire_choices":[{"data":"1","floor":7,"key":"LIFT"},{"data":"2","floor":12,"key":"LIFT"},{"data":"3","floor":15,"key":"LIFT"},{"floor":25,"key":"RECALL"},{"floor":27,"key":"DIG"},{"floor":32,"key":"DIG"},{"floor":40,"key":"DIG"},{"floor":42,"key":"DIG"},{"floor":49,"key":"DIG"},{"floor":53,"key":"DIG"}],"neow_cost":"","seed_source_timestamp":629972050813800,"circlet_count":31,"master_deck":["Mayhem","Magnetism","Sadistic Nature","Panache","The Bomb","Violence","Secret Technique","Metamorphosis","Chrysalis","Apotheosis","Secret Weapon","Master of Strategy","Thinking Ahead","Transmutation","Discovery","Impatience","Trip","PanicButton","Dark Shackles","Madness","Blind","Bandage Up","Deep Breath","Forethought","Enlightenment","Purity","Panacea","Finesse","Good Instincts","Jack Of All Trades","Ghostly","J.A.X.","HandOfGreed","Flash of Steel","Swift Strike","RitualDagger","Bite","Shiv","Neutralize","Slice","Flying Knee","Sucker Punch","Dagger Spray+1","Bane","Dagger Throw","Poisoned Stab","Quick Slash","Underhanded Strike","Skewer","Masterful Stab","Endless Agony","Predator","Finisher","Heel Hook","Flechettes","All Out Attack","Dash","Riddle With Holes","Choke","Eviscerate","Grand Finale+1","Survivor","Glass Knife","Unload","Die Die Die","Prepared","Deflect","Dodge and Roll","PiercingWail","Outmaneuver","Cloak And Dagger","Deadly Poison","Blade Dance","Acrobatics","Backflip","Reflex","Tactician","Concentrate","Escape Plan","Calculated Gamble","Expertise","Blur","Setup+1","Terror","Distraction","Catalyst","Bouncing Flask","Leg Sweep","Crippling Poison","Malaise","Corpse Explosion","Burst","Venomology","Adrenaline","Doppelganger","Phantasmal Killer","Storm of Steel","Night Terror","Bullet Time","Well Laid Plans","Caltrops","Noxious Fumes","Infinite Blades","Accuracy","Footwork","Tools of the Trade","After Image","Envenom","A Thousand Cuts","Wraith Form v2","Sword Boomerang","Anger","Clash","Bash","Wild Strike","Headbutt","Twin Strike","Pommel Strike","Thunderclap","Heavy Blade","Perfected Strike","Cleave","Iron Wave","Body Slam","Clothesline","Whirlwind","Reckless Charge","Dropkick","Rampage","Searing Blow","Carnage","Uppercut","Hemokinesis","Pummel","Sever Soul","Blood for Blood","Feed","Fiend Fire","Reaper","Warcry","Flex","Bludgeon","Immolate","Havoc","Armaments","Shrug It Off","True Grit","Bloodletting","Second Wind+1","Ghostly Armor","Intimidate","Rage","Battle Trance","Sentinel","Disarm","Seeing Red","Burning Pact","Infernal Blade","Shockwave","Entrench","Spot Weakness","Power Through","Dual Wield","Flame Barrier","Offering","Double Tap","Limit Break","Exhume","Feel No Pain","Rupture","Fire Breathing","Evolve","Impervious","Combust","Metallicize","Inflame","Corruption","Berserk","Brutality","Dark Embrace","Juggernaut","Demon Form","Barricade","Loop","Self Repair","Hello World","Storm","Biased Cognition","Machine Learning","Electrodynamics","Buffer","Echo Form","Creative AI","Static Discharge","Heatsinks","Capacitor","Defragment","Rainbow","Multi-Cast","Seek","Reboot","Fission","Amplify","Force Field","Glacier","Consume","Fusion","Undo","Double Energy","Darkness","Chaos","Aggregate","Genetic Algorithm","Auto Shields","Recycle","Skim","White Noise","Steam Power","Reinforced Body","Tempest","Reprogram","Chill","Redo","Stack","Coolheaded","Conserve Battery","Hologram","Zap","Steam","Turbo","Leap","Dualcast","Meteor Strike","Thunder Strike","All For One","Hyperbeam","Melter","Blizzard","Doom and Gloom","Sunder","Core Surge","Rip and Tear","Lockon","Scrape","FTL","Streamline","Sweeping Beam","Rebound","Barrage","Compile Driver","Ball Lightning","Cold Snap","Go for the Eyes","Gash","Beam Cell+1","Finisher+1","Burst+1","Riddle With Holes+1","Dash+1","Eviscerate+1","Masterful Stab+1","Corruption+1","Feel No Pain+1","Regret","Panacea+1","Master of Strategy+1","Regret","Skewer+1","Shame","Riddle With Holes+1","Injury","Sword Boomerang+1","Pain","Meteor Strike+1","Immolate+1","Regret","Bouncing Flask+1","Doppelganger+1","Injury","Injury","Cloak And Dagger+1","Accuracy+1","Backflip+1","Blade Dance+1","Footwork+1","Storm of Steel+1"],"relics":["Ring of the Snake","Ring of the Serpent","Bag of Marbles","Gremlin Horn","Vajra","Old Coin","Singing Bowl","Molten Egg 2","Ninja Scroll","Anchor","DataDisk","Lizard Tail","TwistedFunnel","Dream Catcher","Strawberry","Dodecahedron","Runic Dome","Runic Capacitor","Runic Cube","Runic Pyramid","Lee\u0027s Waffle","Magic Flower","Matryoshka","Dead Branch","Mango","Oddly Smooth Stone","Unceasing Top","Membership Card","Question Card","Mummified Hand","Smiling Mask","Pear","The Courier","Centennial Puzzle","Ring of the Snake","Art of War","Busted Crown","Cracked Core","Omamori","Burning Blood","Red Skull","Shovel","Bird Faced Urn","Ginger","StoneCalendar","Sozu","WristBlade","Kunai","Mercury Hourglass","Turnip","Whetstone","Snecko Eye","Snake Skull","MealTicket","Thread and Needle","Nunchaku","MawBank","War Paint","WingedGreaves","Toxic Egg 2","Brimstone","Strange Spoon","Self Forming Clay","Tiny Chest","Paper Crane","TheAbacus","Bag of Preparation","Tough Bandages","Champion Belt","Bronze Scales","Charon\u0027s Ashes","Calipers","Coffee Dripper","Chemical X","Girya","ClockworkSouvenir","Torii","Inserter","Tingsha","Cables","Pantograph","Pen Nib","Letter Opener","Potion Belt","The Specimen","Shuriken","Blue Candle","PrismaticShard","Blood Vial","White Beast Statue","Sundial","Nuclear Battery","HandDrill","Happy Flower","Incense Burner","Philosopher\u0027s Stone","Regal Pillow","Pocketwatch","Darkstone Periapt","Du-Vu Doll","Cursed Key","Prayer Wheel","Lantern","FossilizedHelix","Paper Frog","Boot","Ornamental Fan","Toy Ornithopter","Sling","Ectoplasm","Orichalcum","OrangePellets","Eternal Feather","Juzu Bracelet","Frozen Egg 2","Frozen Eye","Ice Cream","Emotion Chip","Black Star","Meat on the Bone","Ancient Tea Set","Mark of Pain","PreservedInsect","Toolbox","Symbiotic Virus","Medical Kit","Pandora\u0027s Box","Gambling Chip","Circlet","WristBlade","Sozu","CultistMask"],"potions_floor_usage":[],"damage_taken":[{"damage":0,"enemies":"Small Slimes","floor":1,"turns":1},{"damage":0,"enemies":"3 Sentries","floor":6,"turns":1},{"damage":0,"enemies":"2 Louse","floor":8,"turns":1},{"damage":0,"enemies":"Jaw Worm","floor":11,"turns":1},{"damage":0,"enemies":"Slime Boss","floor":16,"turns":1},{"damage":0,"enemies":"3 Byrds","floor":18,"turns":1},{"damage":0,"enemies":"Colosseum Slavers","floor":19,"turns":1},{"damage":0,"enemies":"Shell Parasite","floor":21,"turns":1},{"damage":0,"enemies":"Gremlin Leader","floor":23,"turns":1},{"damage":0,"enemies":"Sentry and Sphere","floor":24,"turns":1},{"damage":0,"enemies":"Book of Stabbing","floor":28,"turns":1},{"damage":0,"enemies":"3 Cultists","floor":29,"turns":1},{"damage":0,"enemies":"Gremlin Leader","floor":30,"turns":1},{"damage":0,"enemies":"Automaton","floor":33,"turns":2},{"damage":0,"enemies":"Orb Walker","floor":35,"turns":1},{"damage":0,"enemies":"Nemesis","floor":41,"turns":1},{"damage":0,"enemies":"Reptomancer","floor":44,"turns":1},{"damage":0,"enemies":"Giant Head","floor":45,"turns":1},{"damage":0,"enemies":"Reptomancer","floor":47,"turns":1},{"damage":0,"enemies":"Donu and Deca","floor":50,"turns":1},{"damage":0,"enemies":"Time Eater","floor":51,"turns":1},{"damage":0,"enemies":"Shield and Spear","floor":55,"turns":1},{"damage":0,"enemies":"The Heart","floor":56,"turns":5}],"seed_played":"-8691614021018554716","potions_obtained":[],"is_trial":true,"path_per_floor":["M","?","?","T","?","E","R","M","T","$","M","R","?","$","R","B",null,"M","?","?","M","T","E","M","R","T","R","E","M","E","?","R","B",null,"M","?","?","$","T","R","E","R","T","E","E","?","E","$","R","B","B",null,"R","$","E","B",null],"character_chosen":"THE_SILENT","items_purchased":["Panacea+1","Master of Strategy+1","Skewer+1","Bouncing Flask+1","Doppelganger+1","Cloak And Dagger+1","Accuracy+1","Backflip+1","Blade Dance+1","Footwork+1"],"campfire_rested":0,"item_purchase_floors":[10,10,14,38,38,48,48,48,54,54],"current_hp_per_floor":[104,104,86,86,86,100,106,110,116,116,120,120,126,126,126,128,128,132,132,138,140,146,146,150,150,156,156,158,160,162,162,162,162,162,166,172,172,172,178,178,180,180,186,188,190,180,192,192,192,192,192,192,192,192,192,192],"gold":17,"neow_bonus":"","is_prod":false,"is_daily":false,"chose_seed":false,"campfire_upgraded":0,"win_rate":0,"timestamp":1561482393,"path_taken":["M","?","?","?","?","E","R","M","T","$","M","R","?","?","R","BOSS","M","?","?","M","?","E","M","R","T","R","E","M","E","?","R","BOSS","M","?","?","$","?","R","E","R","T","E","E","?","E","?","R","BOSS","BOSS","R","$","E","BOSS"],"build_version":"2019-01-23","purchased_purges":0,"victory":true,"max_hp_per_floor":[104,104,104,104,104,106,106,110,116,116,120,120,126,126,126,128,128,132,132,138,140,146,146,150,150,156,156,158,160,162,162,162,162,162,166,172,172,172,178,178,180,180,186,188,190,190,192,192,192,192,192,192,192,192,192,192],"card_choices":[{"not_picked":["Redo+1"],"picked":"Corruption+1","floor":1},{"not_picked":["Sword Boomerang+1"],"picked":"Feel No Pain+1","floor":1},{"not_picked":["Dagger Spray+1","Dodge and Roll+1"],"picked":"Singing Bowl","floor":6},{"not_picked":["Wild Strike+1","Go for the Eyes+1"],"picked":"Singing Bowl","floor":8},{"not_picked":["Slice+1","Eviscerate+1"],"picked":"Singing Bowl","floor":8},{"not_picked":["Battle Trance+1","Flechettes+1"],"picked":"Singing Bowl","floor":11},{"not_picked":["Blade Dance+1","Clothesline+1"],"picked":"Singing Bowl","floor":11},{"not_picked":["Machine Learning+1","Creative AI+1"],"picked":"Singing Bowl","floor":16},{"not_picked":["Backflip+1","Shrug It Off+1"],"picked":"Singing Bowl","floor":18},{"not_picked":["Bandage Up+1","Dash+1"],"picked":"Singing Bowl","floor":18},{"not_picked":["Go for the Eyes+1","Havoc+1"],"picked":"Singing Bowl","floor":21},{"not_picked":["Headbutt+1"],"picked":"Riddle With Holes+1","floor":21},{"not_picked":["Pummel+1"],"picked":"Sword Boomerang+1","floor":23},{"not_picked":["Cold Snap+1","Anger+1"],"picked":"Singing Bowl","floor":24},{"not_picked":["Blind+1","Wild Strike+1"],"picked":"Singing Bowl","floor":24},{"not_picked":["Quick Slash+1","Turbo+1"],"picked":"Singing Bowl","floor":28},{"not_picked":["Recycle+1","Conserve Battery+1"],"picked":"Singing Bowl","floor":29},{"not_picked":["Glacier+1"],"picked":"Meteor Strike+1","floor":29},{"not_picked":["Quick Slash+1","Poisoned Stab+1"],"picked":"Singing Bowl","floor":30},{"not_picked":["Tools of the Trade+1"],"picked":"Immolate+1","floor":33},{"not_picked":["Sucker Punch+1","Beam Cell+1"],"picked":"Singing Bowl","floor":35},{"not_picked":["Barrage+1","Armaments+1"],"picked":"Singing Bowl","floor":35},{"not_picked":["Steam Power+1","True Grit+1"],"picked":"Singing Bowl","floor":41},{"not_picked":["Ball Lightning+1","Barrage+1"],"picked":"Singing Bowl","floor":44},{"not_picked":["Redo+1","Thunderclap+1"],"picked":"Singing Bowl","floor":45},{"not_picked":["Venomology+1","Beam Cell+1"],"picked":"Singing Bowl","floor":47},{"not_picked":["Warcry+1"],"picked":"Storm of Steel+1","floor":55}],"player_experience":5491983,"relics_obtained":[{"floor":6,"key":"Circlet"},{"floor":6,"key":"Circlet"},{"floor":9,"key":"Circlet"},{"floor":9,"key":"Circlet"},{"floor":22,"key":"Circlet"},{"floor":23,"key":"Circlet"},{"floor":23,"key":"Circlet"},{"floor":26,"key":"Circlet"},{"floor":27,"key":"Circlet"},{"floor":28,"key":"Circlet"},{"floor":28,"key":"Circlet"},{"floor":30,"key":"Circlet"},{"floor":30,"key":"Circlet"},{"floor":32,"key":"Circlet"},{"floor":39,"key":"Circlet"},{"floor":40,"key":"Circlet"},{"floor":41,"key":"Circlet"},{"floor":41,"key":"Circlet"},{"floor":42,"key":"Circlet"},{"floor":43,"key":"Circlet"},{"floor":44,"key":"Circlet"},{"floor":44,"key":"Circlet"},{"floor":45,"key":"Circlet"},{"floor":45,"key":"Circlet"},{"floor":47,"key":"Circlet"},{"floor":47,"key":"Circlet"},{"floor":49,"key":"Circlet"},{"floor":53,"key":"Circlet"},{"floor":55,"key":"Circlet"},{"floor":55,"key":"Circlet"}],"event_choices":[{"damage_healed":0,"gold_gain":150,"player_choice":"AGREE","damage_taken":0,"max_hp_gain":0,"max_hp_loss":0,"event_name":"Liars Game","floor":2,"gold_loss":0,"cards_obtained":["Doubt"]},{"damage_healed":0,"gold_gain":0,"player_choice":"Success","damage_taken":18,"relics_obtained":["Gambling Chip"],"max_hp_gain":0,"max_hp_loss":0,"event_name":"Scrap Ooze","floor":3,"gold_loss":0},{"cards_removed":["BootSequence"],"damage_healed":0,"gold_gain":0,"player_choice":"Card Removal","damage_taken":0,"max_hp_gain":0,"max_hp_loss":0,"event_name":"The Cleric","floor":5,"gold_loss":75},{"damage_healed":0,"gold_gain":275,"player_choice":"Desecrate","damage_taken":0,"max_hp_gain":0,"max_hp_loss":0,"event_name":"Golden Shrine","floor":13,"gold_loss":0,"cards_obtained":["Regret"]},{"damage_healed":0,"gold_gain":0,"player_choice":"Fight","damage_taken":0,"max_hp_gain":0,"max_hp_loss":0,"event_name":"Colosseum","floor":19,"gold_loss":0},{"damage_healed":0,"gold_gain":0,"player_choice":"Fled From Nobs","damage_taken":0,"max_hp_gain":0,"max_hp_loss":0,"event_name":"Colosseum","floor":19,"gold_loss":0},{"damage_healed":0,"gold_gain":0,"player_choice":"Stole Relic","damage_taken":0,"relics_obtained":["Circlet"],"max_hp_gain":0,"max_hp_loss":0,"event_name":"Addict","floor":20,"gold_loss":0,"cards_obtained":["Shame"]},{"damage_healed":0,"gold_gain":0,"player_choice":"Ignored","damage_taken":0,"max_hp_gain":0,"max_hp_loss":0,"event_name":"Ghosts","floor":31,"gold_loss":0},{"damage_healed":0,"gold_gain":275,"player_choice":"Desecrate","damage_taken":0,"max_hp_gain":0,"max_hp_loss":0,"event_name":"Golden Shrine","floor":36,"gold_loss":0,"cards_obtained":["Regret"]},{"damage_healed":0,"gold_gain":0,"player_choice":"Trade","damage_taken":0,"relics_obtained":["CultistMask"],"max_hp_gain":0,"max_hp_loss":0,"event_name":"FaceTrader","floor":37,"gold_loss":0},{"damage_healed":0,"gold_gain":0,"player_choice":"Bought 0 Potions","damage_taken":0,"max_hp_gain":0,"max_hp_loss":0,"event_name":"The Woman in Blue","floor":46,"gold_loss":0}],"is_beta":false,"boss_relics":[{"not_picked":["Busted Crown","Cursed Key"],"picked":"WristBlade"},{"not_picked":["Coffee Dripper","Philosopher\u0027s Stone"],"picked":"Sozu"}],"items_purged_floors":[],"is_endless":false,"potions_floor_spawned":[1,6,8,11,16,18,19,21,23,24,28,29,33,35,41,44,45,47,55],"ascension_level":20}