{"gold_per_floor":[114,125,141,141,154,154,174,205,205,223,193,193,41,54,54,130,130,142,173,88,88,88],"floor_reached":22,"playtime":760,"items_purged":[],"score":558,"play_id":"23dcb945-8f5b-4339-8e79-12f8bf731535","local_time":"20190719152116","is_ascension_mode":true,"campfire_choices":[{"floor":6,"key":"REST"},{"data":"Bash","floor":12,"key":"SMITH"},{"floor":15,"key":"REST"}],"neow_cost":"","seed_source_timestamp":2424109596632442,"circlet_count":0,"master_deck":["AscendersBane","Strike_R","Strike_R","Strike_R","Strike_R","Strike_R","Defend_R","Defend_R","Defend_R","Defend_R","Bash+1","Reaper","Transmutation","Twin Strike","Pommel Strike","Inflame","Battle Trance","Perfected Strike","Berserk+1","Shrug It Off","Double Tap","Intimidate","Whirlwind"],"relics":["Burning Blood","Matryoshka","Mummified Hand","Frozen Egg 2","Bag of Marbles","Sundial","Philosopher\u0027s Stone","Red Mask","Toxic Egg 2"],"potions_floor_usage":[5,8,16,16,16,16,19,22],"damage_taken":[{"damage":9,"enemies":"Jaw Worm","floor":1,"turns":5},{"damage":7,"enemies":"Cultist","floor":2,"turns":4},{"damage":13,"enemies":"Small Slimes","floor":3,"turns":4},{"damage":18,"enemies":"Red Slaver","floor":5,"turns":4},{"damage":13,"enemies":"2 Fungi Beasts","floor":7,"turns":3},{"damage":40,"enemies":"3 Sentries","floor":8,"turns":9},{"damage":16,"enemies":"Large Slime","floor":10,"turns":4},{"damage":22,"enemies":"Looter","floor":14,"turns":3},{"damage":32,"enemies":"Slime Boss","floor":16,"turns":8},{"damage":51,"enemies":"3 Byrds","floor":18,"turns":6},{"damage":41,"enemies":"Masked Bandits","floor":19,"turns":4},{"damage":9,"enemies":"Spheric Guardian","floor":22,"turns":2}],"seed_played":"456554753220949871","potions_obtained":[{"floor":2,"key":"Block Potion"},{"floor":3,"key":"Ancient Potion"},{"floor":7,"key":"SkillPotion"},{"floor":11,"key":"EntropicBrew"},{"floor":16,"key":"SpeedPotion"},{"floor":19,"key":"Poison Potion"}],"is_trial":false,"path_per_floor":["M","M","M","?","M","R","M","E","T","M","?","R","$","M","R","B",null,"M","?","?","?","M"],"character_chosen":"IRONCLAD","items_purchased":["Matryoshka","Reaper","Strength Potion","Berserk+1"],"campfire_rested":2,"item_purchase_floors":[0,0,0,13],"current_hp_per_floor":[45,48,41,41,33,55,54,54,54,44,44,44,44,34,56,30,64,28,9,9,9,0],"gold":88,"neow_bonus":"","is_prod":false,"is_daily":false,"chose_seed":false,"campfire_upgraded":1,"win_rate":0,"timestamp":1563542476,"path_taken":["M","M","M","?","M","R","?","E","T","M","?","R","$","?","R","BOSS","M","?","?","?","M"],"build_version":"2019-07-17","purchased_purges":0,"victory":false,"max_hp_per_floor":[75,75,75,75,75,75,75,75,75,75,75,75,75,75,75,75,75,75,75,75,75,75],"card_choices":[{"not_picked":["Dropkick","Sword Boomerang"],"picked":"Twin Strike","floor":1},{"not_picked":["Thunderclap","Flex"],"picked":"Pommel Strike","floor":2},{"not_picked":["Burning Pact","Warcry"],"picked":"Cleave","floor":3},{"not_picked":["Ghostly Armor","Reckless Charge"],"picked":"Inflame","floor":5},{"not_picked":["Evolve","Bloodletting"],"picked":"Battle Trance","floor":7},{"not_picked":["Burning Pact","Heavy Blade","Searing Blow"],"picked":"SKIP","floor":8},{"not_picked":["Carnage","Sever Soul"],"picked":"Perfected Strike","floor":10},{"not_picked":["Thunderclap","Iron Wave"],"picked":"Shrug It Off","floor":14},{"not_picked":["Berserk+1","Juggernaut+1"],"picked":"Double Tap","floor":16},{"not_picked":["Sword Boomerang","Bloodletting"],"picked":"Intimidate","floor":18},{"not_picked":["Thunderclap","Seeing Red"],"picked":"Whirlwind","floor":19}],"player_experience":468757,"relics_obtained":[{"floor":8,"key":"Frozen Egg 2"},{"floor":9,"key":"Bag of Marbles"},{"floor":9,"key":"Sundial"},{"floor":19,"key":"Red Mask"}],"event_choices":[{"cards_removed":["Cleave"],"damage_healed":0,"gold_gain":0,"player_choice":"Gave Card","damage_taken":0,"relics_obtained":["Mummified Hand"],"max_hp_gain":0,"max_hp_loss":0,"event_name":"WeMeetAgain","floor":4,"gold_loss":0},{"damage_healed":0,"gold_gain":0,"player_choice":"Bought 2 Potions","damage_taken":0,"max_hp_gain":0,"max_hp_loss":0,"event_name":"The Woman in Blue","floor":11,"gold_loss":0},{"damage_healed":0,"gold_gain":0,"player_choice":"Fought Bandits","damage_taken":0,"max_hp_gain":0,"max_hp_loss":0,"event_name":"Masked Bandits","floor":19,"gold_loss":0},{"damage_healed":0,"gold_gain":0,"player_choice":"Obtained Relic","damage_taken":0,"relics_obtained":["Toxic Egg 2"],"max_hp_gain":0,"max_hp_loss":0,"event_name":"Addict","floor":20,"gold_loss":85},{"damage_healed":0,"gold_gain":0,"player_choice":"Ignored","damage_taken":0,"max_hp_gain":0,"max_hp_loss":0,"event_name":"Vampires","floor":21,"gold_loss":0}],"is_beta":false,"boss_relics":[{"not_picked":["Black Star","Runic Dome"],"picked":"Philosopher\u0027s Stone"}],"items_purged_floors":[],"is_endless":false,"potions_floor_spawned":[2,3,7,16,19],"killed_by":"Spheric Guardian","ascension_level":19}