{"gold_per_floor":[117,117,117,135,156,192,192,225,279,319,17,17,40,71,71,160,160,176,192,192,206,226,226,226,240,540,540,24,38,57,76,76,169,169,190,190,523,549,565,565,577,611,634,634,112,112,132,152,152,152,152],"floor_reached":51,"playtime":2373,"items_purged":["Strike_G","Strike_G"],"score":1518,"play_id":"765e9fed-db57-4f75-a69d-1403bda4624c","local_time":"20190528013214","is_ascension_mode":true,"campfire_choices":[{"data":"Slice","floor":7,"key":"SMITH"},{"data":"Crippling Poison","floor":12,"key":"SMITH"},{"data":"Well Laid Plans","floor":15,"key":"SMITH"},{"floor":23,"key":"REST"},{"floor":27,"key":"REST"},{"data":"Catalyst","floor":32,"key":"SMITH"},{"floor":40,"key":"REST"},{"floor":44,"key":"REST"},{"data":"Wraith Form v2","floor":46,"key":"SMITH"},{"floor":49,"key":"RECALL"}],"neow_cost":"TEN_PERCENT_HP_LOSS","seed_source_timestamp":98615197724900,"circlet_count":0,"master_deck":["AscendersBane","Defend_G","Defend_G","Defend_G","Defend_G","Strike_G","Strike_G","Survivor","Neutralize","Die Die Die+1","Calculated Gamble","Slice+1","Masterful Stab","Riddle With Holes","Deflect","Crippling Poison+1","Well Laid Plans+1","Dodge and Roll","Blur","Wraith Form v2+1","Bouncing Flask","Catalyst+1","PiercingWail","Backflip","After Image","Dagger Spray","Footwork","Dash","Noxious Fumes","Outmaneuver+1","Well Laid Plans+1","Backflip+1","Flying Knee+1","Force Field","PiercingWail+1","Carnage+1","Dodge and Roll+1"],"relics":["Ring of the Snake","Snake Skull","Boot","Tiny Chest","Potion Belt","Toy Ornithopter","Prayer Wheel","Snecko Eye","FaceOfCleric","Old Coin","Art of War","HoveringKite","Happy Flower","Meat on the Bone","PrismaticShard"],"potions_floor_usage":[6,8,16,18,21,31,33,41,41,47,47,50,50,50,51],"damage_taken":[{"damage":0,"enemies":"Small Slimes","floor":1,"turns":3},{"damage":0,"enemies":"Jaw Worm","floor":4,"turns":5},{"damage":1,"enemies":"Cultist","floor":5,"turns":3},{"damage":2,"enemies":"3 Sentries","floor":6,"turns":4},{"damage":0,"enemies":"Gremlin Nob","floor":8,"turns":2},{"damage":0,"enemies":"3 Sentries","floor":10,"turns":5},{"damage":2,"enemies":"3 Louse","floor":13,"turns":3},{"damage":4,"enemies":"Gremlin Nob","floor":14,"turns":3},{"damage":18,"enemies":"The Guardian","floor":16,"turns":15},{"damage":10,"enemies":"Shell Parasite","floor":18,"turns":4},{"damage":22,"enemies":"3 Byrds","floor":19,"turns":4},{"damage":17,"enemies":"Cultist and Chosen","floor":21,"turns":5},{"damage":0,"enemies":"Snecko","floor":22,"turns":5},{"damage":0,"enemies":"Chosen and Byrds","floor":25,"turns":2},{"damage":0,"enemies":"3 Cultists","floor":29,"turns":4},{"damage":3,"enemies":"Snake Plant","floor":30,"turns":4},{"damage":0,"enemies":"Centurion and Healer","floor":31,"turns":5},{"damage":1,"enemies":"Champ","floor":33,"turns":10},{"damage":3,"enemies":"3 Shapes","floor":35,"turns":3},{"damage":30,"enemies":"Orb Walker","floor":39,"turns":5},{"damage":14,"enemies":"Transient","floor":41,"turns":6},{"damage":40,"enemies":"Giant Head","floor":42,"turns":9},{"damage":16,"enemies":"Maw","floor":47,"turns":6},{"damage":21,"enemies":"Spire Growth","floor":48,"turns":5},{"damage":44,"enemies":"Donu and Deca","floor":50,"turns":13},{"damage":31,"enemies":"Time Eater","floor":51,"turns":11}],"seed_played":"8186815547107226187","potions_obtained":[{"floor":1,"key":"Fire Potion"},{"floor":4,"key":"Fire Potion"},{"floor":8,"key":"SteroidPotion"},{"floor":10,"key":"Weak Potion"},{"floor":19,"key":"Fire Potion"},{"floor":25,"key":"LiquidBronze"},{"floor":29,"key":"Energy Potion"},{"floor":33,"key":"SkillPotion"},{"floor":47,"key":"Regen Potion"},{"floor":48,"key":"PowerPotion"}],"is_trial":false,"path_per_floor":["M","?","?","M","M","E","R","E","T","E","$","R","M","E","R","B",null,"M","M","?","M","M","R","?","M","T","R","$","M","M","M","R","B",null,"M","?","?","T","M","R","M","E","T","R","$","R","M","M","R","B","B"],"character_chosen":"THE_SILENT","items_purchased":["Toy Ornithopter","Well Laid Plans","Art of War","Phantasmal Killer","Strength Potion","Weak Potion","Regen Potion","PrismaticShard","Energy Potion","Strength Potion"],"campfire_rested":4,"item_purchase_floors":[11,11,28,28,28,28,45,45,45,45],"current_hp_per_floor":[59,59,54,54,53,51,51,51,51,51,51,51,49,45,45,32,49,44,22,22,11,12,28,28,29,29,46,46,47,45,51,51,56,60,58,58,58,58,29,47,44,5,5,24,24,24,34,26,26,25,0],"gold":152,"neow_bonus":"THREE_RARE_CARDS","is_prod":false,"is_daily":false,"chose_seed":false,"campfire_upgraded":5,"win_rate":0,"timestamp":1558974734,"path_taken":["M","?","?","M","M","E","R","E","T","E","?","R","M","E","R","BOSS","M","M","?","M","?","R","?","M","T","R","?","M","?","M","R","BOSS","M","?","?","?","M","R","M","E","T","R","?","R","?","M","R","BOSS","BOSS"],"build_version":"2019-01-23","purchased_purges":2,"victory":false,"max_hp_per_floor":[60,60,54,54,54,54,54,54,54,54,54,54,54,54,54,54,54,54,54,54,55,56,56,56,57,57,57,57,58,59,60,60,61,61,62,62,62,62,63,63,64,65,65,65,65,65,66,67,67,68,68],"card_choices":[{"not_picked":["A Thousand Cuts","After Image"],"picked":"Die Die Die","floor":0},{"not_picked":["Flechettes","Expertise"],"picked":"Calculated Gamble","floor":1},{"not_picked":["Concentrate","Prepared"],"picked":"Slice","floor":4},{"not_picked":["Eviscerate","Finisher"],"picked":"Masterful Stab","floor":5},{"not_picked":["Footwork","Sucker Punch"],"picked":"Riddle With Holes","floor":6},{"not_picked":["Bane","Catalyst"],"picked":"Deflect","floor":8},{"not_picked":["Expertise","Blur"],"picked":"Crippling Poison","floor":10},{"not_picked":["Cloak And Dagger","Caltrops"],"picked":"Dodge and Roll","floor":13},{"not_picked":["All Out Attack","Cloak And Dagger"],"picked":"Blur","floor":14},{"not_picked":["Storm of Steel","Glass Knife"],"picked":"Wraith Form v2","floor":16},{"not_picked":["Outmaneuver","Sucker Punch+1","Expertise+1"],"picked":"SKIP","floor":18},{"not_picked":["Prepared","Deflect","Slice"],"picked":"SKIP","floor":18},{"not_picked":["Flying Knee","Prepared"],"picked":"Bouncing Flask","floor":19},{"not_picked":["Dodge and Roll","Unload"],"picked":"Catalyst","floor":19},{"not_picked":["Deflect","Acrobatics"],"picked":"PiercingWail","floor":21},{"not_picked":["Blade Dance","Doppelganger"],"picked":"Backflip","floor":21},{"not_picked":["Expertise","Dagger Spray","Setup"],"picked":"SKIP","floor":22},{"not_picked":["Underhanded Strike","Deadly Poison","Reflex"],"picked":"SKIP","floor":22},{"not_picked":["Setup","Slice","Outmaneuver"],"picked":"SKIP","floor":25},{"not_picked":["Deadly Poison","Slice","Prepared+1"],"picked":"SKIP","floor":25},{"not_picked":["Flying Knee","Setup"],"picked":"Footwork","floor":29},{"not_picked":["Phantasmal Killer","Slice","Dagger Spray"],"picked":"SKIP","floor":29},{"not_picked":["Calculated Gamble","Backflip"],"picked":"Dash","floor":30},{"not_picked":["Dagger Throw","Cloak And Dagger","Blade Dance"],"picked":"SKIP","floor":30},{"not_picked":["Backflip","Slice"],"picked":"Noxious Fumes","floor":31},{"not_picked":["Distraction","Phantasmal Killer"],"picked":"Outmaneuver+1","floor":31},{"not_picked":["Deflect+1","Quick Slash"],"picked":"Well Laid Plans+1","floor":35},{"not_picked":["Blade Dance+1","Dagger Spray","Flechettes+1"],"picked":"SKIP","floor":35},{"not_picked":["Flechettes","Blade Dance","Dagger Spray"],"picked":"SKIP","floor":39},{"not_picked":["Tactician","Flying Knee","Dagger Throw"],"picked":"SKIP","floor":39},{"not_picked":["Acrobatics+1","Blur"],"picked":"Backflip+1","floor":41},{"not_picked":["Slice","PiercingWail"],"picked":"Flying Knee+1","floor":41},{"not_picked":["Deflect+1","Phantasmal Killer","Dagger Throw+1"],"picked":"SKIP","floor":42},{"not_picked":["Dagger Spray","Terror"],"picked":"Force Field","floor":47},{"not_picked":["Quick Slash","Purity"],"picked":"PiercingWail+1","floor":47},{"not_picked":["Inflame","Iron Wave"],"picked":"Carnage+1","floor":48},{"not_picked":["Twin Strike","Dodge and Roll+1","Tools of the Trade"],"picked":"SKIP","floor":48},{"not_picked":["Twin Strike","Tools of the Trade"],"picked":"Dodge and Roll+1","floor":48}],"player_experience":5174422,"relics_obtained":[{"floor":6,"key":"Snake Skull"},{"floor":8,"key":"Boot"},{"floor":9,"key":"Tiny Chest"},{"floor":10,"key":"Potion Belt"},{"floor":14,"key":"Prayer Wheel"},{"floor":26,"key":"Old Coin"},{"floor":38,"key":"Happy Flower"},{"floor":42,"key":"Meat on the Bone"}],"event_choices":[{"damage_healed":0,"gold_gain":0,"player_choice":"Grow","damage_taken":0,"max_hp_gain":0,"max_hp_loss":0,"event_name":"Living Wall","floor":2,"gold_loss":0,"cards_upgraded":["Die Die Die"]},{"damage_healed":0,"gold_gain":0,"player_choice":"Lose Max HP","damage_taken":0,"relics_obtained":["Golden Idol"],"max_hp_gain":0,"max_hp_loss":6,"event_name":"Golden Idol","floor":3,"gold_loss":0},{"damage_healed":0,"gold_gain":0,"player_choice":"Trade","damage_taken":0,"relics_obtained":["FaceOfCleric"],"max_hp_gain":0,"max_hp_loss":0,"event_name":"FaceTrader","floor":20,"gold_loss":0},{"damage_healed":0,"gold_gain":0,"cards_transformed":["Defend_G","Strike_G"],"player_choice":"Became Test Subject","damage_taken":0,"max_hp_gain":0,"max_hp_loss":0,"event_name":"Drug Dealer","floor":24,"gold_loss":0,"cards_obtained":["After Image","Dagger Spray"]},{"cards_removed":["Phantasmal Killer"],"damage_healed":0,"gold_gain":0,"player_choice":"Removed Skill","damage_taken":0,"max_hp_gain":0,"max_hp_loss":0,"event_name":"Falling","floor":36,"gold_loss":0},{"damage_healed":0,"gold_gain":333,"player_choice":"Gave Idol","damage_taken":0,"max_hp_gain":0,"max_hp_loss":0,"event_name":"The Moai Head","floor":37,"relics_lost":["Golden Idol"],"gold_loss":0}],"is_beta":false,"boss_relics":[{"not_picked":["Black Star","Philosopher\u0027s Stone"],"picked":"Snecko Eye"},{"not_picked":["Pandora\u0027s Box","Lizard Tail"],"picked":"HoveringKite"}],"items_purged_floors":[28,45],"is_endless":false,"potions_floor_spawned":[1,4,8,10,19,25,29,33,47,48],"killed_by":"Time Eater","ascension_level":20}