{"gold_per_floor":[14,24,42,54,69,99,99,133,133,133,152,164,191,191,191,191],"floor_reached":16,"playtime":448,"items_purged":[],"score":248,"play_id":"3944fa79-2cc7-4029-8df6-2322c243f47a","local_time":"20190419021329","is_ascension_mode":true,"campfire_choices":[{"data":"Choke","floor":7.0,"key":"SMITH"},{"floor":10,"key":"REST"},{"data":"Setup","floor":15,"key":"SMITH"}],"neow_cost":"NO_GOLD","seed_source_timestamp":180175086884000,"circlet_count":0,"master_deck":["AscendersBane","Defend_G","Defend_G","Defend_G","Defend_G","Strike_G","Strike_G","Strike_G","Strike_G","Survivor","Neutralize","Choke+1","Dagger Spray","Backstab","Calculated Gamble","Dagger Throw","Setup+1","PiercingWail","Escape Plan","Parasite"],"special_seed":0,"relics":["Ring of the Snake","Juzu Bracelet","Incense Burner","Matryoshka","Shuriken"],"potions_floor_usage":[8,11,13,16,16],"damage_taken":[{"damage":0.0,"enemies":"2 Louse","floor":1.0,"turns":3.0},{"damage":7.0,"enemies":"Small Slimes","floor":2.0,"turns":3.0},{"damage":1.0,"enemies":"Cultist","floor":3.0,"turns":3.0},{"damage":1.0,"enemies":"Red Slaver","floor":4.0,"turns":5.0},{"damage":7.0,"enemies":"2 Fungi Beasts","floor":5.0,"turns":3.0},{"damage":20.0,"enemies":"3 Sentries","floor":6.0,"turns":8.0},{"damage":20,"enemies":"Gremlin Nob","floor":8,"turns":4},{"damage":12,"enemies":"Gremlin Gang","floor":11,"turns":4},{"damage":0,"enemies":"Exordium Wildlife","floor":12,"turns":5},{"damage":6,"enemies":"Lagavulin","floor":13,"turns":5},{"damage":36,"enemies":"The Guardian","floor":16,"turns":12}],"seed_played":"7310905757841362393","potions_obtained":[{"floor":2.0,"key":"SteroidPotion"},{"floor":3.0,"key":"Block Potion"},{"floor":8,"key":"AttackPotion"},{"floor":11,"key":"PowerPotion"},{"floor":12,"key":"SpeedPotion"},{"floor":13,"key":"Weak Potion"}],"is_trial":false,"path_per_floor":["M","M","M","M","M","E","R","E","T","R","M","M","E","?","R","B"],"character_chosen":"THE_SILENT","items_purchased":[],"campfire_rested":1,"item_purchase_floors":[],"current_hp_per_floor":[59,52,51,50,43,23,23,3,3,22,10,10,4,20,20,0],"gold":191,"neow_bonus":"REMOVE_TWO","is_prod":false,"is_daily":false,"chose_seed":false,"campfire_upgraded":2,"win_rate":0,"timestamp":1555607609,"path_taken":["M","M","M","M","M","E","R","E","T","R","M","M","E","?","R","BOSS"],"build_version":"2019-01-23","purchased_purges":0,"victory":false,"max_hp_per_floor":[66,66,66,66,66,66,66,66,66,66,66,66,66,66,66,66],"card_choices":[{"not_picked":["Dagger Spray","Deflect"],"picked":"Choke","floor":1.0},{"not_picked":["Poisoned Stab","PiercingWail"],"picked":"Dagger Spray","floor":2.0},{"not_picked":["Outmaneuver","Bane"],"picked":"Backstab","floor":3.0},{"not_picked":["Underhanded Strike","Dagger Throw"],"picked":"Calculated Gamble","floor":4.0},{"not_picked":["Burst","Deadly Poison"],"picked":"Dagger Throw","floor":5.0},{"not_picked":["Tools of the Trade","Dash"],"picked":"Setup","floor":6.0},{"not_picked":["Bane","Predator","Heel Hook"],"picked":"SKIP","floor":8},{"not_picked":["Dagger Throw","Acrobatics"],"picked":"PiercingWail","floor":11},{"not_picked":["Sucker Punch","Slice","Bane"],"picked":"SKIP","floor":12},{"not_picked":["Noxious Fumes","Choke"],"picked":"Escape Plan","floor":13}],"player_experience":4839930,"relics_obtained":[{"floor":6.0,"key":"Juzu Bracelet"},{"floor":8,"key":"Incense Burner"},{"floor":9,"key":"Matryoshka"},{"floor":13,"key":"Shuriken"}],"event_choices":[{"damage_healed":16,"gold_gain":0,"player_choice":"Healed and dodged fight","damage_taken":0,"max_hp_gain":0,"max_hp_loss":0,"event_name":"Mushrooms","floor":14,"gold_loss":0,"cards_obtained":["Parasite"]}],"is_beta":false,"boss_relics":[],"items_purged_floors":[],"is_endless":false,"potions_floor_spawned":[2,3,8,11,12,13],"killed_by":"The Guardian","ascension_level":20}