{"gold_per_floor":[16,91,91,91,109,144,154,154,154,186,114,125,48,60,60,162,212,224,224,238,238,251,251,270,270,270,280,296,296],"floor_reached":29,"playtime":1573,"items_purged":[],"score":311,"play_id":"3f7e3e85-7b4e-472e-9c79-b25061146c16","local_time":"20190307210252","is_ascension_mode":true,"campfire_choices":[{"floor":8,"key":"REST"},{"floor":15,"key":"REST"},{"data":"Feed","floor":23,"key":"SMITH"},{"data":"Metallicize","floor":25,"key":"SMITH"}],"neow_cost":"NO_GOLD","seed_source_timestamp":13989101677714,"circlet_count":0,"master_deck":["Strike_R","Strike_R","Strike_R+1","Strike_R","Strike_R","Defend_R+1","Defend_R+1","Defend_R","Defend_R","Bash","Clothesline","Iron Wave","Brutality","Ghostly Armor","Rupture","Metallicize+1","Shockwave","Immolate","Feed+1","Shrug It Off","Seeing Red","Inflame+1","Bloodletting+1","Cleave"],"relics":["Burning Blood","Dodecahedron","Bird Faced Urn","Champion Belt","Tiny House","Bottled Flame"],"potions_floor_usage":[6,24,27,29,29],"damage_taken":[{"damage":15,"enemies":"2 Louse","floor":1,"turns":4},{"damage":14,"enemies":"Jaw Worm","floor":5,"turns":3},{"damage":34,"enemies":"Lagavulin","floor":6,"turns":8},{"damage":8,"enemies":"Small Slimes","floor":7,"turns":4},{"damage":39,"enemies":"3 Sentries","floor":10,"turns":10},{"damage":4,"enemies":"Blue Slaver","floor":12,"turns":4},{"damage":5,"enemies":"Exordium Wildlife","floor":14,"turns":4},{"damage":48,"enemies":"The Guardian","floor":16,"turns":11},{"damage":24,"enemies":"Spheric Guardian","floor":18,"turns":6},{"damage":15,"enemies":"Chosen","floor":20,"turns":6},{"damage":32,"enemies":"Centurion and Healer","floor":22,"turns":10},{"damage":27,"enemies":"Snake Plant","floor":24,"turns":5},{"damage":36,"enemies":"3 Cultists","floor":27,"turns":5},{"damage":25,"enemies":"Centurion and Healer","floor":28,"turns":5},{"damage":50,"enemies":"Sentry and Sphere","floor":29,"turns":7}],"seed_played":"9201849836443185691","potions_obtained":[{"floor":5,"key":"Regen Potion"},{"floor":7,"key":"Dexterity Potion"},{"floor":10,"key":"Strength Potion"},{"floor":12,"key":"Strength Potion"},{"floor":14,"key":"SkillPotion"},{"floor":17,"key":"EssenceOfSteel"},{"floor":22,"key":"Weak Potion"},{"floor":27,"key":"SpeedPotion"},{"floor":28,"key":"SteroidPotion"}],"is_trial":false,"path_per_floor":["M","?","?","?","M","E","M","R","T","E","$","M","$","M","R","B",null,"M","?","M","?","M","R","M","R","T","M","M","M"],"character_chosen":"IRONCLAD","items_purchased":["Rupture","Shockwave"],"campfire_rested":2,"item_purchase_floors":[11,13],"current_hp_per_floor":[87,76,57,62,54,41,39,69,69,38,38,40,40,41,71,35,106,88,106,97,97,80,80,67,67,67,49,42,0],"gold":296,"neow_bonus":"TWENTY_PERCENT_HP_BONUS","is_prod":false,"is_daily":false,"chose_seed":false,"campfire_upgraded":2,"win_rate":0,"timestamp":1552010572,"path_taken":["M","?","?","?","M","E","M","R","T","E","?","?","$","M","R","BOSS","M","?","?","?","M","R","M","R","T","M","?","M"],"build_version":"2019-01-23","purchased_purges":0,"victory":false,"max_hp_per_floor":[96,96,96,101,101,101,101,101,101,101,101,101,101,101,101,101,106,106,106,106,106,109,109,113,113,113,117,121,121],"card_choices":[{"not_picked":["Twin Strike","Anger"],"picked":"Clothesline","floor":1},{"not_picked":["Body Slam","Pummel"],"picked":"Iron Wave","floor":5},{"not_picked":["Pummel","Warcry"],"picked":"Brutality","floor":6},{"not_picked":["Twin Strike","Clothesline"],"picked":"Ghostly Armor","floor":7},{"not_picked":["Rampage","Sword Boomerang","Combust"],"picked":"SKIP","floor":10},{"not_picked":["Clothesline","Pommel Strike"],"picked":"Metallicize","floor":12},{"not_picked":["Power Through","Shrug It Off"],"picked":"Immolate","floor":14},{"not_picked":["Double Tap","Impervious"],"picked":"Feed","floor":16},{"not_picked":["Entrench","Sever Soul"],"picked":"Shrug It Off","floor":17},{"not_picked":["Sword Boomerang","Evolve"],"picked":"Dual Wield+1","floor":18},{"not_picked":["Combust","Corruption"],"picked":"Seeing Red","floor":20},{"not_picked":["Clash","Intimidate"],"picked":"Inflame+1","floor":22},{"not_picked":["Second Wind","Thunderclap+1"],"picked":"Bloodletting+1","floor":24},{"not_picked":["Fire Breathing","Uppercut"],"picked":"Cleave","floor":27},{"not_picked":["Shrug It Off","Sentinel","Brutality"],"picked":"SKIP","floor":28}],"player_experience":104249,"relics_obtained":[{"floor":6,"key":"Dodecahedron"},{"floor":9,"key":"Bird Faced Urn"},{"floor":10,"key":"Champion Belt"},{"floor":26,"key":"Bottled Flame"}],"event_choices":[{"damage_healed":0,"gold_gain":75,"player_choice":"Gather Gold","damage_taken":11,"max_hp_gain":0,"max_hp_loss":0,"event_name":"World of Goop","floor":2,"gold_loss":0},{"damage_healed":0,"gold_gain":0,"player_choice":"Entered Light","damage_taken":19,"max_hp_gain":0,"max_hp_loss":0,"event_name":"Shining Light","floor":3,"gold_loss":0,"cards_upgraded":["Strike_R","Defend_R"]},{"damage_healed":0,"gold_gain":0,"player_choice":"Donut","damage_taken":0,"max_hp_gain":5,"max_hp_loss":0,"event_name":"Big Fish","floor":4,"gold_loss":0},{"cards_removed":["Dual Wield"],"damage_healed":18,"gold_gain":0,"player_choice":"Offered Uncommon","damage_taken":0,"max_hp_gain":0,"max_hp_loss":0,"event_name":"Bonfire Elementals","floor":19,"gold_loss":0},{"damage_healed":0,"gold_gain":0,"player_choice":"Bought 0 Potions","damage_taken":0,"max_hp_gain":0,"max_hp_loss":0,"event_name":"The Woman in Blue","floor":21,"gold_loss":0}],"is_beta":false,"boss_relics":[{"not_picked":["Runic Cube","Philosopher\u0027s Stone"],"picked":"Tiny House"}],"items_purged_floors":[],"is_endless":false,"potions_floor_spawned":[5,7,10,12,14,18,22,27,28],"killed_by":"Sentry and Sphere","ascension_level":2}