{"gold_per_floor":[110,125,125,125,135,135,161,161,210,224,239,139,156,175,175,254,254,269,280,1,21,21,21,49,49,49,49,59,70,7,26,26,100,100,116,130,150,170,185,218,232,232,232,157,157,157,20,20,20,20,20,20,20,20,49,49],"floor_reached":57,"playtime":2932,"items_purged":["Defend_G","Strike_G","Strike_G","Defend_G"],"score":3021,"play_id":"9c714b85-14e1-4de5-b6a0-7cbb721928ac","local_time":"20190627021144","is_ascension_mode":true,"campfire_choices":[{"data":"Calculated Gamble","floor":6.0,"key":"SMITH"},{"data":"Reflex","floor":8.0,"key":"SMITH"},{"data":"Acrobatics","floor":15.0,"key":"SMITH"},{"data":"Adrenaline","floor":23.0,"key":"SMITH"},{"data":"Neutralize","floor":25.0,"key":"SMITH"},{"data":"Well Laid Plans","floor":27.0,"key":"SMITH"},{"data":"Bouncing Flask","floor":32.0,"key":"SMITH"},{"floor":42.0,"key":"RECALL"},{"data":"Backflip","floor":45.0,"key":"SMITH"},{"data":"Madness","floor":49.0,"key":"SMITH"},{"data":"Defend_G","floor":53.0,"key":"SMITH"}],"neow_cost":"TEN_PERCENT_HP_LOSS","seed_source_timestamp":715319652733800,"circlet_count":0,"master_deck":["AscendersBane","Defend_G+1","Strike_G","Survivor","Neutralize+1","Prepared+1","Bouncing Flask+1","Masterful Stab+1","Calculated Gamble+1","Reflex+1","Acrobatics+1","Escape Plan","Backflip+1","Adrenaline+1","Well Laid Plans+1","Footwork+1","After Image","Madness+1"],"special_seed":0,"relics":["Ring of the Snake","Anchor","Potion Belt","White Beast Statue","Membership Card","Snake Skull","Empty Cage","Pantograph","Kunai","Bronze Scales"],"potions_floor_usage":[56,56,56],"damage_taken":[{"damage":0.0,"enemies":"2 Louse","floor":1.0,"turns":4.0},{"damage":1.0,"enemies":"Small Slimes","floor":2.0,"turns":3.0},{"damage":1.0,"enemies":"Jaw Worm","floor":5.0,"turns":4.0},{"damage":0.0,"enemies":"Red Slaver","floor":10.0,"turns":3.0},{"damage":10.0,"enemies":"Gremlin Gang","floor":11.0,"turns":5.0},{"damage":0.0,"enemies":"Large Slime","floor":13.0,"turns":4.0},{"damage":0.0,"enemies":"2 Fungi Beasts","floor":14.0,"turns":3.0},{"damage":6.0,"enemies":"The Guardian","floor":16.0,"turns":9.0},{"damage":1.0,"enemies":"2 Thieves","floor":18.0,"turns":3.0},{"damage":0.0,"enemies":"Spheric Guardian","floor":19.0,"turns":3.0},{"damage":6.0,"enemies":"Cultist and Chosen","floor":21.0,"turns":4.0},{"damage":0.0,"enemies":"Book of Stabbing","floor":24.0,"turns":5.0},{"damage":0.0,"enemies":"Snake Plant","floor":28.0,"turns":2.0},{"damage":7.0,"enemies":"Sentry and Sphere","floor":29.0,"turns":5.0},{"damage":0.0,"enemies":"Centurion and Healer","floor":31.0,"turns":3.0},{"damage":0.0,"enemies":"Champ","floor":33.0,"turns":9.0},{"damage":0.0,"enemies":"3 Shapes","floor":35.0,"turns":4.0},{"damage":0.0,"enemies":"3 Darklings","floor":36.0,"turns":2.0},{"damage":0.0,"enemies":"Sphere and 2 Shapes","floor":37.0,"turns":3.0},{"damage":0.0,"enemies":"Transient","floor":38.0,"turns":6.0},{"damage":0.0,"enemies":"Maw","floor":39.0,"turns":5.0},{"damage":0.0,"enemies":"Reptomancer","floor":40.0,"turns":5.0},{"damage":0.0,"enemies":"3 Darklings","floor":41.0,"turns":3.0},{"damage":48.0,"enemies":"Time Eater","floor":50.0,"turns":10.0},{"damage":0.0,"enemies":"Donu and Deca","floor":51.0,"turns":7.0},{"damage":7.0,"enemies":"Shield and Spear","floor":55.0,"turns":4.0},{"damage":39,"enemies":"The Heart","floor":56,"turns":7}],"seed_played":"7923663846238371538","potions_obtained":[{"floor":2.0,"key":"Poison Potion"},{"floor":10.0,"key":"SkillPotion"},{"floor":11.0,"key":"LiquidBronze"},{"floor":16.0,"key":"Energy Potion"},{"floor":18.0,"key":"SpeedPotion"},{"floor":19.0,"key":"GamblersBrew"},{"floor":21.0,"key":"EssenceOfSteel"},{"floor":24.0,"key":"GamblersBrew"},{"floor":28.0,"key":"Regen Potion"},{"floor":29.0,"key":"Energy Potion"},{"floor":31.0,"key":"SpeedPotion"},{"floor":33.0,"key":"Ancient Potion"},{"floor":35.0,"key":"Energy Potion"},{"floor":36.0,"key":"Regen Potion"},{"floor":37.0,"key":"Dexterity Potion"},{"floor":55.0,"key":"Block Potion"}],"is_trial":false,"path_per_floor":["M","M","?","?","M","R","T","R","T","M","M","$","M","M","R","B",null,"M","M","$","M","?","R","E","R","T","R","M","M","$","M","R","B",null,"M","M","M","M","M","E","M","R","T","$","R","?","$","?","R","B","B",null,"R","$","E","B",null],"character_chosen":"THE_SILENT","items_purchased":["Backflip","Membership Card","Kunai"],"campfire_rested":0,"item_purchase_floors":[12,20,47],"current_hp_per_floor":[59,58,40,40,39,39,39,39,39,39,29,29,29,29,29,23,51,50,50,50,44,56,56,56,56,56,56,56,49,49,49,49,49,57,57,57,57,57,57,57,57,57,57,57,57,57,57,47,47,46,60,60,60,60,53,21],"gold":49,"neow_bonus":"TRANSFORM_TWO_CARDS","is_prod":false,"is_daily":false,"chose_seed":false,"campfire_upgraded":10,"win_rate":0,"timestamp":1561569104,"path_taken":["M","M","?","?","M","R","?","R","T","M","M","$","M","?","R","BOSS","M","M","$","?","?","R","E","R","T","R","M","M","$","M","R","BOSS","M","M","M","M","M","E","M","R","T","$","R","?","$","?","R","BOSS","BOSS","R","$","E","BOSS"],"build_version":"2019-01-23","purchased_purges":4,"victory":true,"max_hp_per_floor":[60,60,60,60,60,60,60,60,60,60,60,60,60,60,60,60,60,60,60,60,60,60,60,60,60,60,60,60,60,60,60,60,60,60,60,60,60,60,60,60,60,60,60,60,60,60,60,60,60,60,60,60,60,60,60,60],"card_choices":[{"not_picked":["Deadly Poison","Dodge and Roll"],"picked":"Masterful Stab","floor":1.0},{"not_picked":["Sucker Punch","PiercingWail"],"picked":"Calculated Gamble","floor":2.0},{"not_picked":["Poisoned Stab","Cloak And Dagger"],"picked":"Reflex","floor":5.0},{"not_picked":["Dagger Throw","Finisher"],"picked":"Acrobatics","floor":10.0},{"not_picked":["Backstab","Infinite Blades"],"picked":"Escape Plan","floor":11.0},{"not_picked":["Poisoned Stab","Deadly Poison","Backstab"],"picked":"SKIP","floor":13.0},{"not_picked":["Sucker Punch","Quick Slash","Heel Hook"],"picked":"SKIP","floor":14.0},{"not_picked":["Doppelganger","Storm of Steel"],"picked":"Adrenaline","floor":16.0},{"not_picked":["PiercingWail","Calculated Gamble"],"picked":"Well Laid Plans","floor":18.0},{"not_picked":["Heel Hook","Flying Knee","Choke"],"picked":"SKIP","floor":19.0},{"not_picked":["Underhanded Strike","Leg Sweep+1","Blade Dance"],"picked":"SKIP","floor":21.0},{"not_picked":["Well Laid Plans","Blade Dance"],"picked":"Footwork+1","floor":24.0},{"not_picked":["Well Laid Plans+1","Backflip","Predator+1"],"picked":"SKIP","floor":28.0},{"not_picked":["Cloak And Dagger","Outmaneuver","Slice"],"picked":"SKIP","floor":29.0},{"not_picked":["Backstab","Dodge and Roll","Deadly Poison"],"picked":"SKIP","floor":31.0},{"not_picked":["Glass Knife","Venomology"],"picked":"After Image","floor":33.0},{"not_picked":["Setup+1","Underhanded Strike","Outmaneuver"],"picked":"SKIP","floor":35.0},{"not_picked":["Underhanded Strike","PiercingWail","Acrobatics"],"picked":"SKIP","floor":36.0},{"not_picked":["Backstab","Quick Slash+1","Deflect"],"picked":"SKIP","floor":37.0},{"not_picked":["Sucker Punch","Bane+1","Blade Dance+1"],"picked":"SKIP","floor":38.0},{"not_picked":["Sucker Punch","Dodge and Roll+1","Dagger Throw"],"picked":"SKIP","floor":39.0},{"not_picked":["Acrobatics","Sucker Punch","Backstab"],"picked":"SKIP","floor":40.0},{"not_picked":["Dagger Spray","Storm of Steel","Leg Sweep"],"picked":"SKIP","floor":41.0},{"not_picked":["Dagger Spray","Storm of Steel","Leg Sweep"],"picked":"SKIP","floor":41.0},{"not_picked":["Jack Of All Trades","Dark Shackles"],"picked":"Madness","floor":48.0},{"not_picked":["Dodge and Roll","Crippling Poison","Flying Knee"],"picked":"SKIP","floor":55.0}],"player_experience":5503988,"relics_obtained":[{"floor":7.0,"key":"Anchor"},{"floor":9.0,"key":"Potion Belt"},{"floor":24.0,"key":"Snake Skull"},{"floor":43.0,"key":"Pantograph"},{"floor":55.0,"key":"Bronze Scales"}],"event_choices":[{"damage_healed":0.0,"max_hp_gain":0.0,"max_hp_loss":0.0,"gold_gain":0.0,"event_name":"Shining Light","player_choice":"Entered Light","floor":3.0,"gold_loss":0.0,"damage_taken":18.0,"cards_upgraded":["Masterful Stab","Prepared"]},{"damage_healed":0.0,"max_hp_gain":0.0,"max_hp_loss":0.0,"gold_gain":0.0,"event_name":"Liars Game","player_choice":"Ignored","floor":4.0,"gold_loss":0.0,"damage_taken":0.0},{"damage_healed":12.0,"max_hp_gain":0.0,"max_hp_loss":0.0,"gold_gain":0.0,"event_name":"The Library","player_choice":"Heal","floor":22.0,"gold_loss":0.0,"damage_taken":0.0},{"damage_healed":0.0,"max_hp_gain":0.0,"max_hp_loss":0.0,"gold_gain":0.0,"event_name":"Tomb of Lord Red Mask","player_choice":"Ignored","floor":46.0,"gold_loss":0.0,"damage_taken":0.0},{"damage_healed":0.0,"max_hp_gain":0.0,"max_hp_loss":0.0,"gold_gain":0.0,"event_name":"SensoryStone","player_choice":"Memory 3","floor":48.0,"gold_loss":0.0,"damage_taken":10.0}],"is_beta":false,"boss_relics":[{"not_picked":["Ring of the Serpent","Velvet Choker"],"picked":"White Beast Statue"},{"not_picked":["Calling Bell","Lizard Tail"],"picked":"Empty Cage"}],"items_purged_floors":[12,20,30,44],"is_endless":false,"potions_floor_spawned":[2,10,11,16,18,19,21,24,28,29,31,33,35,36,37,38,39,40,41,55],"ascension_level":20}