{"gold_per_floor":[115,130,150,162,162,162,190,190,215,215,232,232,157,182,182,257,257,275,287,287,299,299,299,329,343,343,443,513,528,528,543,543,621,621,640,640,640,432,432,432,448,448,448,448,497,532,550,561,561,561,561],"floor_reached":52,"playtime":971,"items_purged":["Strike_R"],"score":2170,"play_id":"29486db0-d713-4ff9-b85a-8d976619f106","local_time":"20190622025632","is_ascension_mode":true,"campfire_choices":[{"data":"Searing Blow+1","floor":6,"key":"SMITH"},{"data":"Searing Blow+2","floor":8,"key":"SMITH"},{"data":"Searing Blow+3","floor":10,"key":"SMITH"},{"data":"Searing Blow+4","floor":12,"key":"SMITH"},{"data":"Searing Blow+5","floor":15,"key":"SMITH"},{"data":"Searing Blow+6","floor":23,"key":"SMITH"},{"data":"Searing Blow+7","floor":30,"key":"SMITH"},{"data":"Searing Blow+8","floor":32,"key":"SMITH"},{"data":"Searing Blow+10","floor":40,"key":"SMITH"},{"data":"Searing Blow+11","floor":42,"key":"SMITH"},{"data":"Searing Blow+12","floor":44,"key":"SMITH"},{"data":"Searing Blow+13","floor":49,"key":"SMITH"}],"neow_cost":"TEN_PERCENT_HP_LOSS","seed_source_timestamp":288470271313700,"circlet_count":0,"master_deck":["AscendersBane","Bash+1","Flex+1","Anger+1","Searing Blow+14","Warcry+1","Warcry+1","Shrug It Off+1","Double Tap+1","Seeing Red+1","Master of Strategy","Offering"],"relics":["Burning Blood","Blood Vial","Bag of Marbles","Anchor","Nloth\u0027s Gift","MutagenicStrength","Gremlin Horn","Turnip","Darkstone Periapt","Mummified Hand","White Beast Statue","Mark of the Bloom","Question Card","Sundial","FossilizedHelix","Peace Pipe"],"potions_floor_usage":[16,16],"damage_taken":[{"damage":1,"enemies":"Cultist","floor":1,"turns":3},{"damage":10,"enemies":"Small Slimes","floor":2,"turns":5},{"damage":9,"enemies":"2 Louse","floor":3,"turns":2},{"damage":7,"enemies":"Looter","floor":4,"turns":4},{"damage":25,"enemies":"3 Sentries","floor":7,"turns":5},{"damage":3,"enemies":"Blue Slaver","floor":11,"turns":2},{"damage":0,"enemies":"Gremlin Nob","floor":14,"turns":2},{"damage":17,"enemies":"The Guardian","floor":16,"turns":8},{"damage":11,"enemies":"Spheric Guardian","floor":18,"turns":3},{"damage":0,"enemies":"2 Thieves","floor":19,"turns":1},{"damage":0,"enemies":"Snecko","floor":21,"turns":1},{"damage":0,"enemies":"Slavers","floor":24,"turns":1},{"damage":0,"enemies":"Cultist and Chosen","floor":25,"turns":2},{"damage":3,"enemies":"Colosseum Slavers","floor":27,"turns":2},{"damage":0,"enemies":"Colosseum Nobs","floor":27,"turns":2},{"damage":5,"enemies":"Centurion and Healer","floor":29,"turns":2},{"damage":0,"enemies":"3 Cultists","floor":31,"turns":3},{"damage":27,"enemies":"Collector","floor":33,"turns":3},{"damage":4,"enemies":"3 Darklings","floor":35,"turns":3},{"damage":0,"enemies":"3 Shapes","floor":41,"turns":1},{"damage":6,"enemies":"2 Orb Walkers","floor":45,"turns":2},{"damage":0,"enemies":"Reptomancer","floor":46,"turns":1},{"damage":0,"enemies":"Jaw Worm Horde","floor":47,"turns":2},{"damage":0,"enemies":"Maw","floor":48,"turns":1},{"damage":0,"enemies":"Time Eater","floor":50,"turns":1},{"damage":0,"enemies":"Awakened One","floor":51,"turns":2}],"seed_played":"-2308547012342837062","potions_obtained":[{"floor":3,"key":"LiquidBronze"},{"floor":4,"key":"Strength Potion"},{"floor":16,"key":"Weak Potion"},{"floor":18,"key":"EssenceOfSteel"},{"floor":46,"key":"Weak Potion"},{"floor":47,"key":"GamblersBrew"}],"is_trial":false,"path_per_floor":["M","M","M","M","?","R","E","R","T","R","M","R","$","E","R","B",null,"M","M","?","M","?","R","E","M","T","?","T","M","R","M","R","B",null,"M","?","?","$","T","R","M","R","T","R","?","E","M","M","R","B","B",null],"character_chosen":"IRONCLAD","items_purchased":["Master of Strategy"],"campfire_rested":0,"item_purchase_floors":[38],"current_hp_per_floor":[68,64,61,60,60,60,41,41,41,41,46,46,46,54,54,45,62,59,67,67,68,68,68,68,68,68,68,68,68,68,68,68,47,63,67,67,67,67,67,67,67,67,67,67,61,61,61,61,61,61,61],"gold":561,"neow_bonus":"THREE_RARE_CARDS","is_prod":false,"is_daily":false,"chose_seed":false,"campfire_upgraded":12,"win_rate":0,"timestamp":1561139792,"path_taken":["M","M","M","M","?","R","E","R","T","R","M","R","?","E","R","BOSS","M","?","?","?","?","R","E","M","T","?","?","?","R","M","R","BOSS","M","?","?","$","?","R","M","R","T","R","?","E","M","M","R","BOSS","BOSS"],"build_version":"2019-01-23","purchased_purges":1,"victory":true,"max_hp_per_floor":[68,68,68,68,68,68,68,68,68,68,68,68,68,68,68,68,68,68,68,68,68,68,68,68,68,68,68,68,68,68,68,68,68,68,68,68,68,68,68,68,68,68,68,68,68,68,68,68,68,68,68],"card_choices":[{"not_picked":["Fiend Fire","Double Tap"],"picked":"Immolate","floor":0},{"not_picked":["Heavy Blade","Clothesline"],"picked":"Flex","floor":1},{"not_picked":["Clothesline","True Grit"],"picked":"Anger","floor":2},{"not_picked":["Flex","Clothesline","Cleave"],"picked":"SKIP","floor":3},{"not_picked":["Heavy Blade","Dual Wield"],"picked":"Searing Blow","floor":4},{"not_picked":["Juggernaut","Evolve"],"picked":"Warcry","floor":7},{"not_picked":["Iron Wave","Havoc"],"picked":"Warcry","floor":11},{"not_picked":["Ghostly Armor","Wild Strike"],"picked":"Shrug It Off","floor":14},{"not_picked":["Fiend Fire","Reaper"],"picked":"Double Tap","floor":16},{"not_picked":["Warcry","Feel No Pain","Flex"],"picked":"SKIP","floor":18},{"not_picked":["Dual Wield","Thunderclap","True Grit"],"picked":"SKIP","floor":19},{"not_picked":["Headbutt+1","Berserk","Flex"],"picked":"SKIP","floor":21},{"not_picked":["Thunderclap","Twin Strike+1"],"picked":"Seeing Red","floor":24},{"not_picked":["Cleave","Uppercut","Wild Strike"],"picked":"SKIP","floor":25},{"not_picked":["Cleave","Uppercut","Wild Strike"],"picked":"SKIP","floor":25},{"not_picked":["Heavy Blade","Sword Boomerang","Twin Strike"],"picked":"SKIP","floor":29},{"not_picked":["Thunderclap","Pommel Strike","Flex"],"picked":"SKIP","floor":31},{"not_picked":["Anger+1","Feed","True Grit"],"picked":"SKIP","floor":35},{"not_picked":["Clash+1","Searing Blow","Heavy Blade+1","Twin Strike"],"picked":"SKIP","floor":41},{"not_picked":["Infernal Blade","Bludgeon","Feed","Heavy Blade"],"picked":"SKIP","floor":46},{"not_picked":["Infernal Blade","Bludgeon","Feed","Heavy Blade"],"picked":"SKIP","floor":46},{"not_picked":["Fire Breathing","Flex","Heavy Blade"],"picked":"Offering","floor":47},{"not_picked":["Clash+1","Demon Form","Berserk","Shrug It Off"],"picked":"SKIP","floor":48}],"player_experience":5447758,"relics_obtained":[{"floor":7,"key":"Blood Vial"},{"floor":9,"key":"Bag of Marbles"},{"floor":14,"key":"Anchor"},{"floor":24,"key":"Gremlin Horn"},{"floor":27,"key":"Turnip"},{"floor":27,"key":"Darkstone Periapt"},{"floor":28,"key":"Mummified Hand"},{"floor":39,"key":"Question Card"},{"floor":43,"key":"Sundial"},{"floor":45,"key":"FossilizedHelix"},{"floor":46,"key":"Peace Pipe"}],"event_choices":[{"damage_healed":0,"gold_gain":0,"player_choice":"Upgraded","damage_taken":0,"max_hp_gain":0,"max_hp_loss":0,"event_name":"Upgrade Shrine","floor":5,"gold_loss":0,"cards_upgraded":["Searing Blow"]},{"damage_healed":0,"gold_gain":0,"player_choice":"Traded Relic","damage_taken":0,"relics_obtained":["Nloth\u0027s Gift"],"max_hp_gain":0,"max_hp_loss":0,"event_name":"N\u0027loth","floor":20,"relics_lost":["Pandora\u0027s Box"],"gold_loss":0},{"damage_healed":0,"gold_gain":0,"player_choice":"Inject Mutagens","damage_taken":0,"relics_obtained":["MutagenicStrength"],"max_hp_gain":0,"max_hp_loss":0,"event_name":"Drug Dealer","floor":22,"gold_loss":0},{"damage_healed":0,"gold_gain":0,"player_choice":"Fight","damage_taken":0,"max_hp_gain":0,"max_hp_loss":0,"event_name":"Colosseum","floor":27,"gold_loss":0},{"damage_healed":0,"gold_gain":0,"player_choice":"Fought Nobs","damage_taken":0,"max_hp_gain":0,"max_hp_loss":0,"event_name":"Colosseum","floor":27,"gold_loss":0},{"damage_healed":0,"gold_gain":0,"player_choice":"Upgrade","damage_taken":0,"relics_obtained":["Mark of the Bloom"],"max_hp_gain":0,"max_hp_loss":0,"event_name":"MindBloom","floor":36,"gold_loss":0,"cards_upgraded":["Bash","Immolate","Flex","Anger","Searing Blow","Warcry","Warcry","Shrug It Off","Double Tap","Seeing Red"]},{"cards_removed":["Immolate"],"damage_healed":0,"gold_gain":0,"player_choice":"Removed Attack","damage_taken":0,"max_hp_gain":0,"max_hp_loss":0,"event_name":"Falling","floor":37,"gold_loss":0},{"damage_healed":0,"gold_gain":0,"player_choice":"Fight","damage_taken":0,"max_hp_gain":0,"max_hp_loss":0,"event_name":"Mysterious Sphere","floor":45,"gold_loss":0}],"is_beta":false,"boss_relics":[{"not_picked":["Ectoplasm","Orrery"],"picked":"Pandora\u0027s Box"},{"not_picked":["Fusion Hammer","Runic Cube"],"picked":"White Beast Statue"}],"items_purged_floors":[13],"is_endless":false,"potions_floor_spawned":[3,4,16,18,21,24,31,33,35,41,45,46,47,48],"ascension_level":20}