{"gold_per_floor":[115,133,133,149,149,149,149,49,49,49,49,68,89,114,114,213,213,234,234,234,134,9,9,42,42,68,78,3,22,22,42,42,119,119,134,134,151,1,15,15,48,48,48,48,0,35,35,50,50,50,50,50,50,7,41,41],"floor_reached":56,"playtime":2813,"items_purged":["Offering","Cleave","Bash","Shame"],"score":1826,"play_id":"92448f3e-53df-4ec5-bf9b-3ac960283dbe","local_time":"20190523005239","is_ascension_mode":true,"campfire_choices":[{"data":"Flex","floor":6.0,"key":"SMITH"},{"floor":11.0,"key":"REST"},{"data":"Body Slam","floor":15.0,"key":"SMITH"},{"data":"Dual Wield","floor":23.0,"key":"SMITH"},{"data":"Feel No Pain","floor":30.0,"key":"SMITH"},{"data":"Iron Wave","floor":32.0,"key":"SMITH"},{"data":"Parasite","floor":40.0,"key":"PURGE"},{"data":"Immolate","floor":42.0,"key":"PURGE"},{"data":"Clash+1","floor":47.0,"key":"PURGE"},{"floor":49.0,"key":"RECALL"},{"data":"Offering","floor":53.0,"key":"SMITH"}],"neow_cost":"PERCENT_DAMAGE","seed_source_timestamp":1077835921700,"circlet_count":0,"master_deck":["AscendersBane","Defend_R","Defend_R","Defend_R","Iron Wave+1","Ghostly Armor","Flex+1","Body Slam+1","Battle Trance","Dual Wield+1","Dark Embrace+1","Headbutt+1","True Grit+1","Feel No Pain+1","Battle Trance","Corruption","Iron Wave+1","Offering+1","Clumsy","Madness","Madness","Feel No Pain","Sentinel","Clothesline+1","Havoc","Bloodletting+1"],"special_seed":0,"relics":["Burning Blood","Bloody Idol","Gambling Chip","Kunai","Astrolabe","Turnip","Whetstone","Strawberry","Calling Bell","Omamori","Ornamental Fan","Peace Pipe","The Courier","Red Mask","Art of War","Ice Cream"],"potions_floor_usage":[56,56],"damage_taken":[{"damage":7.0,"enemies":"Cultist","floor":1.0,"turns":3.0},{"damage":8.0,"enemies":"Small Slimes","floor":2.0,"turns":5.0},{"damage":8.0,"enemies":"Jaw Worm","floor":4.0,"turns":3.0},{"damage":0.0,"enemies":"3 Louse","floor":12.0,"turns":3.0},{"damage":7.0,"enemies":"Lots of Slimes","floor":13.0,"turns":4.0},{"damage":12.0,"enemies":"Red Slaver","floor":14.0,"turns":4.0},{"damage":13.0,"enemies":"Hexaghost","floor":16.0,"turns":6.0},{"damage":20.0,"enemies":"Spheric Guardian","floor":18.0,"turns":4.0},{"damage":37.0,"enemies":"Slavers","floor":24.0,"turns":4.0},{"damage":5.0,"enemies":"Shell Parasite","floor":27.0,"turns":3.0},{"damage":0.0,"enemies":"Shelled Parasite and Fungi","floor":29.0,"turns":1.0},{"damage":9.0,"enemies":"Snake Plant","floor":31.0,"turns":4.0},{"damage":31.0,"enemies":"Automaton","floor":33.0,"turns":8.0},{"damage":6.0,"enemies":"3 Shapes","floor":35.0,"turns":3.0},{"damage":7.0,"enemies":"Orb Walker","floor":37.0,"turns":2.0},{"damage":16.0,"enemies":"Writhing Mass","floor":39.0,"turns":5.0},{"damage":15.0,"enemies":"Nemesis","floor":41.0,"turns":3.0},{"damage":11.0,"enemies":"Giant Head","floor":46.0,"turns":6.0},{"damage":14.0,"enemies":"4 Shapes","floor":48.0,"turns":17.0},{"damage":11.0,"enemies":"Time Eater","floor":50.0,"turns":15.0},{"damage":27.0,"enemies":"Donu and Deca","floor":51.0,"turns":6.0},{"damage":20.0,"enemies":"Shield and Spear","floor":55.0,"turns":2.0},{"damage":67,"enemies":"The Heart","floor":56,"turns":5}],"seed_played":"3620745232307227911","potions_obtained":[{"floor":1.0,"key":"Energy Potion"},{"floor":2.0,"key":"LiquidBronze"},{"floor":13.0,"key":"Poison Potion"},{"floor":27.0,"key":"Energy Potion"},{"floor":29.0,"key":"SteroidPotion"},{"floor":35.0,"key":"SteroidPotion"},{"floor":39.0,"key":"Swift Potion"},{"floor":55.0,"key":"Dexterity Potion"}],"is_trial":false,"path_per_floor":["M","M","?","M","?","R","?","$","T","?","R","M","M","M","R","B",null,"M","T","?","$","$","R","E","?","T","M","$","M","R","M","R","B",null,"M","?","M","$","M","R","E","R","T","?","?","E","R","M","R","B","B",null,"R","$","E","B"],"character_chosen":"IRONCLAD","items_purchased":["Cleave","Battle Trance","FearPotion"],"campfire_rested":1,"item_purchase_floors":[8,28,54],"current_hp_per_floor":[49,47,47,45,19,19,19,19,19,19,39,45,44,38,38,31,59,45,45,45,45,45,45,19,19,31,41,41,52,52,58,58,38,72,81,65,69,69,68,68,64,64,64,64,64,64,64,61,61,56,35,75,75,75,66,0],"gold":41,"neow_bonus":"TRANSFORM_TWO_CARDS","is_prod":false,"is_daily":false,"chose_seed":false,"campfire_upgraded":6,"win_rate":0,"timestamp":1558540359,"path_taken":["M","M","?","M","?","R","?","$","T","?","R","M","?","M","R","BOSS","BOSS","M","?","?","?","$","R","E","?","T","M","$","M","R","M","R","BOSS","M","?","M","$","M","R","E","R","T","?","?","E","R","M","R","BOSS","BOSS","R","$","E","BOSS"],"build_version":"2019-01-23","purchased_purges":4,"victory":false,"max_hp_per_floor":[75,75,68,68,68,68,68,68,68,68,68,68,68,68,68,68,68,68,68,68,68,68,68,68,68,75,79,79,79,79,83,83,83,83,87,87,87,87,91,88,88,88,88,88,88,88,88,88,88,88,88,88,88,88,88,88],"card_choices":[{"not_picked":["Perfected Strike","Clothesline"],"picked":"Ghostly Armor","floor":1.0},{"not_picked":["Intimidate","Seeing Red"],"picked":"Clash","floor":2.0},{"not_picked":["Disarm","Perfected Strike"],"picked":"Flex","floor":4.0},{"not_picked":["Shrug It Off","Armaments"],"picked":"Body Slam","floor":12.0},{"not_picked":["Rampage","Havoc"],"picked":"Battle Trance","floor":13.0},{"not_picked":["Uppercut","Warcry"],"picked":"Dual Wield","floor":14.0},{"not_picked":["Fiend Fire","Limit Break"],"picked":"Immolate","floor":16.0},{"not_picked":["Warcry","Body Slam"],"picked":"True Grit+1","floor":18.0},{"not_picked":["Havoc","Battle Trance"],"picked":"Feel No Pain","floor":24.0},{"not_picked":["Spot Weakness+1","Anger+1","Havoc"],"picked":"SKIP","floor":27.0},{"not_picked":["Shockwave","Perfected Strike"],"picked":"Corruption","floor":29.0},{"not_picked":["Body Slam","Heavy Blade"],"picked":"Iron Wave","floor":31.0},{"not_picked":["Immolate","Dark Embrace"],"picked":"Offering","floor":33.0},{"not_picked":["Anger","Flex","Searing Blow"],"picked":"SKIP","floor":35.0},{"not_picked":["Armaments","Heavy Blade","Twin Strike"],"picked":"SKIP","floor":37.0},{"not_picked":["Twin Strike","Havoc"],"picked":"Feel No Pain","floor":39.0},{"not_picked":["Wild Strike","Hemokinesis+1"],"picked":"Sentinel","floor":41.0},{"not_picked":["Pummel+1","Inflame"],"picked":"Clothesline+1","floor":46.0},{"not_picked":["Clothesline","Inflame"],"picked":"Havoc","floor":48.0},{"not_picked":["Twin Strike","Body Slam"],"picked":"Bloodletting+1","floor":55.0}],"player_experience":5108083,"relics_obtained":[{"floor":9.0,"key":"Kunai"},{"floor":19.0,"key":"Turnip"},{"floor":24.0,"key":"Whetstone"},{"floor":26.0,"key":"Strawberry"},{"floor":34.0,"key":"Omamori"},{"floor":34.0,"key":"Ornamental Fan"},{"floor":34.0,"key":"Peace Pipe"},{"floor":41.0,"key":"The Courier"},{"floor":46.0,"key":"Art of War"},{"floor":55.0,"key":"Ice Cream"}],"event_choices":[{"damage_healed":0.0,"max_hp_gain":0.0,"max_hp_loss":7.0,"gold_gain":0.0,"event_name":"Golden Idol","player_choice":"Lose Max HP","floor":3.0,"gold_loss":0.0,"damage_taken":0.0,"relics_obtained":["Golden Idol"]},{"damage_healed":0.0,"max_hp_gain":0.0,"max_hp_loss":0.0,"gold_gain":0.0,"event_name":"Scrap Ooze","player_choice":"Success","floor":5.0,"gold_loss":0.0,"damage_taken":26.0,"relics_obtained":["Gambling Chip"]},{"damage_healed":0.0,"max_hp_gain":0.0,"max_hp_loss":0.0,"gold_gain":0.0,"event_name":"Liars Game","player_choice":"Ignored","floor":7.0,"gold_loss":0.0,"damage_taken":0.0},{"cards_removed":["Defend_R"],"damage_healed":0.0,"max_hp_gain":0.0,"max_hp_loss":0.0,"gold_gain":0.0,"event_name":"Wheel of Change","player_choice":"Card Removal","floor":10.0,"gold_loss":0.0,"damage_taken":0.0},{"damage_healed":0.0,"max_hp_gain":0.0,"max_hp_loss":0.0,"gold_gain":0.0,"event_name":"Forgotten Altar","player_choice":"Gave Idol","floor":20.0,"relics_lost":["Golden Idol"],"gold_loss":0.0,"damage_taken":0.0,"relics_obtained":["Bloody Idol"]},{"damage_healed":0.0,"max_hp_gain":0.0,"max_hp_loss":0.0,"gold_gain":0.0,"event_name":"WeMeetAgain","player_choice":"Ignored","floor":25.0,"gold_loss":0.0,"damage_taken":0.0},{"damage_healed":0.0,"max_hp_gain":0.0,"max_hp_loss":0.0,"gold_gain":0.0,"event_name":"Winding Halls","player_choice":"Embrace Madness","floor":36.0,"gold_loss":0.0,"damage_taken":16.0,"cards_obtained":["Madness","Madness"]},{"cards_removed":["Feed"],"damage_healed":0.0,"max_hp_gain":0.0,"max_hp_loss":0.0,"gold_gain":0.0,"event_name":"Falling","player_choice":"Removed Attack","floor":44.0,"gold_loss":0.0,"damage_taken":0.0},{"damage_healed":0.0,"max_hp_gain":0.0,"max_hp_loss":0.0,"gold_gain":0.0,"event_name":"Tomb of Lord Red Mask","player_choice":"Paid","floor":45.0,"gold_loss":48.0,"damage_taken":0.0,"relics_obtained":["Red Mask"]}],"is_beta":false,"boss_relics":[{"not_picked":["Cursed Key","Runic Dome"],"picked":"Astrolabe"},{"not_picked":["Eternal Feather","Runic Pyramid"],"picked":"Calling Bell"}],"items_purged_floors":[8,21,22,38],"is_endless":false,"potions_floor_spawned":[1,2,13,27,29,35,37,39,55],"killed_by":"The Heart","ascension_level":20}