{"gold_per_floor":[110,124,136,156,25,25,56,56,56,56,15,165,180,196,196,269,269,285,285,303,319,25,53,53,53],"floor_reached":25,"playtime":565,"items_purged":[],"score":471,"play_id":"118ca7d0-3f9d-4eab-b5cc-2864824a7244","local_time":"20190506014826","is_ascension_mode":true,"campfire_choices":[{"data":"Inflame","floor":6.0,"key":"SMITH"},{"data":"Demon Form","floor":10,"key":"SMITH"},{"data":"Feel No Pain","floor":15,"key":"SMITH"},{"floor":24,"key":"REST"}],"neow_cost":"","seed_source_timestamp":24945062273200,"circlet_count":0,"master_deck":["Defend_R","Defend_R","Defend_R","Defend_R","Defend_R","Defend_R","Defend_R","Bash","Strike_R","Strike_R","Strike_R","Strike_R","Strike_R","Strike_R","Strike_R","Strike_R","Strike_R","Strike_R","Intimidate","Clash","Carnage","Flame Barrier","Swift Strike","Inflame+1","Demon Form+1","Power Through","Doubt","Perfected Strike","Feel No Pain+1","Offering","Headbutt+1","Battle Trance+1","Double Tap+1","Pummel","Pain","Twin Strike+1","Pommel Strike+1","Twin Strike","Clothesline","Sword Boomerang+1"],"special_seed":0,"relics":["Burning Blood","Anchor","Regal Pillow","Astrolabe","WarpedTongs","PreservedInsect","Meat on the Bone"],"potions_floor_usage":[16,16,20,23],"damage_taken":[{"damage":9.0,"enemies":"Jaw Worm","floor":1.0,"turns":5.0},{"damage":1.0,"enemies":"2 Louse","floor":2.0,"turns":3.0},{"damage":0.0,"enemies":"Cultist","floor":3.0,"turns":3.0},{"damage":0.0,"enemies":"Red Slaver","floor":4.0,"turns":3.0},{"damage":37.0,"enemies":"Lagavulin","floor":7.0,"turns":6.0},{"damage":10,"enemies":"Exordium Thugs","floor":13,"turns":7},{"damage":2,"enemies":"3 Louse","floor":14,"turns":5},{"damage":43,"enemies":"The Guardian","floor":16,"turns":14},{"damage":18,"enemies":"Spheric Guardian","floor":18,"turns":5},{"damage":29,"enemies":"Chosen","floor":20,"turns":7},{"damage":14,"enemies":"Centurion and Healer","floor":21,"turns":5},{"damage":10,"enemies":"Slavers","floor":23,"turns":5},{"damage":62,"enemies":"Snecko","floor":25,"turns":6}],"seed_played":"5147533572624031342","potions_obtained":[{"floor":1.0,"key":"EssenceOfSteel"},{"floor":3.0,"key":"Weak Potion"},{"floor":7.0,"key":"Swift Potion"},{"floor":14,"key":"SkillPotion"},{"floor":18,"key":"Swift Potion"},{"floor":23,"key":"SpeedPotion"}],"is_trial":true,"path_per_floor":["M","M","M","M","$","R","E","?","T","R","$","?","M","M","R","B",null,"M","?","M","M","$","E","R","M"],"character_chosen":"IRONCLAD","items_purchased":["Swift Strike","Inflame","Power Through","PreservedInsect","Energy Potion","Twin Strike","Clothesline"],"campfire_rested":1,"item_purchase_floors":[5,5,11,22,22,22,22],"current_hp_per_floor":[65,70,75,75,75,75,44,44,44,44,44,44,40,44,44,7,58,46,46,23,15,15,11,48,0],"gold":53,"neow_bonus":"","is_prod":false,"is_daily":false,"chose_seed":false,"campfire_upgraded":3,"win_rate":0,"timestamp":1557074906,"path_taken":["M","M","M","M","$","R","E","?","T","R","$","?","M","M","R","BOSS","M","?","M","M","$","E","R","?"],"build_version":"2019-01-23","purchased_purges":0,"victory":false,"max_hp_per_floor":[75,75,75,75,75,75,75,75,75,75,75,75,75,75,75,75,75,75,75,75,75,75,75,75,75],"card_choices":[{"not_picked":["Entrench","Dropkick"],"picked":"Intimidate","floor":1.0},{"not_picked":["Armaments","Clothesline"],"picked":"Clash","floor":2.0},{"not_picked":["Metallicize","Pommel Strike"],"picked":"Carnage","floor":3.0},{"not_picked":["Ghostly Armor","Sword Boomerang"],"picked":"Flame Barrier","floor":4.0},{"not_picked":["Heavy Blade","Thunderclap"],"picked":"Demon Form","floor":7.0},{"not_picked":["Body Slam","Twin Strike"],"picked":"Perfected Strike","floor":13},{"not_picked":["Evolve","True Grit"],"picked":"Feel No Pain","floor":14},{"not_picked":["Brutality","Exhume"],"picked":"Offering","floor":16},{"not_picked":["Fire Breathing","Inflame"],"picked":"Pummel","floor":18},{"not_picked":["Armaments","Sever Soul"],"picked":"Twin Strike+1","floor":20},{"not_picked":["Metallicize","Flex"],"picked":"Pommel Strike+1","floor":21},{"not_picked":["Pummel","Heavy Blade"],"picked":"Sword Boomerang+1","floor":23}],"player_experience":4924454,"relics_obtained":[{"floor":7.0,"key":"Anchor"},{"floor":9,"key":"Regal Pillow"},{"floor":23,"key":"Meat on the Bone"}],"event_choices":[{"damage_healed":0,"gold_gain":0,"player_choice":"Searched \u00270\u0027 times","damage_taken":0,"max_hp_gain":0,"max_hp_loss":0,"event_name":"Dead Adventurer","floor":8,"gold_loss":0},{"damage_healed":0,"gold_gain":150,"player_choice":"AGREE","damage_taken":0,"max_hp_gain":0,"max_hp_loss":0,"event_name":"Liars Game","floor":12,"gold_loss":0,"cards_obtained":["Doubt"]},{"damage_healed":0,"gold_gain":0,"player_choice":"Rummage","damage_taken":0,"relics_obtained":["WarpedTongs"],"max_hp_gain":0,"max_hp_loss":0,"event_name":"Accursed Blacksmith","floor":19,"gold_loss":0,"cards_obtained":["Pain"]}],"is_beta":false,"boss_relics":[{"not_picked":["Coffee Dripper","Runic Cube"],"picked":"Astrolabe"}],"items_purged_floors":[],"is_endless":false,"potions_floor_spawned":[1,3,7,14,18,23],"killed_by":"Snecko","ascension_level":20}