{"gold_per_floor":[113,124,141,151,76,76,105,125,151,161,193,193,220,239,239,312,312,326,241,259,259,98,98,132,132,159,59,93,93,5,35,35,108,108,124,35,35,45,61,95,95,112,163,163,175,192,221,266,266,266,266,266,266,57,84,84],"floor_reached":57,"playtime":2810,"items_purged":["Strike_R","Strike_R","Gash"],"score":2855,"play_id":"a7e7d9f8-3439-439c-a126-a8d3d22ee145","local_time":"20190302005515","is_ascension_mode":true,"campfire_choices":[{"data":"Accuracy","floor":6,"key":"SMITH"},{"data":"Dual Wield","floor":12,"key":"SMITH"},{"data":"Infinite Blades","floor":15,"key":"SMITH"},{"data":"Offering","floor":23,"key":"SMITH"},{"data":"Force Field","floor":25,"key":"SMITH"},{"data":"Tools of the Trade","floor":29,"key":"SMITH"},{"data":"Feel No Pain","floor":32,"key":"SMITH"},{"data":"Blade Dance","floor":41,"key":"SMITH"},{"floor":44,"key":"RECALL"},{"data":"Feel No Pain","floor":49,"key":"SMITH"},{"data":"Grand Finale","floor":53,"key":"SMITH"}],"neow_cost":"","seed_source_timestamp":0,"circlet_count":0,"master_deck":["AscendersBane","Defend_R+1","Defend_R+1","Defend_R","Defend_R","Bash","Clumsy","Infinite Blades+1","Endless Agony","Accuracy+1","Blade Dance+1","Dual Wield+1","Backstab","Force Field+1","Tools of the Trade+1","Dark Embrace+1","Body Slam+1","Impervious+1","Offering+1","Flash of Steel+1","Feel No Pain+1","Grand Finale+1","Feel No Pain+1"],"relics":["Burning Blood","PrismaticShard","Calling Bell","Blood Vial","Meat on the Bone","Bird Faced Urn","Paper Frog","War Paint","Oddly Smooth Stone","Juzu Bracelet","Astrolabe","Art of War","Strawberry","Vajra","Bronze Scales","Charon\u0027s Ashes","Busted Crown","Mango","Blue Candle","Pocketwatch","Nunchaku"],"potions_floor_usage":[7,10,13,13,28,40,50,56],"damage_taken":[{"damage":28,"enemies":"Cultist","floor":1,"turns":6},{"damage":11,"enemies":"2 Louse","floor":2,"turns":3},{"damage":17,"enemies":"Small Slimes","floor":3,"turns":5},{"damage":32,"enemies":"Exordium Wildlife","floor":4,"turns":5},{"damage":8,"enemies":"Gremlin Nob","floor":7,"turns":3},{"damage":16,"enemies":"3 Louse","floor":8,"turns":5},{"damage":18,"enemies":"Lots of Slimes","floor":10,"turns":6},{"damage":42,"enemies":"3 Sentries","floor":11,"turns":8},{"damage":8,"enemies":"Gremlin Nob","floor":13,"turns":3},{"damage":0,"enemies":"Large Slime","floor":14,"turns":4},{"damage":50,"enemies":"Hexaghost","floor":16,"turns":9},{"damage":2,"enemies":"Spheric Guardian","floor":18,"turns":3},{"damage":18,"enemies":"Chosen","floor":20,"turns":4},{"damage":11,"enemies":"Gremlin Leader","floor":24,"turns":5},{"damage":28,"enemies":"Book of Stabbing","floor":28,"turns":4},{"damage":21,"enemies":"Gremlin Leader","floor":31,"turns":7},{"damage":17,"enemies":"Automaton","floor":33,"turns":6},{"damage":3,"enemies":"3 Shapes","floor":35,"turns":4},{"damage":21,"enemies":"3 Darklings","floor":38,"turns":3},{"damage":44,"enemies":"Writhing Mass","floor":39,"turns":4},{"damage":15,"enemies":"Reptomancer","floor":40,"turns":6},{"damage":0,"enemies":"Jaw Worm Horde","floor":42,"turns":3},{"damage":18,"enemies":"Transient","floor":45,"turns":5},{"damage":14,"enemies":"Sphere and 2 Shapes","floor":46,"turns":2},{"damage":19,"enemies":"Giant Head","floor":47,"turns":3},{"damage":36,"enemies":"2 Orb Walkers","floor":48,"turns":4},{"damage":65,"enemies":"Awakened One","floor":50,"turns":12},{"damage":6,"enemies":"Time Eater","floor":51,"turns":9},{"damage":44,"enemies":"Shield and Spear","floor":55,"turns":6},{"damage":39,"enemies":"The Heart","floor":56,"turns":8}],"seed_played":"7442527231413946066","potions_obtained":[{"floor":3,"key":"PowerPotion"},{"floor":7,"key":"Strength Potion"},{"floor":8,"key":"Swift Potion"},{"floor":11,"key":"Poison Potion"},{"floor":14,"key":"Energy Potion"},{"floor":16,"key":"Weak Potion"},{"floor":28,"key":"BloodPotion"},{"floor":31,"key":"PowerPotion"},{"floor":33,"key":"Swift Potion"},{"floor":40,"key":"Explosive Potion"},{"floor":48,"key":"Swift Potion"}],"is_trial":true,"path_per_floor":["M","M","M","M","?","R","E","M","T","M","E","R","E","M","R","B",null,"M","?","M","?","$","R","E","R","T","$","E","R","$","E","R","B",null,"M","$","?","M","M","E","R","M","T","R","M","M","E","?","R","B","B",null,"R","$","E","B",null],"character_chosen":"IRONCLAD","items_purchased":["Offering","Feel No Pain","Feel No Pain","Ancient Potion"],"campfire_rested":0,"item_purchase_floors":[22,30,36,54],"current_hp_per_floor":[48,45,50,40,40,40,46,54,54,50,32,32,48,60,60,34,63,72,72,60,60,60,60,72,72,72,72,64,64,64,76,76,71,75,76,76,76,69,52,77,77,90,90,90,90,90,83,67,67,60,90,90,90,90,68,59],"gold":84,"neow_bonus":"","is_prod":false,"is_daily":false,"chose_seed":false,"campfire_upgraded":10,"win_rate":0,"timestamp":1551455715,"path_taken":["M","M","M","?","?","R","E","M","T","M","E","R","E","M","R","BOSS","M","?","M","?","$","R","E","R","T","$","E","R","?","E","R","BOSS","M","$","?","M","M","E","R","M","T","R","M","M","E","?","R","BOSS","BOSS","R","$","E","BOSS"],"build_version":"2019-01-23","purchased_purges":3,"victory":true,"max_hp_per_floor":[75,75,75,75,72,72,72,72,72,72,72,72,72,72,72,72,72,72,72,72,69,69,69,76,76,76,76,76,76,76,76,76,76,76,76,76,76,76,76,90,90,90,90,90,90,90,90,90,90,90,90,90,90,90,90,90],"card_choices":[{"not_picked":["Dodge and Roll","Panacea"],"picked":"Gash","floor":1},{"not_picked":["Rampage","Cloak And Dagger"],"picked":"Infinite Blades","floor":2},{"not_picked":["Ball Lightning","Clash"],"picked":"Endless Agony","floor":3},{"not_picked":["Quick Slash","Turbo"],"picked":"Accuracy","floor":4},{"not_picked":["Recycle","Flechettes"],"picked":"Blade Dance","floor":7},{"not_picked":["Searing Blow","Clothesline"],"picked":"Dual Wield","floor":8},{"not_picked":["Good Instincts","Clash","Poisoned Stab"],"picked":"SKIP","floor":10},{"not_picked":["Cleave","Flying Knee"],"picked":"Backstab","floor":11},{"not_picked":["Concentrate","Barrage"],"picked":"Force Field","floor":13},{"not_picked":["Flex","Dagger Spray","Flechettes"],"picked":"SKIP","floor":14},{"not_picked":["Grand Finale","Apotheosis"],"picked":"Tools of the Trade","floor":16},{"not_picked":["Body Slam","Enlightenment","Predator"],"picked":"SKIP","floor":18},{"not_picked":["Poisoned Stab+1","Outmaneuver","Steam"],"picked":"SKIP","floor":20},{"not_picked":["Flex+1","Madness","Blood for Blood"],"picked":"SKIP","floor":24},{"not_picked":["Riddle With Holes","Consume"],"picked":"Flash of Steel+1","floor":28},{"not_picked":["Predator","Fire Breathing"],"picked":"Grand Finale","floor":31},{"not_picked":["Doom and Gloom+1"],"picked":"SKIP","floor":35},{"not_picked":["Gash"],"picked":"SKIP","floor":38},{"not_picked":["Ball Lightning"],"picked":"SKIP","floor":39},{"not_picked":["Headbutt"],"picked":"SKIP","floor":40},{"not_picked":["Dagger Spray"],"picked":"SKIP","floor":42},{"not_picked":["Reflex+1"],"picked":"SKIP","floor":45},{"not_picked":["Go for the Eyes+1"],"picked":"SKIP","floor":46},{"not_picked":["Fusion"],"picked":"SKIP","floor":47},{"not_picked":["Twin Strike"],"picked":"SKIP","floor":55}],"player_experience":4439679,"relics_obtained":[{"floor":0,"key":"Blood Vial"},{"floor":0,"key":"Meat on the Bone"},{"floor":0,"key":"Bird Faced Urn"},{"floor":7,"key":"Paper Frog"},{"floor":9,"key":"War Paint"},{"floor":11,"key":"Oddly Smooth Stone"},{"floor":13,"key":"Juzu Bracelet"},{"floor":24,"key":"Strawberry"},{"floor":26,"key":"Vajra"},{"floor":28,"key":"Bronze Scales"},{"floor":31,"key":"Charon\u0027s Ashes"},{"floor":40,"key":"Mango"},{"floor":47,"key":"Blue Candle"},{"floor":48,"key":"Pocketwatch"},{"floor":55,"key":"Nunchaku"}],"event_choices":[{"cards_removed":["Parasite"],"damage_healed":0,"gold_gain":0,"player_choice":"Card Removal","damage_taken":0,"max_hp_gain":0,"max_hp_loss":0,"event_name":"The Cleric","floor":5,"gold_loss":75},{"damage_healed":0,"gold_gain":0,"player_choice":"Obtained Relic","damage_taken":0,"relics_obtained":["Art of War"],"max_hp_gain":0,"max_hp_loss":0,"event_name":"Addict","floor":19,"gold_loss":85},{"cards_removed":["Parasite"],"damage_healed":0,"gold_gain":0,"player_choice":"Elegance","damage_taken":0,"max_hp_gain":0,"max_hp_loss":0,"event_name":"Back to Basics","floor":21,"gold_loss":0},{"damage_healed":0,"gold_gain":0,"player_choice":"Got Potions","damage_taken":0,"max_hp_gain":0,"max_hp_loss":0,"event_name":"Lab","floor":37,"gold_loss":0},{"damage_healed":0,"gold_gain":0,"player_choice":"Fight","damage_taken":0,"max_hp_gain":0,"max_hp_loss":0,"event_name":"Mysterious Sphere","floor":48,"gold_loss":0}],"is_beta":false,"boss_relics":[{"not_picked":["Tiny House","White Beast Statue"],"picked":"Astrolabe"},{"not_picked":["Runic Pyramid","Orrery"],"picked":"Busted Crown"}],"items_purged_floors":[22,27,54],"is_endless":false,"potions_floor_spawned":[3,7,8,11,14,16,20,28,31,33,38,40,45,48],"ascension_level":20}