{"gold_per_floor":[111,126,143,27,27,27,62,62,62,94,124,24,38,38,38,111,111,122,137,156,176,136,163,163,176,202,202,219,232,258,258,258,331,331,348,348,365,384,395,395,410,441,519,519,519,170,200,2,2,2,2],"floor_reached":51,"playtime":2959,"items_purged":["Strike_G","Strike_G","Glass Knife"],"score":1524,"play_id":"835b5c11-c935-4743-a960-8a526cf439b4","local_time":"20190511012340","is_ascension_mode":true,"campfire_choices":[{"data":"Terror","floor":6.0,"key":"SMITH"},{"data":"Doppelganger","floor":8.0,"key":"SMITH"},{"floor":15.0,"key":"REST"},{"data":"Tactician","floor":24.0,"key":"SMITH"},{"data":"Phantasmal Killer","floor":27.0,"key":"SMITH"},{"data":"Footwork","floor":32.0,"key":"SMITH"},{"data":"Catalyst","floor":40.0,"key":"SMITH"},{"floor":44.0,"key":"REST"},{"floor":49.0,"key":"RECALL"}],"neow_cost":"NONE","seed_source_timestamp":455632289340700,"circlet_count":0,"master_deck":["AscendersBane","Defend_G","Defend_G","Survivor","Neutralize","Doppelganger+1","Terror+1","Finisher","Backstab","Infinite Blades","Backflip","Crippling Poison","Blade Dance","Doppelganger","Concentrate+1","Masterful Stab+1","Bullet Time+1","Acrobatics+1","Expertise","Tactician+1","Footwork+1","Phantasmal Killer+1","Expertise+1","Catalyst+1","Night Terror","PiercingWail","Leg Sweep+1","Night Terror","Madness+1","Madness+1","Backflip+1","Outmaneuver+1","Dodge and Roll+1","Prepared+1"],"special_seed":0,"relics":["Ring of the Snake","Sundial","Gambling Chip","Strawberry","Odd Mushroom","Astrolabe","Calipers","Boot","Red Mask","Runic Pyramid","Regal Pillow","Toxic Egg 2","DollysMirror","StoneCalendar"],"potions_floor_usage":[],"damage_taken":[{"damage":9.0,"enemies":"Cultist","floor":1.0,"turns":5.0},{"damage":2.0,"enemies":"Jaw Worm","floor":2.0,"turns":5.0},{"damage":3.0,"enemies":"Small Slimes","floor":3.0,"turns":3.0},{"damage":13.0,"enemies":"Lagavulin","floor":7.0,"turns":8.0},{"damage":15.0,"enemies":"3 Sentries","floor":10.0,"turns":10.0},{"damage":2.0,"enemies":"The Mushroom Lair","floor":11.0,"turns":4.0},{"damage":8.0,"enemies":"Blue Slaver","floor":13.0,"turns":3.0},{"damage":21.0,"enemies":"The Guardian","floor":16.0,"turns":9.0},{"damage":0.0,"enemies":"Chosen","floor":18.0,"turns":2.0},{"damage":9.0,"enemies":"2 Thieves","floor":19.0,"turns":3.0},{"damage":0.0,"enemies":"Snecko","floor":20.0,"turns":2.0},{"damage":8.0,"enemies":"Snake Plant","floor":21.0,"turns":3.0},{"damage":17.0,"enemies":"Book of Stabbing","floor":23.0,"turns":5.0},{"damage":4.0,"enemies":"Sentry and Sphere","floor":25.0,"turns":4.0},{"damage":0.0,"enemies":"Snecko","floor":28.0,"turns":3.0},{"damage":0.0,"enemies":"Centurion and Healer","floor":29.0,"turns":4.0},{"damage":0.0,"enemies":"Masked Bandits","floor":30.0,"turns":2.0},{"damage":12.0,"enemies":"Champ","floor":33.0,"turns":7.0},{"damage":12.0,"enemies":"Orb Walker","floor":35.0,"turns":3.0},{"damage":0.0,"enemies":"3 Darklings","floor":37.0,"turns":5.0},{"damage":0.0,"enemies":"Transient","floor":38.0,"turns":6.0},{"damage":11.0,"enemies":"Sphere and 2 Shapes","floor":39.0,"turns":6.0},{"damage":3.0,"enemies":"Spire Growth","floor":41.0,"turns":3.0},{"damage":0.0,"enemies":"Nemesis","floor":42.0,"turns":5.0},{"damage":1.0,"enemies":"Giant Head","floor":47.0,"turns":4.0},{"damage":65.0,"enemies":"Awakened One","floor":50.0,"turns":9.0},{"damage":18,"enemies":"Donu and Deca","floor":51,"turns":1}],"seed_played":"-7430430664372000081","potions_obtained":[{"floor":1.0,"key":"EssenceOfSteel"},{"floor":7.0,"key":"SteroidPotion"},{"floor":10.0,"key":"SpeedPotion"},{"floor":11.0,"key":"Energy Potion"},{"floor":13.0,"key":"GamblersBrew"},{"floor":18.0,"key":"LiquidBronze"},{"floor":22.0,"key":"Fruit Juice"},{"floor":22.0,"key":"GamblersBrew"},{"floor":23.0,"key":"SneckoOil"},{"floor":25.0,"key":"PowerPotion"},{"floor":29.0,"key":"EssenceOfSteel"},{"floor":33.0,"key":"Poison Potion"},{"floor":35.0,"key":"SpeedPotion"},{"floor":36.0,"key":"SteroidPotion"},{"floor":38.0,"key":"Swift Potion"},{"floor":42.0,"key":"AttackPotion"}],"is_trial":false,"path_per_floor":["M","M","M","$","?","R","E","R","T","E","?","$","M","T","R","B",null,"M","M","M","M","?","E","R","M","T","R","M","M","?","?","R","B",null,"M","?","M","M","M","R","M","E","T","R","?","$","E","$","R","B","B"],"character_chosen":"THE_SILENT","items_purchased":["Infinite Blades","DollysMirror","Dodge and Roll+1","Prepared+1","Regen Potion"],"campfire_rested":2,"item_purchase_floors":[4,46,48,48,48],"current_hp_per_floor":[50,48,45,45,45,45,32,32,32,24,22,22,14,14,35,14,58,58,49,49,41,46,29,29,25,25,25,25,25,25,25,25,13,62,50,50,50,50,39,39,36,36,36,74,60,60,59,59,59,9,0],"gold":2,"neow_bonus":"TRANSFORM_CARD","is_prod":false,"is_daily":false,"chose_seed":false,"campfire_upgraded":6,"win_rate":0,"timestamp":1557505420,"path_taken":["M","?","M","$","?","R","E","R","T","E","?","?","M","?","R","BOSS","M","M","M","M","?","E","R","M","T","R","?","?","?","?","R","BOSS","M","?","?","M","M","R","M","E","T","R","?","$","E","$","R","BOSS","BOSS"],"build_version":"2019-01-23","purchased_purges":3,"victory":false,"max_hp_per_floor":[66,66,66,66,66,66,66,66,66,73,73,73,73,73,73,73,73,73,73,73,73,78,78,78,78,78,78,78,78,78,78,78,78,78,78,78,78,78,78,78,78,78,78,78,78,78,78,78,78,78,78],"card_choices":[{"not_picked":["Cloak And Dagger","Deflect"],"picked":"Terror","floor":1.0},{"not_picked":["PiercingWail","Poisoned Stab"],"picked":"Finisher","floor":2.0},{"not_picked":["Acrobatics","Noxious Fumes"],"picked":"Backstab","floor":3.0},{"not_picked":["Prepared","PiercingWail"],"picked":"Backflip","floor":7.0},{"not_picked":["Bane","Dagger Throw"],"picked":"Crippling Poison","floor":10.0},{"not_picked":["Tools of the Trade","Quick Slash"],"picked":"Blade Dance","floor":11.0},{"not_picked":["Bane","Finisher","Catalyst"],"picked":"SKIP","floor":13.0},{"not_picked":["Bane","Finisher","Catalyst"],"picked":"SKIP","floor":13.0},{"not_picked":["Unload","Tools of the Trade"],"picked":"Doppelganger","floor":16.0},{"not_picked":["Deflect","Slice"],"picked":"Acrobatics+1","floor":18.0},{"not_picked":["Endless Agony","Eviscerate+1"],"picked":"Expertise","floor":19.0},{"not_picked":["Backflip","Dagger Spray"],"picked":"Tactician","floor":20.0},{"not_picked":["Quick Slash","Underhanded Strike"],"picked":"Footwork","floor":21.0},{"not_picked":["Tactician","Dodge and Roll+1","Riddle With Holes"],"picked":"SKIP","floor":23.0},{"not_picked":["Blade Dance","Crippling Poison"],"picked":"Phantasmal Killer","floor":25.0},{"not_picked":["Deadly Poison+1","Sucker Punch","Deflect"],"picked":"SKIP","floor":28.0},{"not_picked":["Underhanded Strike","Riddle With Holes","Quick Slash"],"picked":"SKIP","floor":29.0},{"not_picked":["Distraction","Deflect+1"],"picked":"Expertise+1","floor":30.0},{"not_picked":["A Thousand Cuts","Envenom"],"picked":"Night Terror","floor":33.0},{"not_picked":["Tactician","Infinite Blades","Cloak And Dagger"],"picked":"SKIP","floor":35.0},{"not_picked":["Finisher","Heel Hook"],"picked":"PiercingWail","floor":37.0},{"not_picked":["Cloak And Dagger+1","Poisoned Stab","PiercingWail+1"],"picked":"SKIP","floor":38.0},{"not_picked":["Prepared","Deflect","Finisher"],"picked":"SKIP","floor":39.0},{"not_picked":["Riddle With Holes+1","Prepared"],"picked":"Leg Sweep+1","floor":41.0},{"not_picked":["Distraction+1","Outmaneuver"],"picked":"Night Terror","floor":42.0},{"not_picked":["Masterful Stab","Underhanded Strike"],"picked":"Outmaneuver+1","floor":47.0}],"player_experience":4973879,"relics_obtained":[{"floor":7.0,"key":"Sundial"},{"floor":9.0,"key":"Gambling Chip"},{"floor":10.0,"key":"Strawberry"},{"floor":11.0,"key":"Odd Mushroom"},{"floor":23.0,"key":"Calipers"},{"floor":26.0,"key":"Boot"},{"floor":30.0,"key":"Red Mask"},{"floor":42.0,"key":"Regal Pillow"},{"floor":43.0,"key":"Toxic Egg 2"},{"floor":47.0,"key":"StoneCalendar"}],"event_choices":[{"damage_healed":0.0,"max_hp_gain":0.0,"max_hp_loss":0.0,"gold_gain":0.0,"event_name":"Liars Game","player_choice":"Ignored","floor":5.0,"gold_loss":0.0,"damage_taken":0.0},{"damage_healed":0.0,"max_hp_gain":0.0,"max_hp_loss":0.0,"gold_gain":0.0,"event_name":"Mushrooms","player_choice":"Fought Mushrooms","floor":11.0,"gold_loss":0.0,"damage_taken":0.0},{"damage_healed":0.0,"max_hp_gain":0.0,"max_hp_loss":0.0,"gold_gain":0.0,"event_name":"The Woman in Blue","player_choice":"Bought 3 Potions","floor":22.0,"gold_loss":0.0,"damage_taken":0.0},{"damage_healed":0.0,"max_hp_gain":0.0,"max_hp_loss":0.0,"gold_gain":0.0,"event_name":"Masked Bandits","player_choice":"Fought Bandits","floor":30.0,"gold_loss":0.0,"damage_taken":0.0},{"damage_healed":0.0,"max_hp_gain":0.0,"max_hp_loss":0.0,"gold_gain":0.0,"cards_transformed":["Strike_G","Strike_G"],"event_name":"Drug Dealer","player_choice":"Became Test Subject","floor":31.0,"gold_loss":0.0,"damage_taken":0.0,"cards_obtained":["Catalyst","Glass Knife"]},{"damage_healed":0.0,"max_hp_gain":0.0,"max_hp_loss":0.0,"gold_gain":0.0,"event_name":"Lab","player_choice":"Got Potions","floor":36.0,"gold_loss":0.0,"damage_taken":0.0},{"damage_healed":0.0,"max_hp_gain":0.0,"max_hp_loss":0.0,"gold_gain":0.0,"event_name":"Winding Halls","player_choice":"Embrace Madness","floor":45.0,"gold_loss":0.0,"damage_taken":14.0,"cards_obtained":["Madness","Madness"]}],"is_beta":false,"boss_relics":[{"not_picked":["Calling Bell","Eternal Feather"],"picked":"Astrolabe"},{"not_picked":["Philosopher\u0027s Stone","Ring of the Serpent"],"picked":"Runic Pyramid"}],"items_purged_floors":[4,12,46],"is_endless":false,"potions_floor_spawned":[1,7,10,11,13,18,23,25,29,30,33,35,38,42],"killed_by":"Donu and Deca","ascension_level":20}