{"gold_per_floor":[111,127,137,137,157,192,192,203,203,236,77,92,92,119,119,194,194,211,241,241,191,191,223,234,234,234,260,270,304,304,330,330,407,407,422,19,30,30,40,40,68,68,121,343,371,263,296,396,396,396,396,396,396,23,55,55],"floor_reached":57,"playtime":2729,"items_purged":["Defend_B","Strike_B+1","Strike_B+1","Defend_B+1"],"score":2968,"play_id":"741cd8f3-91a7-4227-b39f-d2d753169551","local_time":"20190710014247","is_ascension_mode":true,"campfire_choices":[{"data":"Go for the Eyes","floor":7,"key":"SMITH"},{"data":"Barrage","floor":15,"key":"SMITH"},{"data":"Conserve Battery","floor":25,"key":"SMITH"},{"floor":30,"key":"REST"},{"data":"Defragment","floor":32,"key":"SMITH"},{"data":"Hologram","floor":40,"key":"SMITH"},{"floor":42,"key":"RECALL"},{"data":"Capacitor","floor":49,"key":"SMITH"},{"data":"Dualcast","floor":53,"key":"SMITH"}],"neow_cost":"NONE","seed_source_timestamp":27675527082100,"circlet_count":0,"master_deck":["AscendersBane","Defend_B+1","Zap","Dualcast+1","Ball Lightning","Lockon","Go for the Eyes+1","Genetic Algorithm","Ball Lightning","Conserve Battery+1","Barrage+1","White Noise","Undo","Conserve Battery","Melter","Electrodynamics","Glacier","Hologram+1","Redo+1","Defragment+1","Creative AI","Compile Driver+1","Conserve Battery+1","Skim+1","Darkness+1","Coolheaded+1","Capacitor+1","Recycle+1"],"relics":["Cracked Core","Pantograph","Gambling Chip","Symbiotic Virus","Smiling Mask","Bird Faced Urn","Philosopher\u0027s Stone","Red Mask","WingedGreaves","Pear","Nunchaku","Happy Flower","Gremlin Horn","Nuclear Battery","Membership Card","Toxic Egg 2","DataDisk","Centennial Puzzle","Vajra","Incense Burner","Medical Kit","Lantern","Kunai","Thread and Needle"],"potions_floor_usage":[5,10,16,23,27,33,41,55,56,56],"damage_taken":[{"damage":0,"enemies":"2 Louse","floor":1,"turns":1},{"damage":0,"enemies":"Cultist","floor":2,"turns":2},{"damage":2,"enemies":"Jaw Worm","floor":3,"turns":3},{"damage":0,"enemies":"2 Fungi Beasts","floor":5,"turns":3},{"damage":11,"enemies":"Gremlin Nob","floor":6,"turns":3},{"damage":2,"enemies":"3 Louse","floor":8,"turns":3},{"damage":10,"enemies":"Lagavulin","floor":10,"turns":6},{"damage":0,"enemies":"Exordium Wildlife","floor":12,"turns":3},{"damage":5,"enemies":"3 Sentries","floor":14,"turns":6},{"damage":0,"enemies":"The Guardian","floor":16,"turns":8},{"damage":0,"enemies":"Chosen","floor":18,"turns":3},{"damage":4,"enemies":"Masked Bandits","floor":19,"turns":3},{"damage":24,"enemies":"Gremlin Leader","floor":23,"turns":6},{"damage":0,"enemies":"Spheric Guardian","floor":24,"turns":2},{"damage":8,"enemies":"Book of Stabbing","floor":27,"turns":4},{"damage":1,"enemies":"Centurion and Healer","floor":28,"turns":5},{"damage":18,"enemies":"Slavers","floor":29,"turns":3},{"damage":16,"enemies":"Book of Stabbing","floor":31,"turns":5},{"damage":30,"enemies":"Automaton","floor":33,"turns":9},{"damage":10,"enemies":"Orb Walker","floor":35,"turns":4},{"damage":0,"enemies":"3 Darklings","floor":37,"turns":4},{"damage":3,"enemies":"Maw","floor":39,"turns":7},{"damage":13,"enemies":"Giant Head","floor":41,"turns":7},{"damage":19,"enemies":"Reptomancer","floor":45,"turns":5},{"damage":0,"enemies":"Nemesis","floor":47,"turns":4},{"damage":28,"enemies":"Mind Bloom Boss Battle","floor":48,"turns":8},{"damage":48,"enemies":"Donu and Deca","floor":50,"turns":12},{"damage":46,"enemies":"Time Eater","floor":51,"turns":20},{"damage":69,"enemies":"Shield and Spear","floor":55,"turns":8},{"damage":85,"enemies":"The Heart","floor":56,"turns":9}],"seed_played":"3717442177976022374","potions_obtained":[{"floor":2,"key":"FocusPotion"},{"floor":3,"key":"Block Potion"},{"floor":8,"key":"SpeedPotion"},{"floor":14,"key":"AttackPotion"},{"floor":16,"key":"FearPotion"},{"floor":28,"key":"FairyPotion"},{"floor":31,"key":"Energy Potion"},{"floor":33,"key":"SkillPotion"},{"floor":39,"key":"Weak Potion"},{"floor":41,"key":"Weak Potion"},{"floor":55,"key":"Strength Potion"}],"is_trial":false,"path_per_floor":["M","M","M","?","M","E","R","M","T","E","$","M","T","E","R","B",null,"M","?","?","$","?","E","M","R","T","E","M","E","R","E","R","B",null,"M","$","M","?","M","R","E","R","T","?","E","$","E","?","R","B","B",null,"R","$","E","B",null],"character_chosen":"DEFECT","items_purchased":["Undo","Membership Card","Toxic Egg 2","Coolheaded+1","Dexterity Potion","Medical Kit","Lantern","Kunai","Recycle+1"],"campfire_rested":1,"item_purchase_floors":[11,36,36,46,46,54,54,54,54],"current_hp_per_floor":[64,64,62,62,62,51,51,49,49,39,39,39,39,34,34,61,69,71,67,67,67,67,47,49,49,59,55,56,40,64,52,52,53,74,74,74,81,81,81,81,72,72,72,72,61,61,75,75,75,65,78,80,80,80,48,12],"gold":55,"neow_bonus":"REMOVE_CARD","is_prod":false,"is_daily":false,"chose_seed":false,"campfire_upgraded":7,"win_rate":0,"timestamp":1562690567,"path_taken":["M","M","M","?","?","E","R","M","T","E","$","M","?","E","R","BOSS","M","?","?","$","?","E","M","R","T","E","M","E","R","E","R","BOSS","M","$","M","?","M","R","E","R","T","?","E","$","E","?","R","BOSS","BOSS","R","$","E","BOSS"],"build_version":"2019-07-05","purchased_purges":4,"victory":true,"max_hp_per_floor":[71,71,71,71,71,71,71,71,71,71,71,71,71,71,71,71,71,71,71,71,71,71,71,71,71,81,81,81,81,81,81,81,81,81,81,81,81,81,81,81,81,81,81,81,81,81,81,81,81,81,81,81,81,81,81,81],"card_choices":[{"not_picked":["Cold Snap","Barrage"],"picked":"Ball Lightning","floor":1},{"not_picked":["Beam Cell","Conserve Battery"],"picked":"Lockon","floor":2},{"not_picked":["Barrage","Double Energy"],"picked":"Go for the Eyes","floor":3},{"not_picked":["Auto Shields","Defragment"],"picked":"Ball Lightning","floor":5},{"not_picked":["All For One","Storm"],"picked":"Conserve Battery","floor":6},{"not_picked":["Go for the Eyes","Loop"],"picked":"Barrage","floor":8},{"not_picked":["Force Field","Ball Lightning"],"picked":"White Noise","floor":10},{"not_picked":["Lockon","Auto Shields"],"picked":"Conserve Battery","floor":12},{"not_picked":["Aggregate","Steam"],"picked":"Melter","floor":14},{"not_picked":["Hyperbeam","Rainbow"],"picked":"Electrodynamics","floor":16},{"not_picked":["Heatsinks","Redo","Turbo"],"picked":"SKIP","floor":18},{"not_picked":["Turbo","Barrage"],"picked":"Glacier","floor":23},{"not_picked":["Blizzard","Sweeping Beam"],"picked":"Hologram","floor":24},{"not_picked":["Gash","Multi-Cast"],"picked":"Redo+1","floor":27},{"not_picked":["Beam Cell","Aggregate","Melter"],"picked":"SKIP","floor":28},{"not_picked":["Recycle","Darkness","Sweeping Beam"],"picked":"SKIP","floor":29},{"not_picked":["Blizzard","Chill"],"picked":"Defragment","floor":31},{"not_picked":["Fission","Rainbow"],"picked":"Creative AI","floor":33},{"not_picked":["Rebound+1","Turbo+1"],"picked":"Compile Driver+1","floor":35},{"not_picked":["Gash","Stack+1"],"picked":"Conserve Battery+1","floor":37},{"not_picked":["Force Field+1","Turbo+1","Stack+1"],"picked":"SKIP","floor":39},{"not_picked":["Force Field+1","Turbo+1","Stack+1"],"picked":"SKIP","floor":39},{"not_picked":["Undo+1","Rebound+1"],"picked":"Skim+1","floor":41},{"not_picked":["Stack+1","Scrape"],"picked":"Darkness+1","floor":45},{"not_picked":["Conserve Battery+1","Compile Driver+1","Tempest+1"],"picked":"SKIP","floor":47},{"not_picked":["Steam+1","Cold Snap"],"picked":"Capacitor","floor":48},{"not_picked":["Redo+1","Biased Cognition","Gash+1"],"picked":"SKIP","floor":55}],"player_experience":5634706,"relics_obtained":[{"floor":6,"key":"Pantograph"},{"floor":9,"key":"Gambling Chip"},{"floor":10,"key":"Symbiotic Virus"},{"floor":13,"key":"Smiling Mask"},{"floor":14,"key":"Bird Faced Urn"},{"floor":19,"key":"Red Mask"},{"floor":23,"key":"WingedGreaves"},{"floor":26,"key":"Pear"},{"floor":27,"key":"Nunchaku"},{"floor":29,"key":"Happy Flower"},{"floor":31,"key":"Gremlin Horn"},{"floor":41,"key":"DataDisk"},{"floor":45,"key":"Centennial Puzzle"},{"floor":47,"key":"Vajra"},{"floor":48,"key":"Incense Burner"},{"floor":55,"key":"Thread and Needle"}],"event_choices":[{"damage_healed":0,"gold_gain":0,"cards_transformed":["Strike_B"],"player_choice":"Transformed","damage_taken":0,"max_hp_gain":0,"max_hp_loss":0,"event_name":"Transmorgrifier","floor":4,"gold_loss":0,"cards_obtained":["Genetic Algorithm"]},{"damage_healed":0,"gold_gain":0,"player_choice":"Fought Bandits","damage_taken":0,"max_hp_gain":0,"max_hp_loss":0,"event_name":"Masked Bandits","floor":19,"gold_loss":0},{"damage_healed":0,"gold_gain":0,"player_choice":"Simplicity","damage_taken":0,"max_hp_gain":0,"max_hp_loss":0,"event_name":"Back to Basics","floor":20,"gold_loss":0,"cards_upgraded":["Strike_B","Strike_B","Defend_B","Defend_B","Defend_B"]},{"damage_healed":0,"gold_gain":0,"player_choice":"Ignored","damage_taken":0,"max_hp_gain":0,"max_hp_loss":0,"event_name":"Vampires","floor":22,"gold_loss":0},{"cards_removed":["Defend_B"],"damage_healed":0,"gold_gain":0,"player_choice":"Removed Skill","damage_taken":0,"max_hp_gain":0,"max_hp_loss":0,"event_name":"Falling","floor":38,"gold_loss":0},{"damage_healed":0,"gold_gain":222,"player_choice":"Wore Mask","damage_taken":0,"max_hp_gain":0,"max_hp_loss":0,"event_name":"Tomb of Lord Red Mask","floor":44,"gold_loss":0},{"damage_healed":0,"gold_gain":0,"player_choice":"Fight","damage_taken":0,"max_hp_gain":0,"max_hp_loss":0,"event_name":"MindBloom","floor":48,"gold_loss":0}],"is_beta":false,"boss_relics":[{"not_picked":["Cursed Key","Runic Dome"],"picked":"Philosopher\u0027s Stone"},{"not_picked":["Eternal Feather","Runic Pyramid"],"picked":"Nuclear Battery"}],"items_purged_floors":[11,21,36,46],"is_endless":false,"potions_floor_spawned":[2,3,8,14,16,18,19,28,31,33,39,41,45,55],"ascension_level":20}