{"gold_per_floor":[114,0,0,15,31,31,31,47,47,97,111,111,136,153,153,230,230,241,241,241,273,323,323,353,342,354,266,141,141,3,15,15,94,94,105,119,129,148,158,187,187,215,297,307,341,391,391,241,241,241,241,241,241,66,96,96],"floor_reached":57,"playtime":2167,"items_purged":["Defend_G","Strike_G","Strike_G","Defend_G","Strike_G+1"],"score":3420,"play_id":"bf897731-5d4b-4569-8c56-223eb1b1c5ab","local_time":"20190505014413","is_ascension_mode":true,"campfire_choices":[{"data":"Calculated Gamble","floor":6.0,"key":"SMITH"},{"data":"Acrobatics","floor":12.0,"key":"SMITH"},{"data":"Grand Finale","floor":15.0,"key":"SMITH"},{"data":"Tactician","floor":23.0,"key":"SMITH"},{"floor":29.0,"key":"REST"},{"data":"Reflex","floor":32.0,"key":"SMITH"},{"data":"Tactician","floor":41,"key":"SMITH"},{"floor":49,"key":"RECALL"},{"data":"Backflip","floor":53,"key":"SMITH"}],"neow_cost":"NONE","seed_source_timestamp":1202808069499300,"circlet_count":0,"master_deck":["AscendersBane","Defend_G","Defend_G","Defend_G","Survivor+1","Neutralize+1","Grand Finale+1","Well Laid Plans+1","Quick Slash+1","Calculated Gamble+1","Acrobatics+1","Tactician+1","Terror+1","Tactician+1","Reflex+1","Escape Plan+1","Backflip+1","Acrobatics","PiercingWail+1"],"special_seed":0,"relics":["Ring of the Snake","Juzu Bracelet","Bottled Flame","Black Star","Red Mask","Snake Skull","MawBank","Empty Cage","Orichalcum","War Paint","Ancient Tea Set","Bottled Lightning","Meat on the Bone","Paper Crane","Boot","Whetstone"],"potions_floor_usage":[56],"damage_taken":[{"damage":4.0,"enemies":"Jaw Worm","floor":1.0,"turns":4.0},{"damage":1.0,"enemies":"Small Slimes","floor":4.0,"turns":5.0},{"damage":0.0,"enemies":"Cultist","floor":5.0,"turns":3.0},{"damage":0.0,"enemies":"Large Slime","floor":8.0,"turns":3.0},{"damage":2.0,"enemies":"Exordium Thugs","floor":11.0,"turns":4.0},{"damage":0.0,"enemies":"Lagavulin","floor":13.0,"turns":3.0},{"damage":0.0,"enemies":"Blue Slaver","floor":14.0,"turns":2.0},{"damage":14.0,"enemies":"Hexaghost","floor":16.0,"turns":9.0},{"damage":0.0,"enemies":"Spheric Guardian","floor":18.0,"turns":1.0},{"damage":0.0,"enemies":"Masked Bandits","floor":21.0,"turns":1.0},{"damage":36.0,"enemies":"Slavers","floor":24.0,"turns":4.0},{"damage":14.0,"enemies":"2 Thieves","floor":25.0,"turns":4.0},{"damage":0.0,"enemies":"Snecko","floor":31.0,"turns":2.0},{"damage":0.0,"enemies":"Automaton","floor":33.0,"turns":5.0},{"damage":34.0,"enemies":"Orb Walker","floor":35.0,"turns":5.0},{"damage":0.0,"enemies":"3 Darklings","floor":36.0,"turns":1.0},{"damage":0.0,"enemies":"Transient","floor":37.0,"turns":5.0},{"damage":0.0,"enemies":"Spire Growth","floor":38.0,"turns":3.0},{"damage":0.0,"enemies":"Writhing Mass","floor":39.0,"turns":2.0},{"damage":0,"enemies":"Nemesis","floor":40,"turns":1},{"damage":0,"enemies":"Reptomancer","floor":42,"turns":1},{"damage":0,"enemies":"Jaw Worm Horde","floor":44,"turns":1},{"damage":0,"enemies":"Giant Head","floor":45,"turns":1},{"damage":0,"enemies":"Awakened One","floor":50,"turns":3},{"damage":0,"enemies":"Donu and Deca","floor":51,"turns":1},{"damage":0,"enemies":"Shield and Spear","floor":55,"turns":1},{"damage":42,"enemies":"The Heart","floor":56,"turns":6}],"seed_played":"9025754690329301684","potions_obtained":[{"floor":4.0,"key":"GamblersBrew"},{"floor":5.0,"key":"Fire Potion"},{"floor":11.0,"key":"Regen Potion"},{"floor":16.0,"key":"GamblersBrew"},{"floor":18.0,"key":"AttackPotion"},{"floor":21.0,"key":"Ancient Potion"},{"floor":25.0,"key":"Regen Potion"},{"floor":36.0,"key":"Block Potion"},{"floor":37.0,"key":"LiquidBronze"},{"floor":55,"key":"GamblersBrew"}],"is_trial":false,"path_per_floor":["M","$","?","M","M","R","?","M","T","?","M","R","E","M","R","B",null,"M","?","?","?","?","R","E","M","T","$","$","R","$","M","R","B",null,"M","M","M","M","M","E","R","E","T","M","E","?","?","$","R","B","B",null,"R","$","E","B",null],"character_chosen":"THE_SILENT","items_purchased":["Well Laid Plans","Reflex","Swift Potion"],"campfire_rested":1,"item_purchase_floors":[2,30,30],"current_hp_per_floor":[55,55,35,34,34,34,34,34,34,34,32,32,41,41,41,27,56,56,56,56,56,56,56,20,6,6,6,6,25,25,25,25,39,59,25,25,25,25,25,25,25,25,25,25,25,25,25,25,25,37,37,59,59,59,59,29],"gold":96,"neow_bonus":"ONE_RANDOM_RARE_CARD","is_prod":false,"is_daily":false,"chose_seed":false,"campfire_upgraded":7,"win_rate":0,"timestamp":1556988253,"path_taken":["M","$","?","M","M","R","?","?","T","?","M","R","E","M","R","BOSS","M","?","?","?","?","R","E","M","T","?","$","R","$","M","R","BOSS","M","M","M","M","M","E","R","E","T","M","E","?","?","$","R","BOSS","BOSS","R","$","E","BOSS"],"build_version":"2019-01-23","purchased_purges":5,"victory":true,"max_hp_per_floor":[66,66,66,66,66,66,66,66,66,66,66,66,66,66,66,66,66,66,66,66,66,66,66,66,66,66,66,66,66,66,66,66,66,66,66,66,66,66,66,66,66,66,66,66,66,66,66,66,66,66,66,66,66,66,66,66],"card_choices":[{"not_picked":["Dodge and Roll","Accuracy","Eviscerate"],"picked":"SKIP","floor":1.0},{"not_picked":["Blade Dance","Outmaneuver"],"picked":"Quick Slash","floor":4.0},{"not_picked":["Flechettes","Cloak And Dagger"],"picked":"Calculated Gamble","floor":5.0},{"not_picked":["Blade Dance","Masterful Stab"],"picked":"Acrobatics","floor":8.0},{"not_picked":["Flying Knee","Dash","Deflect"],"picked":"SKIP","floor":11.0},{"not_picked":["Bullet Time","Slice","Flying Knee"],"picked":"SKIP","floor":13.0},{"not_picked":["Bullet Time","Slice","Flying Knee"],"picked":"SKIP","floor":13.0},{"not_picked":["Slice","Sucker Punch","Noxious Fumes"],"picked":"SKIP","floor":14.0},{"not_picked":["Masterful Stab","PiercingWail","Dagger Throw"],"picked":"SKIP","floor":18.0},{"not_picked":["Sucker Punch+1","Masterful Stab"],"picked":"Terror","floor":24.0},{"not_picked":["Blade Dance","Corpse Explosion"],"picked":"Tactician","floor":25.0},{"not_picked":["Blur","Bouncing Flask","Dagger Spray"],"picked":"SKIP","floor":31.0},{"not_picked":["Dagger Spray+1","Bane"],"picked":"Escape Plan","floor":35.0},{"not_picked":["Masterful Stab+1","Acrobatics"],"picked":"Backflip","floor":36.0},{"not_picked":["Eviscerate+1","Deadly Poison+1"],"picked":"Acrobatics","floor":37.0},{"not_picked":["Quick Slash","Riddle With Holes","Prepared"],"picked":"SKIP","floor":38.0},{"not_picked":["Tactician","Poisoned Stab","Catalyst+1"],"picked":"SKIP","floor":39.0},{"not_picked":["Eviscerate","Flying Knee+1","Backflip"],"picked":"SKIP","floor":40},{"not_picked":["Heel Hook","Glass Knife","Riddle With Holes+1"],"picked":"SKIP","floor":42},{"not_picked":["Terror","Dagger Spray+1","Backflip"],"picked":"SKIP","floor":44},{"not_picked":["Deflect","Deadly Poison","Blade Dance"],"picked":"SKIP","floor":45},{"not_picked":["Eviscerate+1","Noxious Fumes+1"],"picked":"PiercingWail+1","floor":55}],"player_experience":4914161,"relics_obtained":[{"floor":9.0,"key":"Juzu Bracelet"},{"floor":13.0,"key":"Bottled Flame"},{"floor":21.0,"key":"Red Mask"},{"floor":24.0,"key":"Snake Skull"},{"floor":24.0,"key":"MawBank"},{"floor":40,"key":"Orichalcum"},{"floor":40,"key":"War Paint"},{"floor":42,"key":"Ancient Tea Set"},{"floor":43,"key":"Bottled Lightning"},{"floor":45,"key":"Meat on the Bone"},{"floor":45,"key":"Paper Crane"},{"floor":55,"key":"Boot"},{"floor":55,"key":"Whetstone"}],"event_choices":[{"damage_healed":0.0,"max_hp_gain":0.0,"max_hp_loss":0.0,"gold_gain":0.0,"event_name":"Shining Light","player_choice":"Entered Light","floor":3.0,"gold_loss":0.0,"damage_taken":20.0,"cards_upgraded":["Strike_G","Survivor"]},{"damage_healed":0.0,"max_hp_gain":0.0,"max_hp_loss":0.0,"gold_gain":0.0,"event_name":"Accursed Blacksmith","player_choice":"Forge","floor":7.0,"gold_loss":0.0,"damage_taken":0.0,"cards_upgraded":["Well Laid Plans"]},{"damage_healed":0.0,"max_hp_gain":0.0,"max_hp_loss":0.0,"gold_gain":50.0,"event_name":"Golden Shrine","player_choice":"Pray","floor":10.0,"gold_loss":0.0,"damage_taken":0.0},{"damage_healed":0.0,"max_hp_gain":0.0,"max_hp_loss":0.0,"gold_gain":0.0,"event_name":"The Library","player_choice":"Read","floor":19.0,"gold_loss":0.0,"damage_taken":0.0,"cards_obtained":["Tactician"]},{"damage_healed":0.0,"max_hp_gain":0.0,"max_hp_loss":0.0,"gold_gain":0.0,"event_name":"Cursed Tome","player_choice":"Ignored","floor":20.0,"gold_loss":0.0,"damage_taken":0.0},{"damage_healed":0.0,"max_hp_gain":0.0,"max_hp_loss":0.0,"gold_gain":0.0,"event_name":"Masked Bandits","player_choice":"Fought Bandits","floor":21.0,"gold_loss":0.0,"damage_taken":0.0},{"damage_healed":0.0,"max_hp_gain":0.0,"max_hp_loss":0.0,"gold_gain":50.0,"event_name":"Nest","player_choice":"Stole From Cult","floor":22.0,"gold_loss":0.0,"damage_taken":0.0},{"damage_healed":0,"gold_gain":50,"player_choice":"Pray","damage_taken":0,"max_hp_gain":0,"max_hp_loss":0,"event_name":"Golden Shrine","floor":46,"gold_loss":0},{"damage_healed":0,"gold_gain":0,"player_choice":"Ignored","damage_taken":0,"max_hp_gain":0,"max_hp_loss":0,"event_name":"The Moai Head","floor":47,"gold_loss":0}],"is_beta":false,"boss_relics":[{"not_picked":["Runic Dome","Philosopher\u0027s Stone"],"picked":"Black Star"},{"not_picked":["Fusion Hammer","Astrolabe"],"picked":"Empty Cage"}],"items_purged_floors":[2,27,28,48,54],"is_endless":false,"potions_floor_spawned":[4,5,11,16,18,21,25,36,37,39,55],"ascension_level":20}