{"gold_per_floor":[115,115,115,69,79,114,114,127,152,152,152,169,169,181,181,279,279,292,312,325,0,14,14,14,42,66,99,99,99,114,140,140,140],"floor_reached":33,"playtime":986,"items_purged":[],"score":462,"play_id":"88385a17-a819-4687-8013-5b1af2da346d","local_time":"20190707180425","is_ascension_mode":true,"campfire_choices":[{"data":"Bash","floor":7,"key":"SMITH"},{"data":"Clothesline","floor":13,"key":"SMITH"},{"data":"Spot Weakness","floor":15,"key":"SMITH"},{"floor":23,"key":"REST"},{"floor":29,"key":"REST"},{"floor":32,"key":"REST"}],"neow_cost":"NONE","seed_source_timestamp":1400457377494867,"circlet_count":0,"master_deck":["Strike_R","Strike_R","Strike_R","Strike_R","Strike_R","Defend_R","Defend_R","Defend_R","Defend_R","Bash+1","Wild Strike","Shrug It Off","Clothesline+1","Shockwave+1","Shrug It Off","Spot Weakness+1","Pommel Strike","True Grit+1","Ghostly Armor","Cleave","Ghostly Armor+1","Writhe","Pommel Strike","Inflame","Armaments","Dropkick"],"relics":["Burning Blood","NeowsBlessing","Orichalcum","Potion Belt","Sozu","Sling","PreservedInsect","Oddly Smooth Stone","Blood Vial","Bottled Lightning","Anchor"],"potions_floor_usage":[16,16,16,16],"damage_taken":[{"damage":0,"enemies":"Jaw Worm","floor":1,"turns":1},{"damage":0,"enemies":"Small Slimes","floor":5,"turns":1},{"damage":0,"enemies":"Gremlin Nob","floor":6,"turns":1},{"damage":0,"enemies":"Cultist","floor":8,"turns":3},{"damage":8,"enemies":"Blue Slaver","floor":12,"turns":4},{"damage":0,"enemies":"Large Slime","floor":14,"turns":5},{"damage":29,"enemies":"Hexaghost","floor":16,"turns":11},{"damage":19,"enemies":"2 Thieves","floor":18,"turns":4},{"damage":8,"enemies":"Shell Parasite","floor":19,"turns":4},{"damage":17,"enemies":"Shelled Parasite and Fungi","floor":20,"turns":5},{"damage":35,"enemies":"Snake Plant","floor":22,"turns":5},{"damage":21,"enemies":"Slavers","floor":25,"turns":4},{"damage":26,"enemies":"Gremlin Leader","floor":27,"turns":6},{"damage":6,"enemies":"Colosseum Slavers","floor":28,"turns":5},{"damage":22,"enemies":"3 Cultists","floor":30,"turns":7},{"damage":15,"enemies":"Book of Stabbing","floor":31,"turns":5},{"damage":65,"enemies":"Automaton","floor":33,"turns":6}],"seed_played":"970598650393337679","potions_obtained":[{"floor":5,"key":"FearPotion"},{"floor":8,"key":"Dexterity Potion"},{"floor":11,"key":"LiquidBronze"},{"floor":11,"key":"GamblersBrew"},{"floor":11,"key":"FearPotion"},{"floor":16,"key":"Ancient Potion"}],"is_trial":false,"path_per_floor":["M","$","?","$","M","E","R","M","T","?","?","M","R","M","R","B",null,"M","M","M","$","M","R","?","E","T","E","?","R","M","E","R","B"],"character_chosen":"IRONCLAD","items_purchased":["Shrug It Off","Sling","Ghostly Armor","Cleave"],"campfire_rested":3,"item_purchase_floors":[4,21,21,21],"current_hp_per_floor":[78,78,78,78,80,80,80,80,80,80,80,78,78,80,80,57,74,61,59,48,48,19,43,43,28,28,10,12,36,22,15,39,0],"gold":140,"neow_bonus":"THREE_ENEMY_KILL","is_prod":false,"is_daily":false,"chose_seed":false,"campfire_upgraded":3,"win_rate":0,"timestamp":1562519065,"path_taken":["M","$","?","$","M","E","R","M","T","?","?","?","R","M","R","BOSS","M","M","M","$","M","R","?","E","T","E","?","R","M","E","R","BOSS"],"build_version":"2019-07-05","purchased_purges":0,"victory":false,"max_hp_per_floor":[80,80,80,80,80,80,80,80,80,80,80,80,80,80,80,80,80,80,80,80,80,80,80,80,80,80,80,80,80,80,80,80,80],"card_choices":[{"not_picked":["Armaments","Heavy Blade"],"picked":"Wild Strike","floor":1},{"not_picked":["Infernal Blade","Sentinel"],"picked":"Clothesline","floor":5},{"not_picked":["Armaments","Barricade"],"picked":"Shockwave","floor":6},{"not_picked":["Armaments","Corruption"],"picked":"Shrug It Off","floor":8},{"not_picked":["Sever Soul","Anger","Rage"],"picked":"SKIP","floor":12},{"not_picked":["Battle Trance","Sword Boomerang"],"picked":"Spot Weakness","floor":14},{"not_picked":["Iron Wave","Warcry"],"picked":"Pommel Strike","floor":18},{"not_picked":["Thunderclap","Body Slam","Reckless Charge+1"],"picked":"SKIP","floor":19},{"not_picked":["Armaments","Ghostly Armor"],"picked":"True Grit+1","floor":20},{"not_picked":["Rupture","Feel No Pain+1"],"picked":"Ghostly Armor+1","floor":22},{"not_picked":["Wild Strike","Havoc"],"picked":"Pommel Strike","floor":25},{"not_picked":["Sentinel","Power Through"],"picked":"Inflame","floor":27},{"not_picked":["Barricade","Sentinel"],"picked":"Armaments","floor":30},{"not_picked":["Body Slam+1","Dropkick","Hemokinesis"],"picked":"SKIP","floor":31},{"not_picked":["Body Slam+1","Hemokinesis"],"picked":"Dropkick","floor":31}],"player_experience":233456,"relics_obtained":[{"floor":6,"key":"Orichalcum"},{"floor":9,"key":"Potion Belt"},{"floor":25,"key":"Oddly Smooth Stone"},{"floor":26,"key":"Blood Vial"},{"floor":27,"key":"Bottled Lightning"},{"floor":31,"key":"Anchor"}],"event_choices":[{"damage_healed":0,"gold_gain":0,"player_choice":"Ignored","damage_taken":0,"max_hp_gain":0,"max_hp_loss":0,"event_name":"Liars Game","floor":3,"gold_loss":0},{"damage_healed":0,"gold_gain":0,"player_choice":"Grow","damage_taken":0,"max_hp_gain":0,"max_hp_loss":0,"event_name":"Living Wall","floor":10,"gold_loss":0,"cards_upgraded":["Shockwave"]},{"damage_healed":0,"gold_gain":0,"player_choice":"Got Potions","damage_taken":0,"max_hp_gain":0,"max_hp_loss":0,"event_name":"Lab","floor":11,"gold_loss":0},{"damage_healed":0,"gold_gain":0,"player_choice":"Opened","damage_taken":0,"relics_obtained":["PreservedInsect"],"max_hp_gain":0,"max_hp_loss":0,"event_name":"The Mausoleum","floor":24,"gold_loss":0,"cards_obtained":["Writhe"]},{"damage_healed":0,"gold_gain":0,"player_choice":"Fight","damage_taken":0,"max_hp_gain":0,"max_hp_loss":0,"event_name":"Colosseum","floor":28,"gold_loss":0},{"damage_healed":0,"gold_gain":0,"player_choice":"Fled From Nobs","damage_taken":0,"max_hp_gain":0,"max_hp_loss":0,"event_name":"Colosseum","floor":28,"gold_loss":0}],"is_beta":false,"boss_relics":[{"not_picked":["Ectoplasm","Orrery"],"picked":"Sozu"}],"items_purged_floors":[],"is_endless":false,"potions_floor_spawned":[5,8,16,19,20,30,31],"killed_by":"Automaton","ascension_level":8}