{"gold_per_floor":[99,99,46,46,46,46,46,46,46,46,46,46,19,19,19,19,19,19,19,19,19,19,19],"floor_reached":23,"playtime":714,"items_purged":[],"score":343,"play_id":"c63b9a34-2927-4310-95ed-da09634dec73","local_time":"20190712000506","is_ascension_mode":true,"campfire_choices":[{"data":"Bash","floor":7,"key":"SMITH"},{"data":"Armaments","floor":10,"key":"SMITH"},{"floor":15,"key":"REST"}],"neow_cost":"NONE","seed_source_timestamp":1767975550499463,"circlet_count":0,"master_deck":["AscendersBane","Defend_R","Defend_R","Defend_R","Defend_R","Bash+1","Anger","Bash","Bandage Up","Armaments+1","Battle Trance","Infernal Blade","Whirlwind","Anger","True Grit","Shrug It Off","Ghostly Armor","Exhume","Parasite","Parasite","Pain","Cleave","Thunderclap","Blood for Blood","Bite","Bite","Bite","Bite","Bite"],"relics":["Ectoplasm","Juzu Bracelet","Art of War","Calling Bell","Bronze Scales","Toxic Egg 2","Old Coin"],"potions_floor_usage":[16,22,23],"damage_taken":[{"damage":0,"enemies":"2 Louse","floor":1,"turns":3},{"damage":1,"enemies":"Cultist","floor":4,"turns":3},{"damage":4,"enemies":"Small Slimes","floor":5,"turns":3},{"damage":20,"enemies":"Lagavulin","floor":6,"turns":7},{"damage":17,"enemies":"3 Louse","floor":8,"turns":3},{"damage":0,"enemies":"Exordium Wildlife","floor":11,"turns":3},{"damage":8,"enemies":"Blue Slaver","floor":12,"turns":2},{"damage":4,"enemies":"Red Slaver","floor":14,"turns":3},{"damage":40,"enemies":"The Guardian","floor":16,"turns":8},{"damage":12,"enemies":"Shell Parasite","floor":18,"turns":5},{"damage":6,"enemies":"3 Byrds","floor":22,"turns":4},{"damage":68,"enemies":"Slavers","floor":23,"turns":4}],"seed_played":"-3350315641471130491","potions_obtained":[{"floor":5,"key":"FearPotion"},{"floor":8,"key":"Strength Potion"},{"floor":16,"key":"Explosive Potion"},{"floor":18,"key":"SkillPotion"}],"is_trial":false,"path_per_floor":["M","?","$","M","M","E","R","M","T","R","M","M","$","M","R","B",null,"M","?","?","?","M","E"],"character_chosen":"IRONCLAD","items_purchased":["Armaments","Shrug It Off"],"campfire_rested":1,"item_purchase_floors":[3,13],"current_hp_per_floor":[72,72,72,75,75,60,60,47,47,47,53,45,45,45,69,35,69,57,57,57,56,56,0],"gold":19,"neow_bonus":"BOSS_RELIC","is_prod":false,"is_daily":false,"chose_seed":false,"campfire_upgraded":2,"win_rate":0,"timestamp":1562886306,"path_taken":["M","?","$","M","?","E","R","M","T","R","M","M","$","M","R","BOSS","M","?","?","?","M","E"],"build_version":"2019-07-05","purchased_purges":0,"victory":false,"max_hp_per_floor":[80,80,80,80,80,80,80,80,80,80,80,80,80,80,80,80,80,80,80,80,56,56,56],"card_choices":[{"not_picked":["Warcry","Bloodletting"],"picked":"Anger","floor":1},{"not_picked":["Flex","Cleave"],"picked":"Battle Trance","floor":4},{"not_picked":["Feel No Pain","Second Wind"],"picked":"Infernal Blade","floor":5},{"not_picked":["Wild Strike","Metallicize","Searing Blow"],"picked":"SKIP","floor":6},{"not_picked":["Dropkick","Rage"],"picked":"Whirlwind","floor":8},{"not_picked":["Iron Wave","Feel No Pain"],"picked":"Anger","floor":11},{"not_picked":["Anger","Perfected Strike"],"picked":"True Grit","floor":12},{"not_picked":["Power Through","Clash"],"picked":"Ghostly Armor","floor":14},{"not_picked":["Juggernaut","Bludgeon"],"picked":"Exhume","floor":16},{"not_picked":["Perfected Strike","Blood for Blood"],"picked":"Cleave","floor":18},{"not_picked":["Armaments+1","Headbutt","Metallicize"],"picked":"SKIP","floor":22}],"player_experience":367623,"relics_obtained":[{"floor":6,"key":"Juzu Bracelet"},{"floor":9,"key":"Art of War"},{"floor":17,"key":"Bronze Scales"},{"floor":17,"key":"Toxic Egg 2"},{"floor":17,"key":"Old Coin"}],"event_choices":[{"damage_healed":0,"gold_gain":0,"player_choice":"2 cards matched","damage_taken":0,"max_hp_gain":0,"max_hp_loss":0,"event_name":"Match and Keep!","floor":2,"gold_loss":0,"cards_obtained":["Bash","Bandage Up"]},{"damage_healed":0,"gold_gain":0,"cards_transformed":["Strike_R","Strike_R"],"player_choice":"Became Test Subject","damage_taken":0,"max_hp_gain":0,"max_hp_loss":0,"event_name":"Drug Dealer","floor":19,"gold_loss":0,"cards_obtained":["Thunderclap","Blood for Blood"]},{"damage_healed":0,"gold_gain":0,"player_choice":"Became a vampire","damage_taken":0,"max_hp_gain":0,"max_hp_loss":24,"event_name":"Vampires","floor":21,"gold_loss":0,"cards_obtained":["Bite","Bite","Bite","Bite","Bite"]}],"is_beta":false,"boss_relics":[{"not_picked":["Coffee Dripper","Velvet Choker"],"picked":"Calling Bell"}],"items_purged_floors":[],"is_endless":false,"potions_floor_spawned":[5,8,11,16,18],"killed_by":"Slavers","ascension_level":13}