{"gold_per_floor":[110,122,197,209,224,250,250,250],"floor_reached":8,"playtime":213,"items_purged":[],"score":116,"play_id":"9402b040-6cbc-4666-9aa8-85b13ce29726","local_time":"20190326000636","is_ascension_mode":true,"campfire_choices":[{"floor":7,"key":"REST"}],"neow_cost":"NONE","seed_source_timestamp":1038056581768600,"circlet_count":0,"master_deck":["AscendersBane","Defend_G","Defend_G","Defend_G","Defend_G","Defend_G","Strike_G","Strike_G","Strike_G","Strike_G","Survivor","Neutralize","Quick Slash","Slice","Leg Sweep","Deadly Poison","Cloak And Dagger","Backflip","Riddle With Holes"],"relics":["Ring of the Snake","Dream Catcher"],"potions_floor_usage":[5,6],"damage_taken":[{"damage":0,"enemies":"Jaw Worm","floor":1,"turns":5},{"damage":0,"enemies":"2 Louse","floor":2,"turns":4},{"damage":2,"enemies":"Small Slimes","floor":4,"turns":4},{"damage":10,"enemies":"Gremlin Gang","floor":5,"turns":7},{"damage":32,"enemies":"Lagavulin","floor":6,"turns":9},{"damage":0,"enemies":"Gremlin Nob","floor":8,"turns":1}],"seed_played":"-6922651913072762581","potions_obtained":[{"floor":1,"key":"Poison Potion"},{"floor":5,"key":"FearPotion"}],"is_trial":false,"path_per_floor":["M","M","?","M","M","E","R","E"],"character_chosen":"THE_SILENT","items_purchased":[],"campfire_rested":1,"item_purchase_floors":[],"current_hp_per_floor":[59,59,48,46,36,4,23,23],"gold":250,"neow_bonus":"TRANSFORM_CARD","is_prod":false,"is_daily":false,"chose_seed":false,"campfire_upgraded":0,"win_rate":0,"timestamp":1553526396,"path_taken":["M","M","?","M","M","E","R","E"],"build_version":"2019-01-23","purchased_purges":0,"victory":false,"max_hp_per_floor":[66,66,66,66,66,66,66,66],"card_choices":[{"not_picked":["Escape Plan","Sucker Punch"],"picked":"Slice","floor":1},{"not_picked":["Outmaneuver","Deflect"],"picked":"Leg Sweep","floor":2},{"not_picked":["Footwork","Acrobatics"],"picked":"Deadly Poison","floor":4},{"not_picked":["Heel Hook","PiercingWail"],"picked":"Cloak And Dagger","floor":5},{"not_picked":["Underhanded Strike","Slice"],"picked":"Backflip","floor":6},{"not_picked":["Slice","PiercingWail"],"picked":"Riddle With Holes","floor":7}],"player_experience":4623596,"relics_obtained":[{"floor":6,"key":"Dream Catcher"}],"event_choices":[{"damage_healed":0,"gold_gain":75,"player_choice":"Gather Gold","damage_taken":11,"max_hp_gain":0,"max_hp_loss":0,"event_name":"World of Goop","floor":3,"gold_loss":0}],"is_beta":false,"boss_relics":[],"items_purged_floors":[],"is_endless":false,"potions_floor_spawned":[1,5],"killed_by":"Gremlin Nob","ascension_level":20}