{"gold_per_floor":[18,32,43,57,76,103,153,153,153,164,164,198,42,52,52,124,124,138,148,148,148,165,165,192,2,2,2,33,33,33,33,33,111,111,127,1126,1171,1171,1188,1223,1223,1238,1238,1238,1238,272,284,315,315,315,315],"floor_reached":51,"playtime":2170,"items_purged":["Strike_R","Strike_R+1","Normality"],"score":1531,"play_id":"16a79cce-eb0f-4bea-b258-8b8cb083208c","local_time":"20190625001505","is_ascension_mode":true,"campfire_choices":[{"data":"Hemokinesis","floor":8.0,"key":"SMITH"},{"floor":11.0,"key":"REST"},{"data":"Entrench","floor":15.0,"key":"SMITH"},{"data":"1","floor":23.0,"key":"LIFT"},{"data":"2","floor":27.0,"key":"LIFT"},{"data":"3","floor":30.0,"key":"LIFT"},{"floor":32.0,"key":"REST"},{"floor":41.0,"key":"REST"},{"floor":44.0,"key":"RECALL"},{"data":"Evolve","floor":49.0,"key":"SMITH"}],"neow_cost":"NO_GOLD","seed_source_timestamp":536670729083500,"circlet_count":0,"master_deck":["AscendersBane","Defend_R+1","Defend_R+1","Defend_R+1","Defend_R+1","Bash","Reckless Charge","Evolve+1","Battle Trance","Cleave","Power Through","Hemokinesis+1","Shockwave","Whirlwind+1","Entrench+1","Clothesline+1","Immolate+1","Brutality+1","Blood for Blood+1","Flex+1","Shrug It Off+1","Writhe","Rupture","Feel No Pain","Shrug It Off+1","Reaper+1","Normality","Parasite","Writhe","Master of Strategy","Corruption","Clothesline+1","Spot Weakness+1"],"special_seed":0,"relics":["Burning Blood","Magic Flower","Du-Vu Doll","Molten Egg 2","Astrolabe","Girya","Kunai","Champion Belt","Red Skull","Nilry\u0027s Codex","Busted Crown","Ginger","StoneCalendar","Thread and Needle","Frozen Eye","Regal Pillow"],"potions_floor_usage":[51],"damage_taken":[{"damage":7.0,"enemies":"2 Louse","floor":1.0,"turns":3.0},{"damage":6.0,"enemies":"Cultist","floor":2.0,"turns":3.0},{"damage":9.0,"enemies":"Small Slimes","floor":3.0,"turns":4.0},{"damage":12.0,"enemies":"Blue Slaver","floor":4.0,"turns":6.0},{"damage":11.0,"enemies":"Looter","floor":5.0,"turns":4.0},{"damage":42.0,"enemies":"Lagavulin","floor":6.0,"turns":9.0},{"damage":2.0,"enemies":"Large Slime","floor":10.0,"turns":4.0},{"damage":14.0,"enemies":"Gremlin Nob","floor":12.0,"turns":4.0},{"damage":11.0,"enemies":"Blue Slaver","floor":14.0,"turns":4.0},{"damage":44.0,"enemies":"The Guardian","floor":16.0,"turns":11.0},{"damage":15.0,"enemies":"Spheric Guardian","floor":18.0,"turns":3.0},{"damage":16.0,"enemies":"Chosen","floor":19.0,"turns":3.0},{"damage":1.0,"enemies":"3 Cultists","floor":22.0,"turns":2.0},{"damage":25.0,"enemies":"Gremlin Leader","floor":24.0,"turns":4.0},{"damage":30.0,"enemies":"Book of Stabbing","floor":28.0,"turns":4.0},{"damage":32.0,"enemies":"Collector","floor":33.0,"turns":11.0},{"damage":39.0,"enemies":"3 Shapes","floor":35.0,"turns":3.0},{"damage":52.0,"enemies":"2 Orb Walkers","floor":37.0,"turns":4.0},{"damage":56.0,"enemies":"3 Darklings","floor":39.0,"turns":9.0},{"damage":57.0,"enemies":"Reptomancer","floor":40.0,"turns":4.0},{"damage":31.0,"enemies":"Writhing Mass","floor":42.0,"turns":7.0},{"damage":3.0,"enemies":"Spire Growth","floor":47.0,"turns":4.0},{"damage":8.0,"enemies":"Nemesis","floor":48.0,"turns":7.0},{"damage":109,"enemies":"Time Eater","floor":50,"turns":13},{"damage":100,"enemies":"Awakened One","floor":51,"turns":9}],"seed_played":"3740307538614470365","potions_obtained":[{"floor":1.0,"key":"SpeedPotion"},{"floor":5.0,"key":"EssenceOfSteel"},{"floor":6.0,"key":"EntropicBrew"},{"floor":10.0,"key":"Weak Potion"},{"floor":19.0,"key":"Energy Potion"},{"floor":24.0,"key":"Fire Potion"},{"floor":28.0,"key":"AttackPotion"},{"floor":35.0,"key":"Ancient Potion"},{"floor":42.0,"key":"Energy Potion"},{"floor":47.0,"key":"Explosive Potion"}],"is_trial":false,"path_per_floor":["M","M","M","M","M","E","?","R","T","M","R","E","$","M","R","B",null,"M","M","?","?","M","R","E","$","T","R","E","?","R","$","R","B",null,"M","?","?","?","M","E","R","M","T","R","?","$","M","E","R","B","B"],"character_chosen":"IRONCLAD","items_purchased":["Entrench","Feel No Pain","Master of Strategy","Thread and Needle","Corruption","Frozen Eye"],"campfire_rested":3,"item_purchase_floors":[13,25,46,46,46,46],"current_hp_per_floor":[81,81,78,72,67,31,31,31,31,38,64,71,71,69,69,34,75,69,62,62,62,70,70,54,54,54,54,33,12,12,12,38,15,71,89,89,61,61,82,34,60,64,64,64,82,82,88,89,89,51,0],"gold":315,"neow_bonus":"TWENTY_PERCENT_HP_BONUS","is_prod":false,"is_daily":false,"chose_seed":false,"campfire_upgraded":3,"win_rate":0,"timestamp":1561389305,"path_taken":["M","M","M","M","M","E","?","R","T","M","R","E","$","?","R","BOSS","M","M","?","?","M","R","E","$","T","R","E","?","R","$","R","BOSS","M","?","?","?","M","E","R","M","T","R","?","$","M","E","R","BOSS","BOSS"],"build_version":"2019-01-23","purchased_purges":3,"victory":false,"max_hp_per_floor":[89,89,89,89,89,89,89,89,89,89,89,89,89,89,89,89,89,89,89,89,89,89,89,89,89,89,89,89,89,89,89,89,89,89,89,89,89,89,89,89,89,89,89,89,89,89,89,89,89,89,89],"card_choices":[{"not_picked":["Flame Barrier","Heavy Blade"],"picked":"Reckless Charge","floor":1.0},{"not_picked":["Infernal Blade","Power Through"],"picked":"Evolve","floor":2.0},{"not_picked":["Shockwave","Corruption"],"picked":"Battle Trance","floor":3.0},{"not_picked":["Corruption","True Grit"],"picked":"Cleave","floor":4.0},{"not_picked":["Pommel Strike","Cleave"],"picked":"Power Through","floor":5.0},{"not_picked":["Thunderclap","Havoc"],"picked":"Hemokinesis","floor":6.0},{"not_picked":["Pommel Strike","Cleave"],"picked":"Shockwave","floor":10.0},{"not_picked":["Heavy Blade","Headbutt"],"picked":"Whirlwind","floor":12.0},{"not_picked":["Heavy Blade+1","Dropkick+1"],"picked":"Clothesline+1","floor":14.0},{"not_picked":["Impervious","Juggernaut"],"picked":"Immolate+1","floor":16.0},{"not_picked":["Thunderclap+1","Dual Wield","Intimidate"],"picked":"SKIP","floor":18.0},{"not_picked":["Ghostly Armor","Evolve"],"picked":"Shrug It Off+1","floor":19.0},{"not_picked":["Seeing Red","Thunderclap+1"],"picked":"Rupture","floor":22.0},{"not_picked":["Warcry","Sever Soul+1","Juggernaut"],"picked":"SKIP","floor":24.0},{"not_picked":["Warcry","Blood for Blood+1"],"picked":"Shrug It Off+1","floor":28.0},{"not_picked":["Immolate+1","Exhume"],"picked":"Reaper+1","floor":33.0},{"not_picked":["Iron Wave+1"],"picked":"SKIP","floor":35.0},{"not_picked":["Havoc"],"picked":"SKIP","floor":39.0},{"not_picked":["Armaments"],"picked":"SKIP","floor":40.0},{"not_picked":["Evolve"],"picked":"SKIP","floor":42.0},{"not_picked":[],"picked":"Clothesline+1","floor":47.0},{"not_picked":[],"picked":"Spot Weakness+1","floor":48.0}],"player_experience":5477869,"relics_obtained":[{"floor":6.0,"key":"Magic Flower"},{"floor":9.0,"key":"Du-Vu Doll"},{"floor":12.0,"key":"Molten Egg 2"},{"floor":24.0,"key":"Kunai"},{"floor":26.0,"key":"Champion Belt"},{"floor":28.0,"key":"Red Skull"},{"floor":29.0,"key":"Nilry\u0027s Codex"},{"floor":37.0,"key":"Ginger"},{"floor":40.0,"key":"StoneCalendar"},{"floor":48.0,"key":"Regal Pillow"}],"event_choices":[{"damage_healed":0.0,"max_hp_gain":0.0,"max_hp_loss":0.0,"gold_gain":50.0,"event_name":"Golden Shrine","player_choice":"Pray","floor":7.0,"gold_loss":0.0,"damage_taken":0.0},{"damage_healed":0.0,"max_hp_gain":0.0,"max_hp_loss":0.0,"gold_gain":0.0,"event_name":"The Mausoleum","player_choice":"Opened","floor":20.0,"gold_loss":0.0,"damage_taken":0.0,"relics_obtained":["Girya"],"cards_obtained":["Writhe"]},{"damage_healed":0.0,"max_hp_gain":0.0,"max_hp_loss":0.0,"gold_gain":0.0,"event_name":"Back to Basics","player_choice":"Simplicity","floor":21.0,"gold_loss":0.0,"damage_taken":0.0,"cards_upgraded":["Strike_R","Defend_R","Defend_R","Defend_R","Defend_R"]},{"damage_healed":0.0,"max_hp_gain":0.0,"max_hp_loss":0.0,"gold_gain":0.0,"event_name":"Cursed Tome","player_choice":"Obtained Book","floor":29.0,"gold_loss":0.0,"damage_taken":21.0},{"damage_healed":0.0,"max_hp_gain":0.0,"max_hp_loss":0.0,"gold_gain":999.0,"event_name":"MindBloom","player_choice":"Gold","floor":36.0,"gold_loss":0.0,"damage_taken":0.0,"cards_obtained":["Normality","Normality"]},{"damage_healed":0.0,"max_hp_gain":0.0,"max_hp_loss":0.0,"gold_gain":0.0,"event_name":"Mysterious Sphere","player_choice":"Fight","floor":37.0,"gold_loss":0.0,"damage_taken":0.0},{"damage_healed":0.0,"max_hp_gain":0.0,"max_hp_loss":0.0,"gold_gain":0.0,"event_name":"Tomb of Lord Red Mask","player_choice":"Ignored","floor":38.0,"gold_loss":0.0,"damage_taken":0.0},{"damage_healed":18.0,"max_hp_gain":0.0,"max_hp_loss":0.0,"gold_gain":0.0,"event_name":"Winding Halls","player_choice":"Writhe","floor":45.0,"gold_loss":0.0,"damage_taken":0.0,"cards_obtained":["Writhe"]}],"is_beta":false,"boss_relics":[{"not_picked":["White Beast Statue","Philosopher\u0027s Stone"],"picked":"Astrolabe"},{"not_picked":["Snecko Eye","Orrery"],"picked":"Busted Crown"}],"items_purged_floors":[13,25,46],"is_endless":false,"potions_floor_spawned":[1,5,6,10,19,24,28,35,42,47],"killed_by":"Awakened One","ascension_level":20}