{"gold_per_floor":[116,132,149,169,169,169,181,201,277,277,312,312,337,355,355,429,429,440,459,478,478,491,491,507,507,507,196,208,208,224,66,66,145,145,163,163,181,181,191,226,226,257,257,257,276,276,276,288,288,288],"floor_reached":50,"playtime":1862,"items_purged":["Strike_G","Strike_G"],"score":1136,"play_id":"df89b8f9-74b4-4bc4-b165-d453267437af","local_time":"20190512024147","is_ascension_mode":true,"campfire_choices":[{"data":"Predator","floor":6.0,"key":"SMITH"},{"floor":10.0,"key":"REST"},{"data":"Noxious Fumes","floor":15.0,"key":"SMITH"},{"floor":23.0,"key":"REST"},{"data":"Catalyst","floor":25.0,"key":"SMITH"},{"floor":29.0,"key":"REST"},{"floor":32.0,"key":"REST"},{"floor":41.0,"key":"REST"},{"floor":44.0,"key":"REST"},{"floor":46.0,"key":"REST"},{"floor":49.0,"key":"RECALL"}],"neow_cost":"NONE","seed_source_timestamp":547902107630700,"circlet_count":0,"master_deck":["AscendersBane","Defend_G","Defend_G","Defend_G","Defend_G","Survivor","Neutralize+1","Predator+1","Dash","Poisoned Stab","Well Laid Plans","Flying Knee","Noxious Fumes+1","Malaise","Catalyst+1","Dagger Spray","Corpse Explosion","Blur","Poisoned Stab+1","Deadly Poison+1","Footwork","Dark Shackles","Well Laid Plans+1","Choke+1","Distraction+1","Footwork","Catalyst+1","Prepared+1","Setup+1","Noxious Fumes+1","Bullet Time","PiercingWail+1"],"special_seed":0,"relics":["Ring of the Snake","The Courier","Pen Nib","Pocketwatch","Runic Dome","Oddly Smooth Stone","Astrolabe","Omamori","Prayer Wheel","Ornamental Fan"],"potions_floor_usage":[],"damage_taken":[{"damage":1.0,"enemies":"2 Louse","floor":1.0,"turns":3.0},{"damage":2.0,"enemies":"Small Slimes","floor":2.0,"turns":3.0},{"damage":0.0,"enemies":"Cultist","floor":3.0,"turns":3.0},{"damage":12.0,"enemies":"Lots of Slimes","floor":4.0,"turns":5.0},{"damage":0.0,"enemies":"Blue Slaver","floor":7.0,"turns":4.0},{"damage":8.0,"enemies":"3 Louse","floor":8.0,"turns":3.0},{"damage":18.0,"enemies":"Gremlin Nob","floor":11.0,"turns":4.0},{"damage":3.0,"enemies":"Lagavulin","floor":13.0,"turns":6.0},{"damage":1.0,"enemies":"Looter","floor":14.0,"turns":3.0},{"damage":26.0,"enemies":"Slime Boss","floor":16.0,"turns":9.0},{"damage":7.0,"enemies":"Spheric Guardian","floor":18.0,"turns":5.0},{"damage":24.0,"enemies":"Shell Parasite","floor":19.0,"turns":7.0},{"damage":8.0,"enemies":"Snecko","floor":20.0,"turns":5.0},{"damage":9.0,"enemies":"Snake Plant","floor":22.0,"turns":7.0},{"damage":0.0,"enemies":"Centurion and Healer","floor":24.0,"turns":6.0},{"damage":9.0,"enemies":"Snecko","floor":28.0,"turns":5.0},{"damage":13.0,"enemies":"Chosen and Byrds","floor":30.0,"turns":4.0},{"damage":18.0,"enemies":"Champ","floor":33.0,"turns":11.0},{"damage":1.0,"enemies":"3 Darklings","floor":35.0,"turns":2.0},{"damage":9.0,"enemies":"3 Shapes","floor":37.0,"turns":5.0},{"damage":16.0,"enemies":"Jaw Worm Horde","floor":39.0,"turns":4.0},{"damage":0.0,"enemies":"Giant Head","floor":40.0,"turns":6.0},{"damage":41.0,"enemies":"Nemesis","floor":42.0,"turns":5.0},{"damage":9.0,"enemies":"Spire Growth","floor":45.0,"turns":4.0},{"damage":9.0,"enemies":"Writhing Mass","floor":48.0,"turns":6.0},{"damage":55,"enemies":"Awakened One","floor":50,"turns":14}],"seed_played":"8022357326693937450","potions_obtained":[{"floor":1.0,"key":"GamblersBrew"},{"floor":4.0,"key":"SpeedPotion"},{"floor":7.0,"key":"Block Potion"},{"floor":14.0,"key":"Block Potion"},{"floor":18.0,"key":"SteroidPotion"},{"floor":24.0,"key":"FearPotion"},{"floor":33.0,"key":"GamblersBrew"},{"floor":39.0,"key":"PowerPotion"},{"floor":42.0,"key":"Ancient Potion"},{"floor":45.0,"key":"SpeedPotion"}],"is_trial":false,"path_per_floor":["M","M","M","M","?","R","M","M","T","R","E","?","E","M","R","B",null,"M","M","M","?","M","R","M","R","T","$","M","R","M","$","R","B",null,"M","?","M","?","M","E","R","E","T","R","M","R","?","M","R","B"],"character_chosen":"THE_SILENT","items_purchased":["Oddly Smooth Stone","Footwork","Fruit Juice","Dark Shackles"],"campfire_rested":7,"item_purchase_floors":[27,27,27,31],"current_hp_per_floor":[58,56,56,44,37,37,37,29,29,48,30,52,49,48,48,22,55,48,24,16,16,7,26,26,26,26,31,22,43,30,30,51,33,62,61,61,52,52,36,36,57,16,16,37,28,49,63,54,54,0],"gold":288,"neow_bonus":"UPGRADE_CARD","is_prod":false,"is_daily":false,"chose_seed":false,"campfire_upgraded":3,"win_rate":0,"timestamp":1557596507,"path_taken":["M","M","M","M","?","R","M","M","T","R","E","?","E","M","R","BOSS","M","M","M","?","?","R","M","R","T","$","?","R","M","$","R","BOSS","M","?","?","?","M","E","R","E","T","R","M","R","?","M","R","BOSS"],"build_version":"2019-01-23","purchased_purges":2,"victory":false,"max_hp_per_floor":[66,66,66,66,66,66,66,66,66,66,66,66,66,66,66,66,66,66,66,66,66,66,66,66,66,66,71,71,71,71,71,71,71,71,71,71,71,71,71,71,71,71,71,71,71,71,71,71,71,71],"card_choices":[{"not_picked":["Caltrops","Outmaneuver"],"picked":"Predator","floor":1.0},{"not_picked":["Leg Sweep","Sucker Punch"],"picked":"Dash","floor":2.0},{"not_picked":["PiercingWail","Backflip"],"picked":"Poisoned Stab","floor":3.0},{"not_picked":["Outmaneuver","Backflip"],"picked":"Well Laid Plans","floor":4.0},{"not_picked":["Accuracy","Finisher"],"picked":"Flying Knee","floor":7.0},{"not_picked":["Choke","Escape Plan"],"picked":"Noxious Fumes","floor":8.0},{"not_picked":["Quick Slash","Slice"],"picked":"Malaise","floor":11.0},{"not_picked":["Accuracy","Dagger Throw"],"picked":"Catalyst","floor":13.0},{"not_picked":["Dodge and Roll","Blur"],"picked":"Dagger Spray","floor":14.0},{"not_picked":["Adrenaline","Tools of the Trade"],"picked":"Corpse Explosion","floor":16.0},{"not_picked":["Sucker Punch+1","Distraction"],"picked":"Blur","floor":18.0},{"not_picked":["Outmaneuver","Deflect","Bane"],"picked":"SKIP","floor":19.0},{"not_picked":["Quick Slash","Noxious Fumes","Distraction"],"picked":"SKIP","floor":20.0},{"not_picked":["Predator","Backstab"],"picked":"Poisoned Stab+1","floor":22.0},{"not_picked":["Eviscerate","Outmaneuver+1"],"picked":"Deadly Poison+1","floor":24.0},{"not_picked":["Flechettes","Flying Knee+1","Dagger Spray+1"],"picked":"SKIP","floor":28.0},{"not_picked":["Sucker Punch","Deadly Poison","Predator"],"picked":"SKIP","floor":30.0},{"not_picked":["Dodge and Roll","Dash"],"picked":"Footwork","floor":35.0},{"not_picked":["PiercingWail+1","Calculated Gamble"],"picked":"Prepared+1","floor":37.0},{"not_picked":["Setup+1","Backstab","Caltrops"],"picked":"SKIP","floor":39.0},{"not_picked":["Backstab","Caltrops"],"picked":"Setup+1","floor":39.0},{"not_picked":["Prepared","Dagger Spray+1"],"picked":"Noxious Fumes+1","floor":40.0},{"not_picked":["Endless Agony+1","Terror"],"picked":"Bullet Time","floor":42.0},{"not_picked":["Footwork","Slice+1"],"picked":"PiercingWail+1","floor":45.0},{"not_picked":["Backstab","Skewer","Underhanded Strike"],"picked":"SKIP","floor":45.0},{"not_picked":["Poisoned Stab","Dagger Spray","Dagger Throw+1"],"picked":"SKIP","floor":48.0},{"not_picked":["Slice","Backstab","Infinite Blades"],"picked":"SKIP","floor":48.0}],"player_experience":4993046,"relics_obtained":[{"floor":9.0,"key":"The Courier"},{"floor":11.0,"key":"Pen Nib"},{"floor":13.0,"key":"Pocketwatch"},{"floor":40.0,"key":"Omamori"},{"floor":42.0,"key":"Prayer Wheel"},{"floor":43.0,"key":"Ornamental Fan"}],"event_choices":[{"cards_removed":["Strike_G"],"damage_healed":0.0,"max_hp_gain":0.0,"max_hp_loss":0.0,"gold_gain":0.0,"event_name":"Golden Wing","player_choice":"Card Removal","floor":5.0,"gold_loss":0.0,"damage_taken":7.0},{"damage_healed":22.0,"max_hp_gain":0.0,"max_hp_loss":0.0,"gold_gain":0.0,"event_name":"Big Fish","player_choice":"Banana","floor":12.0,"gold_loss":0.0,"damage_taken":0.0},{"damage_healed":0.0,"max_hp_gain":0.0,"max_hp_loss":0.0,"gold_gain":0.0,"event_name":"Lab","player_choice":"Got Potions","floor":21.0,"gold_loss":0.0,"damage_taken":0.0},{"damage_healed":0.0,"max_hp_gain":0.0,"max_hp_loss":0.0,"gold_gain":0.0,"event_name":"Duplicator","player_choice":"Copied","floor":36.0,"gold_loss":0.0,"damage_taken":0.0,"cards_obtained":["Catalyst"]},{"damage_healed":0.0,"max_hp_gain":0.0,"max_hp_loss":0.0,"gold_gain":0.0,"event_name":"Mysterious Sphere","player_choice":"Ignored","floor":38.0,"gold_loss":0.0,"damage_taken":0.0},{"damage_healed":14.0,"max_hp_gain":0.0,"max_hp_loss":0.0,"gold_gain":0.0,"event_name":"Winding Halls","player_choice":"Writhe","floor":47.0,"gold_loss":0.0,"damage_taken":0.0,"cards_obtained":["Writhe"]}],"is_beta":false,"boss_relics":[{"not_picked":["Tiny House","Pandora\u0027s Box"],"picked":"Runic Dome"},{"not_picked":["WristBlade","Ring of the Serpent"],"picked":"Astrolabe"}],"items_purged_floors":[27,31],"is_endless":false,"potions_floor_spawned":[1,4,7,14,18,19,24,33,39,42,45,48],"killed_by":"Awakened One","ascension_level":20}