{"gold_per_floor":[113,125,140,152,171,171,202,202,227,227,258,268,197,210,210,210],"floor_reached":16,"playtime":480,"items_purged":[],"score":278,"play_id":"5ab6f1bf-7cb2-4afb-a948-0a44179f5ed2","local_time":"20190716012617","is_ascension_mode":true,"campfire_choices":[{"data":"Tools of the Trade","floor":6,"key":"SMITH"},{"data":"Crippling Poison","floor":8,"key":"SMITH"},{"data":"Neutralize","floor":10,"key":"SMITH"},{"floor":15,"key":"REST"}],"neow_cost":"TEN_PERCENT_HP_LOSS","seed_source_timestamp":459460252766400,"circlet_count":0,"master_deck":["AscendersBane","Strike_G","Strike_G","Strike_G","Strike_G","Defend_G","Defend_G","Defend_G","Defend_G","Survivor","Neutralize+1","Underhanded Strike","Crippling Poison+1","Tools of the Trade+1","Endless Agony","Predator","Flechettes","Reflex","Well Laid Plans"],"special_seed":0,"relics":["Ring of the Snake","Bronze Scales","Bag of Marbles","Vajra"],"potions_floor_usage":[7,11,16],"damage_taken":[{"damage":2.0,"enemies":"Jaw Worm","floor":1.0,"turns":6.0},{"damage":0.0,"enemies":"2 Louse","floor":2.0,"turns":4.0},{"damage":0.0,"enemies":"Cultist","floor":3.0,"turns":4.0},{"damage":24.0,"enemies":"Exordium Thugs","floor":4.0,"turns":7.0},{"damage":0,"enemies":"Lots of Slimes","floor":5,"turns":3},{"damage":12,"enemies":"Lagavulin","floor":7,"turns":7},{"damage":0,"enemies":"Gremlin Nob","floor":11,"turns":3},{"damage":6,"enemies":"Gremlin Gang","floor":12,"turns":2},{"damage":6,"enemies":"Blue Slaver","floor":14,"turns":3},{"damage":31,"enemies":"Slime Boss","floor":16,"turns":7}],"seed_played":"7138549414558228535","potions_obtained":[{"floor":2.0,"key":"Weak Potion"},{"floor":3.0,"key":"Fire Potion"},{"floor":7,"key":"FearPotion"},{"floor":14,"key":"SneckoOil"}],"is_trial":false,"path_per_floor":["M","M","M","M","M","R","E","R","T","R","E","M","?","M","R","B"],"character_chosen":"THE_SILENT","items_purchased":[],"campfire_rested":1,"item_purchase_floors":[],"current_hp_per_floor":[57,57,57,33,33,33,21,21,21,21,21,15,15,9,27,0],"gold":210,"neow_bonus":"REMOVE_TWO","is_prod":false,"is_daily":false,"chose_seed":false,"campfire_upgraded":3,"win_rate":0,"timestamp":1563207977,"path_taken":["M","M","M","M","M","R","E","R","T","R","E","M","?","M","R","BOSS"],"build_version":"2019-07-05","purchased_purges":0,"victory":false,"max_hp_per_floor":[60,60,60,60,60,60,60,60,60,60,60,60,60,60,60,60],"card_choices":[{"not_picked":["Bane","Acrobatics"],"picked":"Underhanded Strike","floor":1.0},{"not_picked":["Endless Agony","Deadly Poison"],"picked":"Crippling Poison","floor":2.0},{"not_picked":["Poisoned Stab","Dagger Throw"],"picked":"Tools of the Trade","floor":3.0},{"not_picked":["Dodge and Roll","Setup"],"picked":"Endless Agony","floor":4.0},{"not_picked":["Flying Knee","Deflect"],"picked":"Predator","floor":5},{"not_picked":["Eviscerate","Caltrops","Sucker Punch"],"picked":"SKIP","floor":7},{"not_picked":["Leg Sweep","Envenom"],"picked":"Flechettes","floor":11},{"not_picked":["Bane","Backflip"],"picked":"Reflex","floor":12},{"not_picked":["Bane","Flying Knee"],"picked":"Well Laid Plans","floor":14}],"player_experience":5701234,"relics_obtained":[{"floor":7,"key":"Bronze Scales"},{"floor":9,"key":"Bag of Marbles"},{"floor":11,"key":"Vajra"}],"event_choices":[{"damage_healed":0,"gold_gain":0,"player_choice":"Left Gold","damage_taken":0,"max_hp_gain":0,"max_hp_loss":0,"event_name":"World of Goop","floor":13,"gold_loss":71}],"is_beta":false,"boss_relics":[],"items_purged_floors":[],"is_endless":false,"potions_floor_spawned":[2,3,7,14],"killed_by":"Slime Boss","ascension_level":20}