{"gold_per_floor":[13,23,43,55,65,65,81,81,108,138,138,6,23,48,48,126,126,143,13,27,39,39,39,67,79,114,154,166,189,201,225,237,249],"floor_reached":33,"playtime":995,"items_purged":["Strike_G"],"score":648,"play_id":"bf5e1396-0876-47d0-82d2-fb1d38802f8b","local_time":"20190701013809","is_ascension_mode":true,"campfire_choices":[{"data":"Footwork","floor":6,"key":"SMITH"},{"data":"All Out Attack","floor":8,"key":"SMITH"},{"floor":11,"key":"REST"},{"data":"Unload","floor":15,"key":"SMITH"},{"data":"Neutralize","floor":23,"key":"SMITH"},{"floor":25,"key":"REST"},{"floor":30,"key":"REST"},{"floor":32,"key":"REST"}],"neow_cost":"NO_GOLD","seed_source_timestamp":1061366558482399,"circlet_count":0,"master_deck":["AscendersBane","Defend_G","Defend_G","Defend_G","Defend_G","Strike_G","Strike_G","Survivor","Neutralize+1","Dash","Footwork+1","Poisoned Stab","Blur","Dagger Throw","All Out Attack+1","Dodge and Roll","Unload+1","Deadly Poison","Escape Plan","Acrobatics","Adrenaline","Backstab","Backstab","Backflip","Terror","Noxious Fumes+1","Prepared","Acrobatics","Predator","Prepared"],"relics":["Ring of the Snake","Tough Bandages","Dream Catcher","Bronze Scales","Art of War","Empty Cage","MawBank","Potion Belt","Ancient Tea Set"],"potions_floor_usage":[5,10,14,24,29],"damage_taken":[{"damage":12,"enemies":"Cultist","floor":1,"turns":6},{"damage":0,"enemies":"2 Louse","floor":2,"turns":3},{"damage":0,"enemies":"Small Slimes","floor":3,"turns":4},{"damage":9,"enemies":"Red Slaver","floor":4,"turns":4},{"damage":14,"enemies":"Large Slime","floor":5,"turns":9},{"damage":0,"enemies":"2 Fungi Beasts","floor":7,"turns":4},{"damage":0,"enemies":"3 Sentries","floor":10,"turns":5},{"damage":0,"enemies":"Blue Slaver","floor":13,"turns":4},{"damage":6,"enemies":"Lagavulin","floor":14,"turns":5},{"damage":13,"enemies":"Slime Boss","floor":16,"turns":12},{"damage":0,"enemies":"3 Byrds","floor":18,"turns":2},{"damage":0,"enemies":"Spheric Guardian","floor":20,"turns":3},{"damage":13,"enemies":"Shelled Parasite and Fungi","floor":21,"turns":6},{"damage":20,"enemies":"Gremlin Leader","floor":24,"turns":6},{"damage":38,"enemies":"Book of Stabbing","floor":27,"turns":5},{"damage":3,"enemies":"Centurion and Healer","floor":29,"turns":7},{"damage":9,"enemies":"Sentry and Sphere","floor":31,"turns":6},{"damage":19,"enemies":"Collector","floor":33,"turns":8}],"seed_played":"-6899984438659600222","potions_obtained":[{"floor":1,"key":"Fire Potion"},{"floor":3,"key":"Dexterity Potion"},{"floor":5,"key":"Explosive Potion"},{"floor":7,"key":"Poison Potion"},{"floor":10,"key":"Explosive Potion"},{"floor":14,"key":"SteroidPotion"},{"floor":27,"key":"Dexterity Potion"},{"floor":29,"key":"Fire Potion"}],"is_trial":false,"path_per_floor":["M","M","M","M","M","R","M","R","T","E","R","$","M","E","R","B",null,"M","$","M","M","?","R","E","R","T","E","?","M","R","M","R","B"],"character_chosen":"THE_SILENT","items_purchased":["Deadly Poison","Backstab","Backflip"],"campfire_rested":4,"item_purchase_floors":[12,19,19],"current_hp_per_floor":[47,47,47,38,24,24,24,24,24,24,43,43,43,37,37,24,56,56,56,56,43,43,43,23,42,42,4,4,1,20,11,30,11],"gold":249,"neow_bonus":"ONE_RARE_RELIC","is_prod":false,"is_daily":false,"chose_seed":false,"campfire_upgraded":4,"win_rate":0,"timestamp":1561912689,"path_taken":["M","M","M","M","M","R","M","R","T","E","R","$","M","E","R","BOSS","M","$","?","?","?","R","E","R","T","E","?","M","R","?","R","BOSS"],"build_version":"2019-01-23","purchased_purges":1,"victory":false,"max_hp_per_floor":[66,66,66,66,66,66,66,66,66,66,66,66,66,66,66,66,66,66,66,66,66,66,66,66,66,66,66,66,66,66,66,66,66],"card_choices":[{"not_picked":["Escape Plan","Underhanded Strike"],"picked":"Dash","floor":1},{"not_picked":["Dodge and Roll","Sucker Punch"],"picked":"Footwork","floor":2},{"not_picked":["Catalyst","Deflect"],"picked":"Poisoned Stab","floor":3},{"not_picked":["Cloak And Dagger","Dash"],"picked":"Blur","floor":4},{"not_picked":["Deflect","Quick Slash"],"picked":"Dagger Throw","floor":5},{"not_picked":["Dagger Throw","Dagger Spray"],"picked":"All Out Attack","floor":7},{"not_picked":["Endless Agony","Reflex"],"picked":"Dodge and Roll","floor":10},{"not_picked":["Finisher","Terror"],"picked":"Unload","floor":11},{"not_picked":["Poisoned Stab","Finisher"],"picked":"Escape Plan","floor":13},{"not_picked":["Bullet Time","Outmaneuver"],"picked":"Acrobatics","floor":14},{"not_picked":["Tools of the Trade","Burst"],"picked":"Adrenaline","floor":16},{"not_picked":["Cloak And Dagger","Slice"],"picked":"Backstab","floor":18},{"not_picked":["Catalyst","Finisher"],"picked":"Terror","floor":20},{"not_picked":["Quick Slash","Cloak And Dagger"],"picked":"Noxious Fumes+1","floor":21},{"not_picked":["Dagger Throw","Setup","Infinite Blades"],"picked":"SKIP","floor":24},{"not_picked":["Dagger Throw+1","Dash"],"picked":"Prepared","floor":25},{"not_picked":["Unload","Infinite Blades"],"picked":"Acrobatics","floor":27},{"not_picked":["Cloak And Dagger","Flying Knee","Dagger Spray"],"picked":"SKIP","floor":29},{"not_picked":["Slice","Eviscerate+1"],"picked":"Prepared","floor":31}],"player_experience":5538793,"relics_obtained":[{"floor":9,"key":"Dream Catcher"},{"floor":10,"key":"Bronze Scales"},{"floor":14,"key":"Art of War"},{"floor":24,"key":"MawBank"},{"floor":26,"key":"Potion Belt"},{"floor":27,"key":"Ancient Tea Set"}],"event_choices":[{"damage_healed":0,"gold_gain":0,"player_choice":"Ignored","damage_taken":0,"max_hp_gain":0,"max_hp_loss":0,"event_name":"Vampires","floor":22,"gold_loss":0},{"damage_healed":0,"gold_gain":0,"cards_transformed":["Strike_G"],"player_choice":"Transformed","damage_taken":0,"max_hp_gain":0,"max_hp_loss":0,"event_name":"Transmorgrifier","floor":28,"gold_loss":0,"cards_obtained":["Predator"]}],"is_beta":false,"boss_relics":[{"not_picked":["Snecko Eye","Cursed Key"],"picked":"Empty Cage"}],"items_purged_floors":[12],"is_endless":false,"potions_floor_spawned":[1,3,5,7,10,14,27,29],"killed_by":"Collector","ascension_level":20}