{"gold_per_floor":[109,122,140,158,174,174,174,199,199,209,225,255,15,35,35,112,112,122,122,136,61,79,79,99,110,164,176,176,205,205,46,46,125,125,135,147,147,147,162,162,7,7,32,48,58,76,109,123,123,123,123,123,123,37,68,68],"floor_reached":57,"playtime":3093,"items_purged":["Strike_R","Strike_R","Strike_R"],"score":2919,"play_id":"b8e48a9f-45a2-4612-b8f6-ba5accb51cd6","local_time":"20190726013954","is_ascension_mode":true,"campfire_choices":[{"data":"Disarm","floor":6,"key":"SMITH"},{"data":"Barricade","floor":15,"key":"SMITH"},{"floor":23,"key":"REST"},{"floor":28,"key":"REST"},{"data":"Feel No Pain","floor":32,"key":"SMITH"},{"floor":40,"key":"RECALL"},{"data":"Body Slam","floor":42,"key":"SMITH"},{"data":"Second Wind","floor":49,"key":"SMITH"},{"data":"Power Through","floor":53,"key":"SMITH"}],"neow_cost":"NONE","seed_source_timestamp":142100328130400,"circlet_count":0,"master_deck":["AscendersBane","Defend_R","Defend_R","Defend_R","Defend_R","Bash","Power Through+1","Pommel Strike+1","Perfected Strike","Second Wind+1","Disarm+1","Twin Strike","Barricade+1","Bloodletting+1","Disarm+1","Feel No Pain+1","Entrench+1","True Grit+1","Body Slam+1","Flame Barrier+1","Feed+1","Seeing Red+1","Body Slam+1","Battle Trance+1","Power Through+1","Shrug It Off+1","Offering+1","Finesse+1","Blind+1","Warcry+1","Warcry+1"],"relics":["Burning Blood","Mango","Toxic Egg 2","Art of War","Runic Cube","Omamori","Matryoshka","Strawberry","Gremlin Horn","Eternal Feather","Whetstone","Bag of Preparation","Blood Vial"],"potions_floor_usage":[8,12,16,22,22,29,36,36,46,55,56],"damage_taken":[{"damage":4,"enemies":"Small Slimes","floor":1,"turns":5},{"damage":1,"enemies":"Cultist","floor":2,"turns":4},{"damage":4,"enemies":"2 Louse","floor":3,"turns":4},{"damage":13,"enemies":"Exordium Thugs","floor":4,"turns":5},{"damage":15,"enemies":"Looter","floor":5,"turns":5},{"damage":8,"enemies":"Gremlin Nob","floor":8,"turns":3},{"damage":18,"enemies":"Large Slime","floor":10,"turns":7},{"damage":2,"enemies":"3 Louse","floor":11,"turns":5},{"damage":35,"enemies":"3 Sentries","floor":12,"turns":8},{"damage":13,"enemies":"2 Fungi Beasts","floor":14,"turns":4},{"damage":12,"enemies":"The Guardian","floor":16,"turns":17},{"damage":12,"enemies":"Chosen","floor":18,"turns":9},{"damage":8,"enemies":"Shell Parasite","floor":20,"turns":6},{"damage":35,"enemies":"3 Cultists","floor":22,"turns":9},{"damage":20,"enemies":"Centurion and Healer","floor":24,"turns":10},{"damage":40,"enemies":"Snecko","floor":25,"turns":16},{"damage":14,"enemies":"Chosen and Byrds","floor":27,"turns":12},{"damage":12,"enemies":"Gremlin Leader","floor":29,"turns":7},{"damage":4,"enemies":"Automaton","floor":33,"turns":10},{"damage":32,"enemies":"3 Darklings","floor":35,"turns":8},{"damage":3,"enemies":"Orb Walker","floor":36,"turns":4},{"damage":9,"enemies":"Maw","floor":39,"turns":8},{"damage":16,"enemies":"Spire Growth","floor":44,"turns":6},{"damage":6,"enemies":"3 Darklings","floor":45,"turns":7},{"damage":4,"enemies":"Writhing Mass","floor":46,"turns":14},{"damage":6,"enemies":"Giant Head","floor":47,"turns":12},{"damage":6,"enemies":"Spire Growth","floor":48,"turns":8},{"damage":9,"enemies":"Awakened One","floor":50,"turns":15},{"damage":9,"enemies":"Donu and Deca","floor":51,"turns":34},{"damage":14,"enemies":"Shield and Spear","floor":55,"turns":23},{"damage":68,"enemies":"The Heart","floor":56,"turns":18}],"seed_played":"-3559475370809176354","potions_obtained":[{"floor":3,"key":"SteroidPotion"},{"floor":4,"key":"EssenceOfSteel"},{"floor":8,"key":"Weak Potion"},{"floor":11,"key":"BloodPotion"},{"floor":18,"key":"SteroidPotion"},{"floor":22,"key":"Fruit Juice"},{"floor":27,"key":"AttackPotion"},{"floor":33,"key":"Fire Potion"},{"floor":35,"key":"Swift Potion"},{"floor":44,"key":"Block Potion"},{"floor":45,"key":"Poison Potion"},{"floor":47,"key":"SkillPotion"}],"is_trial":false,"path_per_floor":["M","M","M","M","M","R","?","E","T","M","M","E","$","M","R","B",null,"M","?","M","?","M","R","M","M","T","M","R","E","T","$","R","B",null,"M","M","?","?","M","R","$","R","T","M","M","M","E","M","R","B","B",null,"R","$","E","B",null],"character_chosen":"IRONCLAD","items_purchased":["Disarm+1","Feel No Pain","Shrug It Off+1","Warcry+1","Ancient Potion"],"campfire_rested":2,"item_purchase_floors":[13,13,31,41,54],"current_hp_per_floor":[77,82,82,75,66,66,82,94,94,82,86,81,81,74,74,68,89,83,83,81,81,57,87,76,45,45,40,73,67,74,74,74,76,107,84,90,90,80,80,98,98,116,116,106,110,116,120,124,142,143,144,149,150,150,146,86],"gold":68,"neow_bonus":"TEN_PERCENT_HP_BONUS","is_prod":false,"is_daily":false,"chose_seed":false,"campfire_upgraded":6,"win_rate":0,"timestamp":1564072794,"path_taken":["M","M","M","M","M","R","?","E","T","?","M","E","$","M","R","BOSS","M","?","M","?","?","R","M","M","T","M","R","E","?","$","R","BOSS","M","M","?","?","M","R","$","R","T","M","M","M","E","M","R","BOSS","BOSS","R","$","E","BOSS"],"build_version":"2019-07-17","purchased_purges":3,"victory":true,"max_hp_per_floor":[82,82,82,82,82,82,82,96,96,96,96,96,96,96,96,96,96,96,96,96,96,101,101,104,107,107,110,110,110,117,117,117,117,117,120,123,123,123,126,126,126,126,126,126,130,134,138,142,142,146,150,150,150,150,154,154],"card_choices":[{"not_picked":["Twin Strike","Sentinel"],"picked":"Power Through","floor":1},{"not_picked":["Searing Blow","Flex"],"picked":"Pommel Strike","floor":2},{"not_picked":["Havoc","Iron Wave"],"picked":"Perfected Strike","floor":3},{"not_picked":["Intimidate","Perfected Strike"],"picked":"Second Wind","floor":4},{"not_picked":["Clash","Armaments"],"picked":"Disarm","floor":5},{"not_picked":["True Grit","Thunderclap"],"picked":"Twin Strike","floor":8},{"not_picked":["Warcry+1","Burning Pact+1"],"picked":"Perfected Strike","floor":10},{"not_picked":["Iron Wave","Reckless Charge"],"picked":"Barricade","floor":11},{"not_picked":["Dual Wield+1","Fiend Fire"],"picked":"Bloodletting+1","floor":12},{"not_picked":["Disarm+1","Sever Soul"],"picked":"Entrench+1","floor":14},{"not_picked":["Wild Strike","Cleave+1"],"picked":"True Grit+1","floor":18},{"not_picked":["Wild Strike+1","Thunderclap"],"picked":"Flame Barrier+1","floor":20},{"not_picked":["Clash","Twin Strike+1"],"picked":"Body Slam+1","floor":22},{"not_picked":["Sever Soul","Clash"],"picked":"Battle Trance+1","floor":24},{"not_picked":["Pommel Strike","Seeing Red+1","Iron Wave+1"],"picked":"SKIP","floor":25},{"not_picked":["Pommel Strike","Heavy Blade","Wild Strike"],"picked":"SKIP","floor":27},{"not_picked":["Blood for Blood","Rupture"],"picked":"Power Through+1","floor":29},{"not_picked":["Impervious+1","Barricade"],"picked":"Offering+1","floor":33},{"not_picked":["Cleave","Wild Strike","Heavy Blade"],"picked":"SKIP","floor":35},{"not_picked":["Dual Wield+1","Inflame","Havoc+1"],"picked":"SKIP","floor":36},{"not_picked":["Dramatic Entrance","Discovery+1"],"picked":"Finesse+1","floor":38},{"not_picked":["Impatience+1","Sadistic Nature"],"picked":"Blind+1","floor":38},{"not_picked":["Intimidate+1","Corruption","Havoc+1"],"picked":"SKIP","floor":39},{"not_picked":["Armaments+1","Flex+1"],"picked":"Warcry+1","floor":44},{"not_picked":["Flame Barrier+1","Seeing Red+1","Perfected Strike"],"picked":"SKIP","floor":45},{"not_picked":["Anger","Fire Breathing","Whirlwind"],"picked":"SKIP","floor":46},{"not_picked":["Clash","Headbutt+1","Bloodletting+1"],"picked":"SKIP","floor":47},{"not_picked":["Shockwave+1","Headbutt","Heavy Blade"],"picked":"SKIP","floor":48},{"not_picked":["Blood for Blood","Twin Strike+1","Clash"],"picked":"SKIP","floor":55}],"player_experience":5818768,"relics_obtained":[{"floor":8,"key":"Mango"},{"floor":9,"key":"Toxic Egg 2"},{"floor":12,"key":"Art of War"},{"floor":26,"key":"Omamori"},{"floor":29,"key":"Matryoshka"},{"floor":30,"key":"Strawberry"},{"floor":30,"key":"Gremlin Horn"},{"floor":43,"key":"Whetstone"},{"floor":47,"key":"Bag of Preparation"},{"floor":55,"key":"Blood Vial"}],"event_choices":[{"damage_healed":16,"gold_gain":0,"player_choice":"Full Heal","damage_taken":0,"max_hp_gain":0,"max_hp_loss":0,"event_name":"Wheel of Change","floor":7,"gold_loss":0},{"damage_healed":0,"gold_gain":0,"player_choice":"Read","damage_taken":0,"max_hp_gain":0,"max_hp_loss":0,"event_name":"The Library","floor":19,"gold_loss":0,"cards_obtained":["Body Slam"]},{"damage_healed":0,"gold_gain":0,"cards_transformed":["Perfected Strike","Strike_R"],"player_choice":"Transformed Cards","damage_taken":0,"max_hp_gain":0,"max_hp_loss":0,"event_name":"Designer","floor":21,"gold_loss":75,"cards_obtained":["Feed","Seeing Red"]},{"cards_removed":["Strike_R"],"damage_healed":0,"gold_gain":0,"player_choice":"Removed Attack","damage_taken":0,"max_hp_gain":0,"max_hp_loss":0,"event_name":"Falling","floor":37,"gold_loss":0},{"damage_healed":0,"gold_gain":0,"player_choice":"Memory 3","damage_taken":10,"max_hp_gain":0,"max_hp_loss":0,"event_name":"SensoryStone","floor":38,"gold_loss":0}],"is_beta":false,"boss_relics":[{"not_picked":["Busted Crown","Coffee Dripper"],"picked":"Runic Cube"},{"not_picked":["Sozu","Orrery"],"picked":"Eternal Feather"}],"items_purged_floors":[13,31,41],"is_endless":false,"potions_floor_spawned":[3,4,8,11,18,22,27,33,35,44,45,47],"ascension_level":20}