{"gold_per_floor":[110,80,100,110,121,121,155,155,178,207,220,5,18,38,38,38],"floor_reached":16,"playtime":476,"items_purged":[],"score":228,"play_id":"4b749ed4-d840-41d4-81a5-4cd5ca4add5f","local_time":"20190725023427","is_ascension_mode":true,"campfire_choices":[{"data":"Beam Cell","floor":6,"key":"SMITH"},{"data":"Zap","floor":8,"key":"SMITH"},{"data":"Apotheosis","floor":15,"key":"SMITH"}],"neow_cost":"PERCENT_DAMAGE","seed_source_timestamp":61600959239600,"circlet_count":0,"master_deck":["AscendersBane","Strike_B","Strike_B","Strike_B","Strike_B","Defend_B+1","Defend_B","Defend_B","Defend_B","Zap+1","Dualcast+1","Gash","Compile Driver","Cold Snap","Beam Cell+1","Core Surge","Steam Power","Lockon","Apotheosis+1","Skim","Chill"],"relics":["Cracked Core","Centennial Puzzle","Bag of Preparation","War Paint"],"potions_floor_usage":[7,10,13,16],"damage_taken":[{"damage":0,"enemies":"2 Louse","floor":1,"turns":2},{"damage":2,"enemies":"Cultist","floor":3,"turns":4},{"damage":2,"enemies":"Jaw Worm","floor":4,"turns":3},{"damage":7,"enemies":"Red Slaver","floor":5,"turns":3},{"damage":8,"enemies":"Lagavulin","floor":7,"turns":7},{"damage":9,"enemies":"Gremlin Nob","floor":10,"turns":3},{"damage":4,"enemies":"3 Louse","floor":11,"turns":3},{"damage":0,"enemies":"Lots of Slimes","floor":13,"turns":3},{"damage":0,"enemies":"2 Fungi Beasts","floor":14,"turns":3},{"damage":38,"enemies":"Slime Boss","floor":16,"turns":5}],"seed_played":"1226696146650984415","potions_obtained":[{"floor":1,"key":"SkillPotion"},{"floor":2,"key":"Swift Potion"},{"floor":3,"key":"Energy Potion"},{"floor":11,"key":"SkillPotion"},{"floor":14,"key":"LiquidBronze"}],"is_trial":false,"path_per_floor":["M","?","M","M","M","R","E","R","T","E","M","$","M","M","R","B"],"character_chosen":"DEFECT","items_purchased":["Apotheosis"],"campfire_rested":0,"item_purchase_floors":[12],"current_hp_per_floor":[60,60,58,56,49,49,41,41,41,32,28,28,28,28,28,0],"gold":38,"neow_bonus":"TWENTY_PERCENT_HP_BONUS","is_prod":false,"is_daily":false,"chose_seed":false,"campfire_upgraded":3,"win_rate":0,"timestamp":1563989667,"path_taken":["M","?","M","M","M","R","E","R","T","E","M","$","?","M","R","BOSS"],"build_version":"2019-07-17","purchased_purges":0,"victory":false,"max_hp_per_floor":[85,85,85,85,85,85,85,85,85,85,85,85,85,85,85,85],"card_choices":[{"not_picked":["Steam Power","Fusion"],"picked":"Gash","floor":1},{"not_picked":["Stack","Redo"],"picked":"Compile Driver","floor":3},{"not_picked":["Compile Driver","Leap"],"picked":"Cold Snap","floor":4},{"not_picked":["Chill","Genetic Algorithm"],"picked":"Beam Cell","floor":5},{"not_picked":["Gash","Coolheaded"],"picked":"Core Surge","floor":7},{"not_picked":["Static Discharge","Turbo"],"picked":"Steam Power","floor":10},{"not_picked":["BootSequence","Sweeping Beam"],"picked":"Lockon","floor":11},{"not_picked":["Go for the Eyes","Streamline"],"picked":"Skim","floor":13},{"not_picked":["Streamline","Sweeping Beam"],"picked":"Chill","floor":14}],"player_experience":5813050,"relics_obtained":[{"floor":7,"key":"Centennial Puzzle"},{"floor":9,"key":"Bag of Preparation"},{"floor":10,"key":"War Paint"}],"event_choices":[{"damage_healed":0,"gold_gain":0,"player_choice":"Bought 2 Potions","damage_taken":0,"max_hp_gain":0,"max_hp_loss":0,"event_name":"The Woman in Blue","floor":2,"gold_loss":0}],"is_beta":false,"boss_relics":[],"items_purged_floors":[],"is_endless":false,"potions_floor_spawned":[1,3,11,14],"killed_by":"Slime Boss","ascension_level":20}