{"gold_per_floor":[116,36,49,49,59,7,7,22,104,104,120,133,208,219,219,294,294,312,323,8,8,58,58],"floor_reached":23,"playtime":766,"items_purged":[],"score":552,"play_id":"ede6c564-5958-4b00-8fee-f8b076f59c73","local_time":"20190716225940","is_ascension_mode":true,"campfire_choices":[{"floor":7,"key":"DIG"},{"data":"Bash","floor":10,"key":"SMITH"},{"floor":15,"key":"DIG"}],"neow_cost":"","seed_source_timestamp":2192403785817124,"circlet_count":0,"master_deck":["AscendersBane","Strike_R","Strike_R","Strike_R","Strike_R","Strike_R","Defend_R","Defend_R","Defend_R","Defend_R","Bash+1","Dropkick","Thunderclap","Shrug It Off","Seeing Red","Armaments","Whirlwind","Barricade","Flame Barrier","Flex","Whirlwind"],"relics":["Burning Blood","Paper Frog","Calipers","Shovel","Magic Flower","Chemical X","Pen Nib","Pear","Dead Branch","Eternal Feather","Lee\u0027s Waffle"],"potions_floor_usage":[3,16,16,18,23],"damage_taken":[{"damage":12,"enemies":"Cultist","floor":1,"turns":5},{"damage":10,"enemies":"Small Slimes","floor":3,"turns":5},{"damage":2,"enemies":"Jaw Worm","floor":5,"turns":4},{"damage":6,"enemies":"3 Louse","floor":8,"turns":4},{"damage":2,"enemies":"Exordium Wildlife","floor":11,"turns":2},{"damage":0,"enemies":"2 Fungi Beasts","floor":12,"turns":4},{"damage":14,"enemies":"Exordium Thugs","floor":14,"turns":5},{"damage":55,"enemies":"Hexaghost","floor":16,"turns":12},{"damage":59,"enemies":"Spheric Guardian","floor":18,"turns":12},{"damage":6,"enemies":"3 Byrds","floor":19,"turns":2},{"damage":94,"enemies":"Book of Stabbing","floor":23,"turns":6}],"seed_played":"6682872394470513013","potions_obtained":[{"floor":1,"key":"Swift Potion"},{"floor":8,"key":"SpeedPotion"},{"floor":16,"key":"Dexterity Potion"},{"floor":18,"key":"GamblersBrew"},{"floor":19,"key":"Explosive Potion"}],"is_trial":false,"path_per_floor":["M","$","M","$","M","$","R","M","T","R","M","M","?","M","R","B",null,"M","M","$","?","?","E"],"character_chosen":"IRONCLAD","items_purchased":["Paper Frog","Chemical X","BloodPotion","Shrug It Off","Lee\u0027s Waffle","Whirlwind"],"campfire_rested":0,"item_purchase_floors":[0,0,2,6,20,20],"current_hp_per_floor":[17,17,43,43,50,50,50,53,63,63,70,79,68,63,63,17,68,18,21,92,92,92,0],"gold":58,"neow_bonus":"","is_prod":false,"is_daily":false,"chose_seed":false,"campfire_upgraded":1,"win_rate":0,"timestamp":1563310780,"path_taken":["M","$","M","$","M","$","R","?","T","R","M","M","?","M","R","BOSS","M","M","$","?","?","E"],"build_version":"2019-07-05","purchased_purges":0,"victory":false,"max_hp_per_floor":[75,75,75,75,75,75,75,75,85,85,85,85,85,85,85,85,85,85,85,92,92,92,92],"card_choices":[{"not_picked":["Perfected Strike","Sword Boomerang"],"picked":"Dropkick","floor":1},{"not_picked":["Heavy Blade","Clash"],"picked":"Thunderclap","floor":3},{"not_picked":["Clothesline","Anger","Flex"],"picked":"SKIP","floor":5},{"not_picked":["Power Through","Combust"],"picked":"Seeing Red","floor":8},{"not_picked":["Warcry","Berserk"],"picked":"Armaments","floor":11},{"not_picked":["Shrug It Off","Rampage"],"picked":"Whirlwind","floor":12},{"not_picked":["Armaments","Warcry","Sword Boomerang"],"picked":"SKIP","floor":14},{"not_picked":["Impervious","Offering"],"picked":"Barricade","floor":16},{"not_picked":["Armaments","Pummel"],"picked":"Flame Barrier","floor":18},{"not_picked":["Heavy Blade","Bloodletting"],"picked":"Flex","floor":19}],"player_experience":451531,"relics_obtained":[{"floor":7,"key":"Pen Nib"},{"floor":9,"key":"Pear"},{"floor":15,"key":"Dead Branch"}],"event_choices":[{"damage_healed":0,"gold_gain":75,"player_choice":"Gather Gold","damage_taken":11,"max_hp_gain":0,"max_hp_loss":0,"event_name":"World of Goop","floor":13,"gold_loss":0},{"damage_healed":0,"gold_gain":50,"player_choice":"Stole From Cult","damage_taken":0,"max_hp_gain":0,"max_hp_loss":0,"event_name":"Nest","floor":22,"gold_loss":0}],"is_beta":false,"boss_relics":[{"not_picked":["Runic Cube","Black Star"],"picked":"Eternal Feather"}],"items_purged_floors":[],"is_endless":false,"potions_floor_spawned":[1,8,12,16,18,19],"killed_by":"Book of Stabbing","ascension_level":19}