{"gold_per_floor":[112,130,66,77,20,20,50,70,119,119,131,131,143,64,64,138,138,157,157,173,173,191,191,216,234,234,234,248,248,258,272,272,272],"floor_reached":33,"playtime":3607,"items_purged":[],"score":748,"play_id":"13ba2edd-13e9-43bf-9d7a-bb88ba134a0e","local_time":"20190719162132","is_ascension_mode":true,"campfire_choices":[{"data":"Bash","floor":6,"key":"SMITH"},{"data":"Shockwave","floor":10,"key":"SMITH"},{"data":"Armaments","floor":12,"key":"SMITH"},{"data":"Seeing Red","floor":15,"key":"SMITH"},{"data":"Spot Weakness","floor":23,"key":"SMITH"},{"floor":32,"key":"REST"}],"neow_cost":"","seed_source_timestamp":2424878241725856,"circlet_count":0,"master_deck":["AscendersBane","Strike_R+1","Strike_R+1","Strike_R+1","Strike_R+1","Strike_R+1","Defend_R+1","Defend_R+1","Defend_R+1","Defend_R+1","Bash+1","Shockwave+1","Iron Wave","Perfected Strike","Spot Weakness+1","Offering","Shrug It Off+1","Perfected Strike","Cleave","Armaments+1","Seeing Red+1","Perfected Strike","Shrug It Off","Feed","Twin Strike","Flex+1","Perfected Strike","Feed","Wild Strike","Shrug It Off"],"relics":["Burning Blood","Torii","Tiny Chest","Meat on the Bone","Boot","Vajra","Philosopher\u0027s Stone","Nilry\u0027s Codex","Lantern","War Paint"],"potions_floor_usage":[16,24,24,28,33],"damage_taken":[{"damage":1,"enemies":"2 Louse","floor":1,"turns":3},{"damage":0,"enemies":"Cultist","floor":2,"turns":3},{"damage":7,"enemies":"Jaw Worm","floor":4,"turns":2},{"damage":29,"enemies":"3 Sentries","floor":7,"turns":9},{"damage":3,"enemies":"2 Fungi Beasts","floor":8,"turns":4},{"damage":7,"enemies":"Large Slime","floor":11,"turns":5},{"damage":7,"enemies":"Blue Slaver","floor":13,"turns":3},{"damage":21,"enemies":"The Guardian","floor":16,"turns":8},{"damage":7,"enemies":"2 Thieves","floor":18,"turns":4},{"damage":12,"enemies":"Shell Parasite","floor":20,"turns":3},{"damage":26,"enemies":"Snecko","floor":22,"turns":7},{"damage":38,"enemies":"Gremlin Leader","floor":24,"turns":8},{"damage":31,"enemies":"Cultist and Chosen","floor":25,"turns":7},{"damage":1,"enemies":"Sentry and Sphere","floor":28,"turns":3},{"damage":0,"enemies":"Snecko","floor":30,"turns":3},{"damage":38,"enemies":"Shelled Parasite and Fungi","floor":31,"turns":4},{"damage":88,"enemies":"Champ","floor":33,"turns":7}],"seed_played":"-8330235676946522980","potions_obtained":[{"floor":1,"key":"Block Potion"},{"floor":2,"key":"Explosive Potion"},{"floor":16,"key":"Explosive Potion"},{"floor":25,"key":"Fire Potion"},{"floor":30,"key":"Energy Potion"}],"is_trial":false,"path_per_floor":["M","M","?","M","$","R","E","M","T","R","M","R","M","$","R","B",null,"M","?","M","$","M","R","E","M","T","?","M","?","M","M","R","B"],"character_chosen":"IRONCLAD","items_purchased":["Torii","Tiny Chest","Shockwave","Iron Wave","Shrug It Off","Perfected Strike","Shrug It Off"],"campfire_rested":1,"item_purchase_floors":[0,0,0,0,5,14,14],"current_hp_per_floor":[53,59,59,58,58,58,47,50,50,50,49,49,48,48,48,45,68,70,49,58,58,53,53,36,23,23,23,40,40,58,42,69,0],"gold":272,"neow_bonus":"","is_prod":false,"is_daily":false,"chose_seed":false,"campfire_upgraded":5,"win_rate":0,"timestamp":1563546092,"path_taken":["M","M","?","?","?","R","E","M","T","R","M","R","M","$","R","BOSS","M","?","M","$","M","R","E","M","T","?","M","?","M","M","R","BOSS"],"build_version":"2019-07-17","purchased_purges":0,"victory":false,"max_hp_per_floor":[75,75,75,75,75,75,75,75,75,75,75,75,75,75,75,75,75,78,78,81,81,84,84,87,87,87,87,87,87,87,91,91,91],"card_choices":[{"not_picked":["Iron Wave","Anger"],"picked":"Perfected Strike","floor":1},{"not_picked":["Clothesline","Cleave"],"picked":"Spot Weakness","floor":2},{"not_picked":["Shrug It Off","Feel No Pain"],"picked":"Offering","floor":4},{"not_picked":["Wild Strike","Shrug It Off"],"picked":"Perfected Strike","floor":7},{"not_picked":["Pommel Strike","Shrug It Off"],"picked":"Cleave","floor":8},{"not_picked":["Wild Strike","Clothesline"],"picked":"Armaments","floor":11},{"not_picked":["Sword Boomerang","Flex"],"picked":"Seeing Red","floor":13},{"not_picked":["Juggernaut","Double Tap"],"picked":"Feed","floor":16},{"not_picked":["Headbutt","Body Slam","Clothesline"],"picked":"SKIP","floor":18},{"not_picked":["Warcry","Thunderclap"],"picked":"Twin Strike","floor":20},{"not_picked":["Headbutt","Sword Boomerang"],"picked":"Flex+1","floor":22},{"not_picked":["Anger","Infernal Blade"],"picked":"Perfected Strike","floor":24},{"not_picked":["Shrug It Off","Sword Boomerang"],"picked":"Feed","floor":25},{"not_picked":["Spot Weakness","Metallicize+1"],"picked":"Wild Strike","floor":28},{"not_picked":["Infernal Blade","True Grit"],"picked":"Shrug It Off","floor":30},{"not_picked":["Clothesline","Rampage","Body Slam"],"picked":"SKIP","floor":31}],"player_experience":469517,"relics_obtained":[{"floor":7,"key":"Boot"},{"floor":9,"key":"Vajra"},{"floor":19,"key":"Nilry\u0027s Codex"},{"floor":24,"key":"Lantern"},{"floor":26,"key":"War Paint"}],"event_choices":[{"damage_healed":0,"gold_gain":0,"player_choice":"Paid Gold","damage_taken":0,"relics_obtained":["Meat on the Bone"],"max_hp_gain":0,"max_hp_loss":0,"event_name":"WeMeetAgain","floor":3,"gold_loss":64},{"damage_healed":0,"gold_gain":0,"player_choice":"Obtained Book","damage_taken":21,"max_hp_gain":0,"max_hp_loss":0,"event_name":"Cursed Tome","floor":19,"gold_loss":0},{"damage_healed":0,"gold_gain":0,"player_choice":"Simplicity","damage_taken":0,"max_hp_gain":0,"max_hp_loss":0,"event_name":"Back to Basics","floor":27,"gold_loss":0,"cards_upgraded":["Strike_R","Strike_R","Strike_R","Strike_R","Strike_R","Defend_R","Defend_R","Defend_R"]},{"damage_healed":0,"gold_gain":0,"player_choice":"Ignored","damage_taken":0,"max_hp_gain":0,"max_hp_loss":0,"event_name":"Vampires","floor":29,"gold_loss":0}],"is_beta":false,"boss_relics":[{"not_picked":["Empty Cage","Lizard Tail"],"picked":"Philosopher\u0027s Stone"}],"items_purged_floors":[],"is_endless":false,"potions_floor_spawned":[1,2,16,25,30],"killed_by":"Champ","ascension_level":19}