{"gold_per_floor":[111,121,121,46,46,46,66,66,66,134,148,166,201,220,220,295,295,315,332,332,350,364,391,391,316,316,326,326,326,342,375,375,449,449,462,472,372,388,408,442,456,490,490,490,501,519,120,120,120,120,120,120,120,120,152,152],"floor_reached":57,"playtime":2396,"items_purged":["Unload+1","Distraction","Envenom"],"score":3466,"play_id":"f40e0d15-d4a6-4762-9575-31225ed22224","local_time":"20190725001523","is_ascension_mode":true,"campfire_choices":[{"data":"Unload","floor":6,"key":"SMITH"},{"data":"Acrobatics","floor":8,"key":"SMITH"},{"data":"Tactician","floor":15,"key":"SMITH"},{"data":"Acrobatics","floor":24,"key":"SMITH"},{"data":"Backflip","floor":29,"key":"SMITH"},{"data":"Footwork","floor":32,"key":"SMITH"},{"floor":44,"key":"RECALL"},{"data":"Wraith Form v2","floor":49,"key":"SMITH"},{"data":"Night Terror","floor":53,"key":"SMITH"}],"neow_cost":"TEN_PERCENT_HP_LOSS","seed_source_timestamp":51302487827600,"circlet_count":0,"master_deck":["AscendersBane","Survivor","Neutralize","Grand Finale","Dagger Throw","Acrobatics+1","Acrobatics+1","Tactician+1","Well Laid Plans","Night Terror+1","Wraith Form v2+1","Footwork+1","Die Die Die","Calculated Gamble","Backflip+1","After Image","Prepared+1"],"special_seed":0,"relics":["Ring of the Snake","Pear","Calipers","Pandora\u0027s Box","Oddly Smooth Stone","Omamori","Molten Egg 2","Mercury Hourglass","Cursed Key","Strawberry","Shuriken","Toxic Egg 2","Bottled Lightning","Pen Nib"],"potions_floor_usage":[14,16,35,56,56],"damage_taken":[{"damage":4.0,"enemies":"Small Slimes","floor":1.0,"turns":3.0},{"damage":0,"enemies":"2 Louse","floor":2,"turns":5},{"damage":0,"enemies":"Jaw Worm","floor":7,"turns":4},{"damage":1,"enemies":"Looter","floor":11,"turns":4},{"damage":0,"enemies":"Red Slaver","floor":12,"turns":1},{"damage":0,"enemies":"3 Sentries","floor":13,"turns":1},{"damage":5,"enemies":"Gremlin Gang","floor":14,"turns":2},{"damage":0,"enemies":"Slime Boss","floor":16,"turns":4},{"damage":0,"enemies":"Spheric Guardian","floor":18,"turns":2},{"damage":1,"enemies":"Shell Parasite","floor":19,"turns":3},{"damage":0,"enemies":"3 Cultists","floor":21,"turns":2},{"damage":0,"enemies":"Snecko","floor":22,"turns":2},{"damage":0,"enemies":"Book of Stabbing","floor":23,"turns":3},{"damage":16,"enemies":"Centurion and Healer","floor":27,"turns":2},{"damage":0,"enemies":"Snake Plant","floor":30,"turns":2},{"damage":0,"enemies":"Gremlin Leader","floor":31,"turns":1},{"damage":0,"enemies":"Champ","floor":33,"turns":2},{"damage":0,"enemies":"Orb Walker","floor":35,"turns":4},{"damage":0,"enemies":"3 Darklings","floor":36,"turns":2},{"damage":0,"enemies":"Spire Growth","floor":38,"turns":1},{"damage":0,"enemies":"Maw","floor":39,"turns":2},{"damage":0,"enemies":"Giant Head","floor":40,"turns":2},{"damage":0,"enemies":"Transient","floor":41,"turns":6},{"damage":0,"enemies":"Nemesis","floor":42,"turns":5},{"damage":0,"enemies":"3 Darklings","floor":45,"turns":1},{"damage":0,"enemies":"Jaw Worm Horde","floor":46,"turns":2},{"damage":0,"enemies":"Awakened One","floor":50,"turns":3},{"damage":0,"enemies":"Donu and Deca","floor":51,"turns":1},{"damage":0,"enemies":"Shield and Spear","floor":55,"turns":1},{"damage":0,"enemies":"The Heart","floor":56,"turns":5}],"seed_played":"1998918726586133905","potions_obtained":[{"floor":1.0,"key":"SteroidPotion"},{"floor":7,"key":"Explosive Potion"},{"floor":14,"key":"Swift Potion"},{"floor":21,"key":"Ancient Potion"},{"floor":30,"key":"SkillPotion"},{"floor":35,"key":"SkillPotion"},{"floor":39,"key":"GhostInAJar"},{"floor":42,"key":"GamblersBrew"}],"is_trial":false,"path_per_floor":["M","M","?","?","$","R","M","R","T","T","M","M","E","M","R","B",null,"M","M","?","M","M","E","R","$","T","M","?","R","M","E","R","B",null,"M","M","$","M","M","E","M","E","T","R","M","M","$","?","R","B","B",null,"R","$","E","B",null],"character_chosen":"THE_SILENT","items_purchased":["Bottled Lightning"],"campfire_rested":0,"item_purchase_floors":[47],"current_hp_per_floor":[55,55,55,55,55,55,55,55,65,65,64,64,64,59,59,59,67,67,66,66,66,66,66,66,66,66,50,50,50,50,50,50,50,65,65,65,65,65,65,72,72,72,72,72,72,72,72,72,72,72,72,76,76,76,76,76],"gold":152,"neow_bonus":"TRANSFORM_TWO_CARDS","is_prod":false,"is_daily":false,"chose_seed":false,"campfire_upgraded":8,"win_rate":0,"timestamp":1563981323,"path_taken":["M","M","?","?","$","R","M","R","T","?","M","M","E","M","R","BOSS","M","M","?","?","M","E","R","$","T","?","?","R","?","E","R","BOSS","M","M","$","M","?","E","M","E","T","R","M","M","$","?","R","BOSS","BOSS","R","$","E","BOSS"],"build_version":"2019-07-17","purchased_purges":3,"victory":true,"max_hp_per_floor":[60,60,60,60,60,60,60,60,70,70,70,70,70,70,70,70,70,70,70,70,70,70,70,70,70,70,70,70,70,70,70,70,70,70,70,70,70,70,70,77,77,77,77,77,77,77,77,77,77,77,77,77,77,77,77,77],"card_choices":[{"not_picked":["Crippling Poison","Flying Knee","Cloak And Dagger"],"picked":"SKIP","floor":1.0},{"not_picked":["Eviscerate","Dodge and Roll"],"picked":"Dagger Throw","floor":2},{"not_picked":["Blur","Bouncing Flask"],"picked":"Acrobatics","floor":7},{"not_picked":["Underhanded Strike","Cloak And Dagger"],"picked":"Acrobatics","floor":11},{"not_picked":["Deflect","Dodge and Roll"],"picked":"Tactician","floor":12},{"not_picked":["Catalyst","Skewer","Outmaneuver"],"picked":"SKIP","floor":13},{"not_picked":["Heel Hook","Flechettes"],"picked":"Well Laid Plans","floor":14},{"not_picked":["Accuracy+1","Blur"],"picked":"Calculated Gamble","floor":18},{"not_picked":["Flying Knee","Flechettes","Bouncing Flask+1"],"picked":"SKIP","floor":19},{"not_picked":["Bane","Deadly Poison+1","Underhanded Strike"],"picked":"SKIP","floor":21},{"not_picked":["Outmaneuver","Quick Slash","Deadly Poison"],"picked":"SKIP","floor":22},{"not_picked":["Sucker Punch","Deflect","Flechettes"],"picked":"SKIP","floor":23},{"not_picked":["Outmaneuver","Accuracy+1"],"picked":"Backflip","floor":27},{"not_picked":["Accuracy","A Thousand Cuts","Dodge and Roll"],"picked":"SKIP","floor":30},{"not_picked":["Endless Agony+1","Dodge and Roll","Dagger Throw+1"],"picked":"SKIP","floor":31},{"not_picked":["Phantasmal Killer","Envenom"],"picked":"After Image","floor":33},{"not_picked":["Infinite Blades","Backflip+1","Deflect"],"picked":"SKIP","floor":35},{"not_picked":["Blade Dance","Underhanded Strike+1"],"picked":"Prepared+1","floor":36},{"not_picked":["Dagger Spray+1","Flying Knee+1","Blade Dance+1"],"picked":"SKIP","floor":38},{"not_picked":["Underhanded Strike+1","Grand Finale+1","Infinite Blades"],"picked":"SKIP","floor":39},{"not_picked":["Backstab+1","Dagger Spray+1","Dagger Throw+1"],"picked":"SKIP","floor":40},{"not_picked":["Quick Slash+1","Catalyst+1","Prepared"],"picked":"SKIP","floor":41},{"not_picked":["Bane+1","A Thousand Cuts","Poisoned Stab+1"],"picked":"SKIP","floor":42},{"not_picked":["Dodge and Roll+1","Deadly Poison+1","Deflect+1"],"picked":"SKIP","floor":45},{"not_picked":["Well Laid Plans","Concentrate+1","Terror+1"],"picked":"SKIP","floor":46},{"not_picked":["Dagger Throw+1","Backflip+1","Prepared+1"],"picked":"SKIP","floor":55}],"player_experience":5803597,"relics_obtained":[{"floor":9,"key":"Pear"},{"floor":13,"key":"Calipers"},{"floor":23,"key":"Omamori"},{"floor":26,"key":"Molten Egg 2"},{"floor":31,"key":"Mercury Hourglass"},{"floor":40,"key":"Strawberry"},{"floor":42,"key":"Shuriken"},{"floor":43,"key":"Toxic Egg 2"},{"floor":55,"key":"Pen Nib"}],"event_choices":[{"cards_removed":["Strike_G"],"damage_healed":0,"gold_gain":0,"player_choice":"Forget","damage_taken":0,"max_hp_gain":0,"max_hp_loss":0,"event_name":"Living Wall","floor":3,"gold_loss":0},{"cards_removed":["Strike_G"],"damage_healed":0,"gold_gain":0,"player_choice":"Card Removal","damage_taken":0,"max_hp_gain":0,"max_hp_loss":0,"event_name":"The Cleric","floor":4,"gold_loss":75},{"damage_healed":0,"gold_gain":0,"player_choice":"Gave Potion","damage_taken":0,"relics_obtained":["Oddly Smooth Stone"],"max_hp_gain":0,"max_hp_loss":0,"event_name":"WeMeetAgain","floor":20,"gold_loss":0},{"damage_healed":0,"gold_gain":0,"player_choice":"0 cards matched","damage_taken":0,"max_hp_gain":0,"max_hp_loss":0,"event_name":"Match and Keep!","floor":28,"gold_loss":0,"cards_obtained":[]},{"damage_healed":0,"gold_gain":0,"player_choice":"Ignored","damage_taken":0,"max_hp_gain":0,"max_hp_loss":0,"event_name":"Tomb of Lord Red Mask","floor":48,"gold_loss":0}],"is_beta":false,"boss_relics":[{"not_picked":["Velvet Choker","Orrery"],"picked":"Pandora\u0027s Box"},{"not_picked":["Ring of the Serpent","HoveringKite"],"picked":"Cursed Key"}],"items_purged_floors":[25,37,47],"is_endless":false,"potions_floor_spawned":[1,7,11,14,21,30,31,35,39,42,55],"ascension_level":20}