{"gold_per_floor":[109,184,184,184,184,184,214,230,230,155,174,25,48,80,92],"floor_reached":15,"playtime":96,"items_purged":["Strike_R"],"score":186,"play_id":"45403197-d4d7-4185-bcdd-f3b1ef57d996","local_time":"20190413023404","is_ascension_mode":true,"campfire_choices":[{"data":"Inflame","floor":6,"key":"SMITH"},{"data":"Immolate","floor":15,"key":"SMITH"}],"neow_cost":"NONE","seed_source_timestamp":96538804382800,"circlet_count":0,"master_deck":["AscendersBane","Strike_R","Strike_R","Strike_R","Defend_R","Defend_R","Defend_R","Defend_R","Bash","Inflame+1","Second Wind","Second Wind","Dual Wield","Immolate+1"],"relics":["Burning Blood","NeowsBlessing","Shuriken","Sundial","Paper Frog","MawBank"],"potions_floor_usage":[],"damage_taken":[{"damage":0,"enemies":"Small Slimes","floor":1,"turns":1},{"damage":10,"enemies":"3 Sentries","floor":7,"turns":2},{"damage":0,"enemies":"Jaw Worm","floor":8,"turns":1},{"damage":1,"enemies":"2 Louse","floor":11,"turns":4},{"damage":33,"enemies":"Exordium Wildlife","floor":14,"turns":4}],"seed_played":"-777332193516884046","potions_obtained":[{"floor":1,"key":"Swift Potion"},{"floor":11,"key":"SteroidPotion"}],"is_trial":false,"path_per_floor":["M","?","?","T","?","R","E","M","T","$","M","$","T","M","R"],"character_chosen":"IRONCLAD","items_purchased":["Immolate"],"campfire_rested":0,"item_purchase_floors":[12],"current_hp_per_floor":[74,63,63,63,63,63,59,65,65,65,70,70,70,43,43],"gold":92,"neow_bonus":"THREE_ENEMY_KILL","is_prod":false,"is_daily":false,"chose_seed":false,"campfire_upgraded":2,"win_rate":0,"timestamp":1555090444,"path_taken":["M","?","?","?","?","R","E","M","T","$","M","$","?","M","R"],"build_version":"2019-01-23","purchased_purges":1,"victory":false,"max_hp_per_floor":[75,75,75,75,75,75,75,75,75,75,75,75,75,75,75],"card_choices":[{"not_picked":["Cleave","Clash"],"picked":"Inflame","floor":1},{"not_picked":["Fiend Fire","Carnage"],"picked":"Second Wind","floor":7},{"not_picked":["Dropkick","Twin Strike"],"picked":"Second Wind","floor":8},{"not_picked":["Whirlwind","Clash"],"picked":"Dual Wield","floor":11},{"not_picked":["Intimidate","Fire Breathing","Thunderclap"],"picked":"SKIP","floor":14}],"player_experience":4772014,"relics_obtained":[{"floor":4,"key":"Shuriken"},{"floor":7,"key":"Sundial"},{"floor":9,"key":"Paper Frog"},{"floor":13,"key":"MawBank"}],"event_choices":[{"damage_healed":0,"gold_gain":75,"player_choice":"Gather Gold","damage_taken":11,"max_hp_gain":0,"max_hp_loss":0,"event_name":"World of Goop","floor":2,"gold_loss":0},{"cards_removed":["Strike_R"],"damage_healed":0,"gold_gain":0,"player_choice":"Forget","damage_taken":0,"max_hp_gain":0,"max_hp_loss":0,"event_name":"Living Wall","floor":3,"gold_loss":0},{"damage_healed":0,"gold_gain":0,"player_choice":"Ignored","damage_taken":0,"max_hp_gain":0,"max_hp_loss":0,"event_name":"Liars Game","floor":5,"gold_loss":0}],"is_beta":false,"boss_relics":[],"items_purged_floors":[10],"is_endless":false,"potions_floor_spawned":[1,11,14],"ascension_level":20}