{"gold_per_floor":[118,193,193,4,4,4,4,4,4,4,4,27,50,65,65,65],"floor_reached":16,"playtime":325,"items_purged":[],"score":276,"play_id":"21155c93-2128-4b7b-9d7d-80a5cb0b9a01","local_time":"20190720050322","is_ascension_mode":true,"campfire_choices":[{"data":"Mayhem","floor":6.0,"key":"SMITH"},{"data":"Bash","floor":8.0,"key":"SMITH"},{"data":"Spot Weakness","floor":15,"key":"SMITH"}],"neow_cost":"","seed_source_timestamp":2473856380479682,"circlet_count":0,"master_deck":["AscendersBane","Strike_R","Strike_R","Strike_R","Strike_R","Strike_R","Defend_R","Defend_R","Defend_R","Defend_R","Bash+1","Twin Strike","Mayhem+1","Spot Weakness+1"],"special_seed":0,"relics":["Burning Blood","Gambling Chip","Golden Idol","Nunchaku","Turnip"],"potions_floor_usage":[16,16],"damage_taken":[{"damage":5.0,"enemies":"Small Slimes","floor":1.0,"turns":4.0},{"damage":4,"enemies":"Jaw Worm","floor":12,"turns":4},{"damage":8,"enemies":"2 Louse","floor":13,"turns":3},{"damage":12,"enemies":"Looter","floor":14,"turns":3},{"damage":43,"enemies":"Hexaghost","floor":16,"turns":7}],"seed_played":"-5119143507710330106","potions_obtained":[{"floor":1.0,"key":"Fire Potion"},{"floor":14,"key":"Weak Potion"}],"is_trial":false,"path_per_floor":["M","?","?","$","?","R","$","R","T","T","?","M","M","M","R","B"],"character_chosen":"IRONCLAD","items_purchased":["Mayhem"],"campfire_rested":0,"item_purchase_floors":[4],"current_hp_per_floor":[57,46,46,46,46,46,46,46,46,46,46,48,46,40,40,0],"gold":65,"neow_bonus":"","is_prod":false,"is_daily":false,"chose_seed":false,"campfire_upgraded":3,"win_rate":0,"timestamp":1563591802,"path_taken":["M","?","?","$","?","R","$","R","T","?","?","?","M","M","R","BOSS"],"build_version":"2019-07-17","purchased_purges":0,"victory":false,"max_hp_per_floor":[75,75,68,68,68,68,68,68,68,68,68,68,68,68,68,68],"card_choices":[{"not_picked":["Iron Wave","Heavy Blade"],"picked":"Twin Strike","floor":1.0},{"not_picked":["Warcry","Body Slam","Evolve"],"picked":"SKIP","floor":12},{"not_picked":["Flex","Battle Trance","Pommel Strike"],"picked":"SKIP","floor":13},{"not_picked":["Clothesline","Dropkick"],"picked":"Spot Weakness","floor":14}],"player_experience":517475,"relics_obtained":[{"floor":9.0,"key":"Nunchaku"},{"floor":10.0,"key":"Turnip"}],"event_choices":[{"damage_healed":0.0,"max_hp_gain":0.0,"max_hp_loss":0.0,"gold_gain":75.0,"event_name":"World of Goop","player_choice":"Gather Gold","floor":2.0,"gold_loss":0.0,"damage_taken":11.0},{"damage_healed":0.0,"max_hp_gain":0.0,"max_hp_loss":7.0,"gold_gain":0.0,"event_name":"Golden Idol","player_choice":"Lose Max HP","floor":3.0,"gold_loss":0.0,"damage_taken":0.0,"relics_obtained":["Golden Idol"]},{"damage_healed":0.0,"max_hp_gain":0.0,"max_hp_loss":0.0,"gold_gain":0.0,"event_name":"Golden Wing","player_choice":"Ignored","floor":5.0,"gold_loss":0.0,"damage_taken":0.0},{"damage_healed":0,"gold_gain":0,"player_choice":"Leave","damage_taken":0,"max_hp_gain":0,"max_hp_loss":0,"event_name":"FaceTrader","floor":11,"gold_loss":0}],"is_beta":false,"boss_relics":[],"items_purged_floors":[],"is_endless":false,"potions_floor_spawned":[1,14],"killed_by":"Hexaghost","ascension_level":20}