{"gold_per_floor":[115,115,134,63,77,112,112,137,162,174,193,226,241,275,275,352,352,352,352,352,352,352,352,352,352,352,352,352,352,352,277,277,277,277,277,277,277,277,277,277,14,14,14,14,14,14,14,14,14,14,14,14,14,14,14,14],"floor_reached":56,"playtime":2347,"items_purged":["Strike_R"],"score":2190,"play_id":"4d72ffa2-5504-45da-a787-2589a198d69e","local_time":"20190430030031","is_ascension_mode":true,"campfire_choices":[{"data":"Armaments","floor":7.0,"key":"SMITH"},{"data":"Corruption","floor":15.0,"key":"SMITH"},{"floor":23.0,"key":"REST"},{"floor":32.0,"key":"REST"},{"data":"Barricade","floor":40.0,"key":"SMITH"},{"data":"Offering","floor":46.0,"key":"SMITH"},{"floor":49.0,"key":"RECALL"},{"data":"Bludgeon","floor":53.0,"key":"SMITH"}],"neow_cost":"NONE","seed_source_timestamp":775200275536300,"circlet_count":0,"master_deck":["AscendersBane","Strike_R","Strike_R","Strike_R","Defend_R+1","Defend_R","Defend_R","Defend_R","Bash","Uppercut","Flex","Armaments+1","Double Tap+1","Perfected Strike","Carnage","Shockwave","Corruption+1","Shrug It Off","Perfected Strike","Bludgeon+1","Rage+1","Combust+1","Seeing Red","Shrug It Off","Sentinel","Uppercut+1","Barricade+1","Evolve","Shrug It Off","Thinking Ahead","Mayhem","Sentinel+1","Offering+1","Shrug It Off","Shrug It Off"],"special_seed":0,"relics":["Burning Blood","Bronze Scales","Orichalcum","Lantern","Regal Pillow","Juzu Bracelet","Smiling Mask","The Courier","Ectoplasm","Gambling Chip","Self Forming Clay","Nilry\u0027s Codex","War Paint","Pocketwatch","Mercury Hourglass","Nunchaku","Sozu","Pantograph","Thread and Needle","Centennial Puzzle","Pen Nib","Bottled Flame"],"potions_floor_usage":[56],"damage_taken":[{"damage":4.0,"enemies":"Jaw Worm","floor":1.0,"turns":7.0},{"damage":6.0,"enemies":"2 Louse","floor":3.0,"turns":3.0},{"damage":0.0,"enemies":"Cultist","floor":5.0,"turns":3.0},{"damage":9.0,"enemies":"3 Sentries","floor":6.0,"turns":9.0},{"damage":30.0,"enemies":"Lagavulin","floor":8.0,"turns":6.0},{"damage":1.0,"enemies":"Lots of Slimes","floor":10.0,"turns":4.0},{"damage":5.0,"enemies":"Looter","floor":11.0,"turns":2.0},{"damage":13.0,"enemies":"3 Sentries","floor":12.0,"turns":4.0},{"damage":10.0,"enemies":"Exordium Wildlife","floor":13.0,"turns":3.0},{"damage":7.0,"enemies":"Lagavulin","floor":14.0,"turns":5.0},{"damage":31.0,"enemies":"The Guardian","floor":16.0,"turns":9.0},{"damage":6.0,"enemies":"Chosen","floor":18.0,"turns":4.0},{"damage":27.0,"enemies":"Colosseum Slavers","floor":19.0,"turns":4.0},{"damage":12.0,"enemies":"Colosseum Nobs","floor":19.0,"turns":5.0},{"damage":2.0,"enemies":"3 Byrds","floor":22.0,"turns":2.0},{"damage":0.0,"enemies":"Cultist and Chosen","floor":24.0,"turns":4.0},{"damage":10.0,"enemies":"Gremlin Leader","floor":25.0,"turns":3.0},{"damage":21.0,"enemies":"Book of Stabbing","floor":27.0,"turns":4.0},{"damage":12.0,"enemies":"Snake Plant","floor":28.0,"turns":3.0},{"damage":9.0,"enemies":"Slavers","floor":29.0,"turns":4.0},{"damage":0.0,"enemies":"Chosen and Byrds","floor":30.0,"turns":3.0},{"damage":41.0,"enemies":"Automaton","floor":33.0,"turns":7.0},{"damage":23.0,"enemies":"3 Darklings","floor":35.0,"turns":4.0},{"damage":0.0,"enemies":"Orb Walker","floor":37.0,"turns":2.0},{"damage":2.0,"enemies":"4 Shapes","floor":38.0,"turns":4.0},{"damage":4.0,"enemies":"Mind Bloom Boss Battle","floor":44.0,"turns":5.0},{"damage":3.0,"enemies":"Reptomancer","floor":45.0,"turns":6.0},{"damage":7.0,"enemies":"Giant Head","floor":47.0,"turns":4.0},{"damage":6.0,"enemies":"3 Darklings","floor":48.0,"turns":2.0},{"damage":61.0,"enemies":"Time Eater","floor":50.0,"turns":9.0},{"damage":25.0,"enemies":"Donu and Deca","floor":51.0,"turns":7.0},{"damage":52.0,"enemies":"Shield and Spear","floor":55.0,"turns":5.0},{"damage":66,"enemies":"The Heart","floor":56,"turns":6}],"seed_played":"1821082568368042543","potions_obtained":[{"floor":3.0,"key":"Block Potion"},{"floor":5.0,"key":"Fire Potion"},{"floor":10.0,"key":"Fire Potion"},{"floor":11.0,"key":"Energy Potion"},{"floor":19.0,"key":"SpeedPotion"}],"is_trial":false,"path_per_floor":["M","?","M","?","M","E","R","E","T","M","M","E","M","E","R","B",null,"M","?","?","?","M","R","M","E","T","E","M","E","M","?","R","B",null,"M","?","M","M","?","R","$","?","T","?","E","R","E","M","R","B","B",null,"R","$","E","B"],"character_chosen":"IRONCLAD","items_purchased":["Pantograph"],"campfire_rested":2,"item_purchase_floors":[41],"current_hp_per_floor":[70,75,75,75,80,77,77,53,53,58,59,52,48,47,47,22,66,66,39,18,18,22,61,67,63,63,48,42,39,45,45,80,45,71,54,54,60,64,54,54,54,86,86,86,86,86,85,85,85,31,37,74,74,74,28,0],"gold":14,"neow_bonus":"RANDOM_COMMON_RELIC","is_prod":false,"is_daily":false,"chose_seed":false,"campfire_upgraded":5,"win_rate":0,"timestamp":1556560831,"path_taken":["M","?","M","?","?","E","R","E","T","M","M","E","M","E","R","BOSS","M","?","?","?","M","R","M","E","T","E","M","E","M","?","R","BOSS","M","?","M","M","?","R","$","?","T","?","E","R","E","M","R","BOSS","BOSS","R","$","E","BOSS"],"build_version":"2019-01-23","purchased_purges":1,"victory":false,"max_hp_per_floor":[75,80,80,80,80,80,80,80,80,80,80,80,80,80,80,80,80,80,80,80,80,80,80,80,80,80,80,80,80,80,80,80,80,80,80,76,76,76,76,76,76,86,86,86,86,86,86,86,86,86,86,86,86,86,86,86],"card_choices":[{"not_picked":["Cleave","Havoc"],"picked":"Uppercut","floor":1.0},{"not_picked":["Heavy Blade","Metallicize"],"picked":"Flex","floor":3.0},{"not_picked":["Headbutt","Fire Breathing"],"picked":"Armaments","floor":5.0},{"not_picked":["Sword Boomerang","Perfected Strike"],"picked":"Double Tap","floor":6.0},{"not_picked":["Shrug It Off","Havoc"],"picked":"Perfected Strike","floor":8.0},{"not_picked":["Second Wind","Headbutt"],"picked":"Carnage","floor":10.0},{"not_picked":["Hemokinesis","Iron Wave"],"picked":"Shockwave","floor":11.0},{"not_picked":["Offering","Heavy Blade"],"picked":"Corruption","floor":12.0},{"not_picked":["Havoc","Iron Wave"],"picked":"Shrug It Off","floor":13.0},{"not_picked":["Cleave","Body Slam"],"picked":"Perfected Strike","floor":14.0},{"not_picked":["Berserk","Demon Form"],"picked":"Bludgeon","floor":16.0},{"not_picked":["Iron Wave","Metallicize"],"picked":"Rage+1","floor":18.0},{"not_picked":["True Grit","Burning Pact"],"picked":"Combust+1","floor":19.0},{"not_picked":["Metallicize","Clash+1"],"picked":"Shrug It Off","floor":22.0},{"not_picked":["True Grit","Cleave","Flex"],"picked":"SKIP","floor":24.0},{"not_picked":["Limit Break","Heavy Blade","Fire Breathing"],"picked":"SKIP","floor":25.0},{"not_picked":["Limit Break","Heavy Blade","Fire Breathing"],"picked":"SKIP","floor":25.0},{"not_picked":["Wild Strike+1","Armaments"],"picked":"Sentinel","floor":27.0},{"not_picked":["Heavy Blade+1","Havoc","Body Slam"],"picked":"SKIP","floor":28.0},{"not_picked":["Heavy Blade","Clash+1","Headbutt"],"picked":"SKIP","floor":29.0},{"not_picked":["Warcry","Heavy Blade"],"picked":"Uppercut+1","floor":30.0},{"not_picked":["Offering","Reaper"],"picked":"Barricade","floor":33.0},{"not_picked":["Dropkick","Twin Strike"],"picked":"Evolve","floor":35.0},{"not_picked":["Armaments","Seeing Red"],"picked":"Shrug It Off","floor":37.0},{"not_picked":["Havoc","Flex","Carnage"],"picked":"SKIP","floor":38.0},{"not_picked":["Mind Blast","Panacea"],"picked":"Thinking Ahead","floor":39.0},{"not_picked":["Good Instincts","Mind Blast"],"picked":"Violence","floor":39.0},{"not_picked":["Trip","Secret Weapon"],"picked":"Mayhem","floor":39.0},{"not_picked":["Sword Boomerang","Clothesline"],"picked":"Sentinel+1","floor":44.0},{"not_picked":["Flex","Combust"],"picked":"Offering","floor":45.0},{"not_picked":["Havoc","Sword Boomerang+1","Wild Strike"],"picked":"SKIP","floor":47.0},{"not_picked":["Sword Boomerang","Havoc"],"picked":"Shrug It Off","floor":48.0},{"not_picked":["Wild Strike","Thunderclap"],"picked":"Shrug It Off","floor":55.0}],"player_experience":4875337,"relics_obtained":[{"floor":6.0,"key":"Lantern"},{"floor":8.0,"key":"Regal Pillow"},{"floor":9.0,"key":"Juzu Bracelet"},{"floor":12.0,"key":"Smiling Mask"},{"floor":14.0,"key":"The Courier"},{"floor":19.0,"key":"Gambling Chip"},{"floor":19.0,"key":"Self Forming Clay"},{"floor":20.0,"key":"Nilry\u0027s Codex"},{"floor":25.0,"key":"War Paint"},{"floor":26.0,"key":"Pocketwatch"},{"floor":27.0,"key":"Mercury Hourglass"},{"floor":29.0,"key":"Nunchaku"},{"floor":44.0,"key":"Thread and Needle"},{"floor":45.0,"key":"Centennial Puzzle"},{"floor":47.0,"key":"Pen Nib"},{"floor":55.0,"key":"Bottled Flame"}],"event_choices":[{"damage_healed":0.0,"max_hp_gain":5.0,"max_hp_loss":0.0,"gold_gain":0.0,"event_name":"Big Fish","player_choice":"Donut","floor":2.0,"gold_loss":0.0,"damage_taken":0.0},{"damage_healed":0.0,"max_hp_gain":0.0,"max_hp_loss":0.0,"gold_gain":0.0,"event_name":"WeMeetAgain","player_choice":"Paid Gold","floor":4.0,"gold_loss":71.0,"damage_taken":0.0,"relics_obtained":["Orichalcum"]},{"damage_healed":0.0,"max_hp_gain":0.0,"max_hp_loss":0.0,"gold_gain":0.0,"event_name":"Colosseum","player_choice":"Fight","floor":19.0,"gold_loss":0.0,"damage_taken":0.0},{"damage_healed":0.0,"max_hp_gain":0.0,"max_hp_loss":0.0,"gold_gain":0.0,"event_name":"Colosseum","player_choice":"Fought Nobs","floor":19.0,"gold_loss":0.0,"damage_taken":0.0},{"damage_healed":0.0,"max_hp_gain":0.0,"max_hp_loss":0.0,"gold_gain":0.0,"event_name":"Cursed Tome","player_choice":"Obtained Book","floor":20.0,"gold_loss":0.0,"damage_taken":21.0},{"damage_healed":0.0,"max_hp_gain":0.0,"max_hp_loss":0.0,"gold_gain":0.0,"event_name":"Match and Keep!","player_choice":"1 cards matched","floor":21.0,"gold_loss":0.0,"damage_taken":0.0,"cards_obtained":["Seeing Red"]},{"cards_removed":["Strike_R"],"damage_healed":0.0,"max_hp_gain":0.0,"max_hp_loss":0.0,"gold_gain":0.0,"event_name":"Beggar","player_choice":"Gave Gold","floor":31.0,"gold_loss":75.0,"damage_taken":0.0},{"damage_healed":0.0,"max_hp_gain":0.0,"max_hp_loss":4.0,"gold_gain":0.0,"event_name":"Winding Halls","player_choice":"Max HP","floor":36.0,"gold_loss":0.0,"damage_taken":0.0},{"damage_healed":0.0,"max_hp_gain":0.0,"max_hp_loss":0.0,"gold_gain":0.0,"event_name":"SensoryStone","player_choice":"Memory 3","floor":39.0,"gold_loss":0.0,"damage_taken":10.0},{"cards_removed":["Violence"],"damage_healed":22.0,"max_hp_gain":10.0,"max_hp_loss":0.0,"gold_gain":0.0,"event_name":"Bonfire Elementals","player_choice":"Offered Rare","floor":42.0,"gold_loss":0.0,"damage_taken":0.0},{"damage_healed":0.0,"max_hp_gain":0.0,"max_hp_loss":0.0,"gold_gain":0.0,"event_name":"MindBloom","player_choice":"Fight","floor":44.0,"gold_loss":0.0,"damage_taken":0.0}],"is_beta":false,"boss_relics":[{"not_picked":["Cursed Key","Calling Bell"],"picked":"Ectoplasm"},{"not_picked":["Pandora\u0027s Box","Philosopher\u0027s Stone"],"picked":"Sozu"}],"items_purged_floors":[41],"is_endless":false,"potions_floor_spawned":[3,5,10,11,19,22,24,35,45,48,55],"killed_by":"The Heart","ascension_level":20}