{"gold_per_floor":[117,129,141,158,173,201,201,201,225,225,239,239,21,49,49,49],"floor_reached":16,"playtime":355,"items_purged":["Strike_G"],"score":224,"play_id":"4166cc4b-0ab0-40a8-b38c-2d1c9fa03448","local_time":"20190720032430","is_ascension_mode":true,"campfire_choices":[{"floor":7.0,"key":"REST"},{"data":"Neutralize","floor":10.0,"key":"SMITH"},{"data":"Dash","floor":12.0,"key":"SMITH"},{"data":"Accuracy","floor":15.0,"key":"SMITH"}],"neow_cost":"NONE","seed_source_timestamp":812236794313700,"circlet_count":0,"master_deck":["AscendersBane","Strike_G","Strike_G","Strike_G","Strike_G","Defend_G","Defend_G","Defend_G","Defend_G","Defend_G","Survivor+1","Neutralize+1","Cloak And Dagger","Endless Agony","Cloak And Dagger","Dash+1","Dagger Throw","Crippling Poison+1","Accuracy+1","Deflect","Dagger Spray"],"special_seed":0,"relics":["Ring of the Snake","Juzu Bracelet","War Paint","Strawberry"],"potions_floor_usage":[16],"damage_taken":[{"damage":4.0,"enemies":"Small Slimes","floor":1.0,"turns":6.0},{"damage":4.0,"enemies":"Cultist","floor":2.0,"turns":4.0},{"damage":0.0,"enemies":"2 Louse","floor":3.0,"turns":3.0},{"damage":2.0,"enemies":"Exordium Wildlife","floor":4.0,"turns":5.0},{"damage":7.0,"enemies":"3 Louse","floor":5.0,"turns":4.0},{"damage":47.0,"enemies":"Lagavulin","floor":6.0,"turns":12.0},{"damage":2.0,"enemies":"Looter","floor":11.0,"turns":3.0},{"damage":8.0,"enemies":"3 Sentries","floor":14.0,"turns":8.0},{"damage":0,"enemies":"The Guardian","floor":16,"turns":2}],"seed_played":"86627976275020339","potions_obtained":[{"floor":2.0,"key":"GamblersBrew"},{"floor":3.0,"key":"Dexterity Potion"},{"floor":8.0,"key":"AttackPotion"},{"floor":8.0,"key":"AttackPotion"}],"is_trial":false,"path_per_floor":["M","M","M","M","M","E","R","?","T","R","M","R","$","E","R","B"],"character_chosen":"THE_SILENT","items_purchased":["Accuracy","Deflect"],"campfire_rested":1,"item_purchase_floors":[13,13],"current_hp_per_floor":[61,57,57,55,48,1,22,22,22,22,20,20,20,19,19,19],"gold":49,"neow_bonus":"TEN_PERCENT_HP_BONUS","is_prod":false,"is_daily":false,"chose_seed":false,"campfire_upgraded":3,"win_rate":0,"timestamp":1563560670,"path_taken":["M","M","M","M","M","E","R","?","T","R","M","R","$","E","R","BOSS"],"build_version":"2019-07-17","purchased_purges":1,"victory":false,"max_hp_per_floor":[72,72,72,72,72,72,72,72,72,72,72,72,72,79,79,79],"card_choices":[{"not_picked":["Slice","Flying Knee"],"picked":"Cloak And Dagger","floor":1.0},{"not_picked":["Blade Dance","Dodge and Roll"],"picked":"Endless Agony","floor":2.0},{"not_picked":["Setup","Eviscerate"],"picked":"Cloak And Dagger","floor":3.0},{"not_picked":["Quick Slash","Deadly Poison"],"picked":"Dash","floor":4.0},{"not_picked":["Prepared","Dodge and Roll"],"picked":"Dagger Throw","floor":5.0},{"not_picked":["PiercingWail","Sucker Punch"],"picked":"Crippling Poison","floor":6.0},{"not_picked":["Venomology","Cloak And Dagger","Blade Dance"],"picked":"SKIP","floor":11.0},{"not_picked":["Reflex","Flying Knee"],"picked":"Dagger Spray","floor":14.0}],"player_experience":5758865,"relics_obtained":[{"floor":6.0,"key":"Juzu Bracelet"},{"floor":9.0,"key":"War Paint"},{"floor":14.0,"key":"Strawberry"}],"event_choices":[{"damage_healed":0.0,"max_hp_gain":0.0,"max_hp_loss":0.0,"gold_gain":0.0,"event_name":"Lab","player_choice":"Got Potions","floor":8.0,"gold_loss":0.0,"damage_taken":0.0}],"is_beta":false,"boss_relics":[],"items_purged_floors":[13],"is_endless":false,"potions_floor_spawned":[2,3,4],"killed_by":"The Guardian","ascension_level":20}