{"gold_per_floor":[359,359,369,3,3,3,22,22,22,54,68,68],"floor_reached":12,"playtime":272,"items_purged":["Strike_G"],"score":156,"play_id":"e8111b0f-05c2-4935-a0c5-07a8d3e9e6e9","local_time":"20190710000507","is_ascension_mode":true,"campfire_choices":[{"data":"Neutralize","floor":6,"key":"SMITH"},{"data":"All Out Attack","floor":8,"key":"SMITH"}],"neow_cost":"PERCENT_DAMAGE","seed_source_timestamp":24292100575400,"circlet_count":0,"master_deck":["AscendersBane","Strike_G","Strike_G","Strike_G","Strike_G","Defend_G","Defend_G","Defend_G","Defend_G","Survivor","Neutralize+1","Backflip","Masterful Stab","All Out Attack+1","PiercingWail","Riddle With Holes","Terror","A Thousand Cuts"],"relics":["Ring of the Snake","Membership Card","Blood Vial","Happy Flower","Orichalcum"],"potions_floor_usage":[10,11],"damage_taken":[{"damage":6,"enemies":"Jaw Worm","floor":1,"turns":7},{"damage":0,"enemies":"Small Slimes","floor":3,"turns":4},{"damage":0,"enemies":"2 Louse","floor":7,"turns":2},{"damage":40,"enemies":"Lagavulin","floor":10,"turns":6},{"damage":0,"enemies":"Large Slime","floor":11,"turns":3},{"damage":0,"enemies":"Large Slime","floor":12,"turns":1}],"seed_played":"7069290920817493371","potions_obtained":[{"floor":7,"key":"SpeedPotion"},{"floor":10,"key":"Fire Potion"}],"is_trial":false,"path_per_floor":["M","?","M","$","?","R","M","R","T","E","M","?"],"character_chosen":"THE_SILENT","items_purchased":["Membership Card","Blood Vial","PiercingWail"],"campfire_rested":0,"item_purchase_floors":[4,4,4],"current_hp_per_floor":[38,38,38,38,38,38,40,40,40,2,4,4],"gold":68,"neow_bonus":"TWO_FIFTY_GOLD","is_prod":false,"is_daily":false,"chose_seed":false,"campfire_upgraded":2,"win_rate":0,"timestamp":1562684707,"path_taken":["M","?","M","$","?","R","M","R","T","E","M","?"],"build_version":"2019-07-05","purchased_purges":1,"victory":false,"max_hp_per_floor":[66,66,66,66,66,66,66,66,66,66,66,66],"card_choices":[{"not_picked":["Sucker Punch","Outmaneuver"],"picked":"Backflip","floor":1},{"not_picked":["Prepared","Concentrate"],"picked":"All Out Attack","floor":3},{"not_picked":["Backflip","Sucker Punch"],"picked":"Riddle With Holes","floor":7},{"not_picked":["Flechettes","Flying Knee"],"picked":"Terror","floor":10},{"not_picked":["Acrobatics","Backflip"],"picked":"A Thousand Cuts","floor":11}],"player_experience":5631412,"relics_obtained":[{"floor":9,"key":"Happy Flower"},{"floor":10,"key":"Orichalcum"}],"event_choices":[{"damage_healed":0,"gold_gain":0,"cards_transformed":["Defend_G"],"player_choice":"Change","damage_taken":0,"max_hp_gain":0,"max_hp_loss":0,"event_name":"Living Wall","floor":2,"gold_loss":0,"cards_obtained":["Masterful Stab"]},{"damage_healed":0,"gold_gain":0,"player_choice":"Ignored","damage_taken":0,"max_hp_gain":0,"max_hp_loss":0,"event_name":"Liars Game","floor":5,"gold_loss":0}],"is_beta":false,"boss_relics":[],"items_purged_floors":[4],"is_endless":false,"potions_floor_spawned":[7,10],"killed_by":"Large Slime","ascension_level":20}