{"gold_per_floor":[13,13,28,28,38,64,79,79,103,103,115,132,166,49,49,150,150,169,179,24,24,24,24,79,178,230,230,140,240,275,275,275,374,374,387,387,387,407,407,439,439,467,536,345,345,52,52,68,68,68],"floor_reached":51,"playtime":3498,"items_purged":["Strike_R","Strike_R"],"score":1111,"play_id":"0c934267-b977-46e6-9fdf-a0a660746344","local_time":"20190719211642","is_ascension_mode":true,"campfire_choices":[{"data":"Immolate","floor":8.0,"key":"SMITH"},{"data":"True Grit","floor":15.0,"key":"SMITH"},{"floor":23.0,"key":"REST"},{"data":"Evolve","floor":32.0,"key":"SMITH"},{"data":"Entrench","floor":41.0,"key":"SMITH"},{"floor":45.0,"key":"REST"},{"data":"Uppercut","floor":49.0,"key":"SMITH"}],"neow_cost":"NO_GOLD","seed_source_timestamp":14519701333700,"circlet_count":0,"master_deck":["Strike_R","Defend_R","Defend_R","Defend_R","Defend_R","Bash","Immolate+1","Uppercut+1","Metallicize","Impervious","Disarm","Double Tap+1","Entrench+1","Rage","Rupture","Evolve+1","Sever Soul","True Grit+1","Brutality","Flame Barrier","Infernal Blade","Power Through","Dark Embrace","Pummel+1","Madness","Madness","Shrug It Off+1","Bludgeon","Shrug It Off+1","Corruption","Sentinel+1"],"special_seed":0,"relics":["Burning Blood","FaceOfCleric","Omamori","Orichalcum","Blood Vial","Velvet Choker","Juzu Bracelet","Necronomicon","Tiny Chest","Pen Nib","Happy Flower","Peace Pipe","Matryoshka","Pear","Runic Pyramid","Red Skull","Art of War","Potion Belt","Toxic Egg 2","Cauldron"],"potions_floor_usage":[50,50],"damage_taken":[{"damage":14.0,"enemies":"Jaw Worm","floor":1.0,"turns":3.0},{"damage":6.0,"enemies":"Cultist","floor":3.0,"turns":3.0},{"damage":0.0,"enemies":"Small Slimes","floor":5.0,"turns":2.0},{"damage":29.0,"enemies":"Lagavulin","floor":6.0,"turns":6.0},{"damage":2.0,"enemies":"Red Slaver","floor":7.0,"turns":4.0},{"damage":15.0,"enemies":"Large Slime","floor":11.0,"turns":5.0},{"damage":10.0,"enemies":"Lots of Slimes","floor":12.0,"turns":2.0},{"damage":10.0,"enemies":"3 Sentries","floor":13.0,"turns":6.0},{"damage":28.0,"enemies":"Hexaghost","floor":16.0,"turns":11.0},{"damage":23.0,"enemies":"3 Byrds","floor":18.0,"turns":5.0},{"damage":6.0,"enemies":"Chosen","floor":19.0,"turns":5.0},{"damage":11.0,"enemies":"Slavers","floor":24.0,"turns":5.0},{"damage":9.0,"enemies":"Colosseum Slavers","floor":29.0,"turns":2.0},{"damage":10.0,"enemies":"Colosseum Nobs","floor":29.0,"turns":3.0},{"damage":19.0,"enemies":"Gremlin Leader","floor":30.0,"turns":4.0},{"damage":71.0,"enemies":"Collector","floor":33.0,"turns":9.0},{"damage":0.0,"enemies":"Orb Walker","floor":35.0,"turns":2.0},{"damage":12.0,"enemies":"3 Shapes","floor":38.0,"turns":5.0},{"damage":34.0,"enemies":"Nemesis","floor":40.0,"turns":5.0},{"damage":31.0,"enemies":"Reptomancer","floor":42.0,"turns":6.0},{"damage":6.0,"enemies":"Transient","floor":48.0,"turns":5.0},{"damage":56,"enemies":"Awakened One","floor":50,"turns":11}],"seed_played":"3015627082869938912","potions_obtained":[{"floor":1.0,"key":"Poison Potion"},{"floor":3.0,"key":"Explosive Potion"},{"floor":6.0,"key":"Poison Potion"},{"floor":11.0,"key":"Weak Potion"},{"floor":12.0,"key":"Strength Potion"},{"floor":16.0,"key":"Strength Potion"},{"floor":19.0,"key":"BloodPotion"},{"floor":29.0,"key":"SneckoOil"},{"floor":33.0,"key":"PowerPotion"},{"floor":46.0,"key":"SpeedPotion"},{"floor":46.0,"key":"SneckoOil"},{"floor":46.0,"key":"EssenceOfSteel"},{"floor":46.0,"key":"Poison Potion"},{"floor":46.0,"key":"EssenceOfSteel"},{"floor":48.0,"key":"FearPotion"}],"is_trial":false,"path_per_floor":["M","?","M","?","M","E","M","R","T","?","M","M","E","$","R","B",null,"M","M","$","$","?","R","E","?","T","?","?","?","E","?","R","B",null,"M","?","?","M","?","E","R","E","T","$","R","$","?","M","R","B",null],"character_chosen":"IRONCLAD","items_purchased":["Sever Soul","True Grit","Juzu Bracelet","Shrug It Off+1","Corruption","Cauldron"],"campfire_rested":2,"item_purchase_floors":[14,14,20,44,44,46],"current_hp_per_floor":[64,64,64,64,71,49,54,54,54,54,46,43,40,40,40,21,71,57,60,60,60,44,70,68,68,68,68,68,67,67,67,67,30,86,95,95,82,79,79,54,54,32,32,32,64,64,108,109,109,60],"gold":68,"neow_bonus":"THREE_RARE_CARDS","is_prod":false,"is_daily":false,"chose_seed":false,"campfire_upgraded":5,"win_rate":0,"timestamp":1563585402,"path_taken":["M","?","?","?","?","E","M","R","T","?","M","M","E","$","R","BOSS","M","M","?","$","?","R","E","?","T","?","?","?","E","?","R","BOSS","M","?","?","M","?","E","R","E","T","?","R","$","?","M","R","BOSS"],"build_version":"2019-07-17","purchased_purges":2,"victory":true,"max_hp_per_floor":[80,80,80,80,81,82,83,83,83,83,84,85,86,86,86,87,87,88,89,89,89,89,89,90,90,90,90,90,92,103,103,103,104,104,105,105,105,106,106,107,107,108,108,108,108,108,108,109,109,110],"card_choices":[{"not_picked":["Fiend Fire","Impervious"],"picked":"Immolate","floor":0.0},{"not_picked":["Seeing Red","Perfected Strike"],"picked":"Uppercut","floor":1.0},{"not_picked":["Infernal Blade","Blood for Blood","Wild Strike"],"picked":"SKIP","floor":3.0},{"not_picked":["Sword Boomerang","Havoc"],"picked":"Disarm","floor":5.0},{"not_picked":["Bloodletting","Rampage"],"picked":"Double Tap","floor":6.0},{"not_picked":["Cleave","Searing Blow","Entrench"],"picked":"SKIP","floor":7.0},{"not_picked":["Uppercut","Iron Wave"],"picked":"Rage","floor":11.0},{"not_picked":["Clothesline","Armaments"],"picked":"Rupture","floor":12.0},{"not_picked":["True Grit","Heavy Blade"],"picked":"Evolve","floor":13.0},{"not_picked":["Offering","Bludgeon"],"picked":"Brutality","floor":16.0},{"not_picked":["Bloodletting","Thunderclap"],"picked":"Shrug It Off+1","floor":18.0},{"not_picked":["Armaments","Uppercut","Clash+1"],"picked":"SKIP","floor":19.0},{"not_picked":["Bloodletting","Iron Wave"],"picked":"Flame Barrier","floor":24.0},{"not_picked":["Pommel Strike","Immolate"],"picked":"Infernal Blade","floor":30.0},{"not_picked":["Demon Form","Exhume"],"picked":"Dark Embrace","floor":33.0},{"not_picked":["Rage","Entrench+1"],"picked":"Pummel+1","floor":35.0},{"not_picked":["Pommel Strike","Clash"],"picked":"Shrug It Off+1","floor":38.0},{"not_picked":["Power Through","Rampage","Clothesline"],"picked":"SKIP","floor":40.0},{"not_picked":["Clash+1","Dual Wield+1"],"picked":"Bludgeon","floor":42.0},{"not_picked":["Clash+1","Headbutt"],"picked":"Sentinel+1","floor":48.0}],"player_experience":271816,"relics_obtained":[{"floor":6.0,"key":"Omamori"},{"floor":9.0,"key":"Orichalcum"},{"floor":13.0,"key":"Blood Vial"},{"floor":22.0,"key":"Necronomicon"},{"floor":24.0,"key":"Tiny Chest"},{"floor":26.0,"key":"Pen Nib"},{"floor":29.0,"key":"Peace Pipe"},{"floor":29.0,"key":"Matryoshka"},{"floor":30.0,"key":"Pear"},{"floor":40.0,"key":"Red Skull"},{"floor":42.0,"key":"Art of War"},{"floor":43.0,"key":"Potion Belt"},{"floor":43.0,"key":"Toxic Egg 2"}],"event_choices":[{"damage_healed":0.0,"max_hp_gain":0.0,"max_hp_loss":0.0,"gold_gain":0.0,"event_name":"Match and Keep!","player_choice":"2 cards matched","floor":2.0,"gold_loss":0.0,"damage_taken":0.0,"cards_obtained":["Metallicize","Impervious"]},{"damage_healed":0.0,"max_hp_gain":0.0,"max_hp_loss":0.0,"gold_gain":0.0,"event_name":"FaceTrader","player_choice":"Trade","floor":4.0,"gold_loss":0.0,"damage_taken":0.0,"relics_obtained":["FaceOfCleric"]},{"damage_healed":0.0,"max_hp_gain":0.0,"max_hp_loss":0.0,"gold_gain":0.0,"cards_transformed":["Strike_R"],"event_name":"Transmorgrifier","player_choice":"Transformed","floor":10.0,"gold_loss":0.0,"damage_taken":0.0,"cards_obtained":["Entrench"]},{"damage_healed":0.0,"max_hp_gain":0.0,"max_hp_loss":0.0,"gold_gain":0.0,"event_name":"Cursed Tome","player_choice":"Obtained Book","floor":22.0,"gold_loss":0.0,"damage_taken":16.0},{"damage_healed":0.0,"max_hp_gain":0.0,"max_hp_loss":0.0,"gold_gain":99.0,"event_name":"Nest","player_choice":"Stole From Cult","floor":25.0,"gold_loss":0.0,"damage_taken":0.0},{"damage_healed":0.0,"max_hp_gain":0.0,"max_hp_loss":0.0,"gold_gain":0.0,"event_name":"The Mausoleum","player_choice":"Opened","floor":27.0,"gold_loss":0.0,"damage_taken":0.0,"relics_obtained":["Happy Flower"]},{"cards_removed":["Strike_R"],"damage_healed":0.0,"max_hp_gain":0.0,"max_hp_loss":0.0,"gold_gain":0.0,"event_name":"Designer","player_choice":"Upgrade and Remove","floor":28.0,"gold_loss":90.0,"damage_taken":0.0,"cards_upgraded":["Double Tap"]},{"damage_healed":0.0,"max_hp_gain":0.0,"max_hp_loss":0.0,"gold_gain":0.0,"event_name":"Colosseum","player_choice":"Fight","floor":29.0,"gold_loss":0.0,"damage_taken":0.0},{"damage_healed":0.0,"max_hp_gain":0.0,"max_hp_loss":0.0,"gold_gain":0.0,"event_name":"Colosseum","player_choice":"Fought Nobs","floor":29.0,"gold_loss":0.0,"damage_taken":0.0},{"damage_healed":0.0,"max_hp_gain":0.0,"max_hp_loss":0.0,"gold_gain":0.0,"event_name":"The Library","player_choice":"Read","floor":31.0,"gold_loss":0.0,"damage_taken":0.0,"cards_obtained":["Power Through"]},{"damage_healed":0.0,"max_hp_gain":0.0,"max_hp_loss":0.0,"gold_gain":0.0,"event_name":"Tomb of Lord Red Mask","player_choice":"Ignored","floor":36.0,"gold_loss":0.0,"damage_taken":0.0},{"damage_healed":0.0,"max_hp_gain":0.0,"max_hp_loss":0.0,"gold_gain":0.0,"event_name":"Winding Halls","player_choice":"Embrace Madness","floor":37.0,"gold_loss":0.0,"damage_taken":13.0,"cards_obtained":["Madness","Madness"]},{"cards_removed":["Shrug It Off"],"damage_healed":0.0,"max_hp_gain":0.0,"max_hp_loss":0.0,"gold_gain":0.0,"event_name":"Falling","player_choice":"Removed Skill","floor":39.0,"gold_loss":0.0,"damage_taken":0.0},{"damage_healed":44.0,"max_hp_gain":0.0,"max_hp_loss":0.0,"gold_gain":0.0,"event_name":"MindBloom","player_choice":"Heal","floor":47.0,"gold_loss":0.0,"damage_taken":0.0,"cards_obtained":["Doubt"]}],"is_beta":false,"boss_relics":[{"not_picked":["Calling Bell","Snecko Eye"],"picked":"Velvet Choker"},{"not_picked":["Empty Cage","Orrery"],"picked":"Runic Pyramid"}],"items_purged_floors":[44,46],"is_endless":false,"potions_floor_spawned":[1,3,6,11,12,16,19,29,29,33,48],"ascension_level":8}