{"gold_per_floor":[113,125,138,149,149,149,181,196,223,223,223,223,253,271,271,350,350,365,365,102,102,116,116,6,22,22,22,40,60,92,112,112,188,188,208,223,240,256,256,256,290,290,313,343,343,358,229,137,137,137,137,137,137,44,77,77],"floor_reached":57,"playtime":1956,"items_purged":["Strike_G+1","Defend_G","Defend_G","Defend_G+1"],"score":3288,"play_id":"6b8b4a5f-d98d-45cc-8b4f-df5b1c5723fa","local_time":"20190726023216","is_ascension_mode":true,"campfire_choices":[{"data":"Terror","floor":6,"key":"SMITH"},{"data":"Neutralize","floor":12,"key":"SMITH"},{"data":"Poisoned Stab","floor":15,"key":"SMITH"},{"data":"Prepared","floor":23,"key":"SMITH"},{"floor":27,"key":"REST"},{"data":"Acrobatics","floor":32,"key":"SMITH"},{"floor":40,"key":"RECALL"},{"data":"Tactician","floor":42,"key":"SMITH"},{"data":"Footwork","floor":49,"key":"SMITH"},{"data":"Backflip","floor":53,"key":"SMITH"}],"neow_cost":"NONE","seed_source_timestamp":146372216672700,"circlet_count":0,"master_deck":["AscendersBane","Survivor","Neutralize+1","Terror+1","Well Laid Plans+1","Grand Finale","Prepared+1","Calculated Gamble+1","Dash+1","Tools of the Trade+1","Backflip+1","Acrobatics+1","Calculated Gamble","Acrobatics+1","Tactician+1","Footwork+1"],"relics":["Ring of the Snake","Smiling Mask","Centennial Puzzle","Lantern","Astrolabe","Membership Card","Dream Catcher","Strawberry","Empty Cage","Boot","PreservedInsect","Oddly Smooth Stone"],"potions_floor_usage":[7,18,30,38,56],"damage_taken":[{"damage":3,"enemies":"Cultist","floor":1,"turns":4},{"damage":0,"enemies":"2 Louse","floor":2,"turns":2},{"damage":4,"enemies":"Small Slimes","floor":3,"turns":3},{"damage":3,"enemies":"Looter","floor":4,"turns":3},{"damage":8,"enemies":"Gremlin Nob","floor":7,"turns":3},{"damage":0,"enemies":"2 Fungi Beasts","floor":8,"turns":2},{"damage":0,"enemies":"Lagavulin","floor":13,"turns":4},{"damage":0,"enemies":"Exordium Thugs","floor":14,"turns":3},{"damage":0,"enemies":"Hexaghost","floor":16,"turns":6},{"damage":0,"enemies":"3 Byrds","floor":18,"turns":3},{"damage":6,"enemies":"2 Thieves","floor":22,"turns":2},{"damage":1,"enemies":"Centurion and Healer","floor":25,"turns":3},{"damage":0,"enemies":"Chosen and Byrds","floor":28,"turns":3},{"damage":0,"enemies":"Snecko","floor":29,"turns":4},{"damage":0,"enemies":"Book of Stabbing","floor":30,"turns":3},{"damage":0,"enemies":"Centurion and Healer","floor":31,"turns":3},{"damage":0,"enemies":"Champ","floor":33,"turns":5},{"damage":0,"enemies":"Orb Walker","floor":35,"turns":2},{"damage":0,"enemies":"3 Darklings","floor":36,"turns":3},{"damage":9,"enemies":"4 Shapes","floor":37,"turns":1},{"damage":0,"enemies":"Spire Growth","floor":38,"turns":2},{"damage":7,"enemies":"Reptomancer","floor":41,"turns":3},{"damage":0,"enemies":"Nemesis","floor":44,"turns":1},{"damage":0,"enemies":"Maw","floor":46,"turns":1},{"damage":0,"enemies":"Awakened One","floor":50,"turns":2},{"damage":0,"enemies":"Donu and Deca","floor":51,"turns":1},{"damage":0,"enemies":"Shield and Spear","floor":55,"turns":1},{"damage":18,"enemies":"The Heart","floor":56,"turns":5}],"seed_played":"7348527696388870700","potions_obtained":[{"floor":2,"key":"SteroidPotion"},{"floor":3,"key":"Block Potion"},{"floor":8,"key":"Fire Potion"},{"floor":18,"key":"LiquidBronze"},{"floor":22,"key":"SkillPotion"},{"floor":33,"key":"Regen Potion"},{"floor":41,"key":"GhostInAJar"}],"is_trial":false,"path_per_floor":["M","M","M","M","?","R","E","M","T","?","?","R","E","M","R","B",null,"M","?","$","?","M","R","?","M","T","R","M","M","E","M","R","B",null,"M","M","M","M","?","R","E","R","T","E","?","M","$","$","R","B","B",null,"R","$","E","B",null],"character_chosen":"THE_SILENT","items_purchased":["Membership Card","Oddly Smooth Stone","Footwork","Ancient Potion"],"campfire_rested":1,"item_purchase_floors":[20,47,48,54],"current_hp_per_floor":[62,62,58,55,33,33,25,25,25,18,18,18,18,18,18,18,59,59,59,59,59,53,53,53,52,52,72,72,72,79,79,79,79,79,79,79,70,75,75,75,68,68,68,68,68,68,68,68,68,68,68,73,73,73,73,55],"gold":77,"neow_bonus":"TEN_PERCENT_HP_BONUS","is_prod":false,"is_daily":false,"chose_seed":false,"campfire_upgraded":8,"win_rate":0,"timestamp":1564075936,"path_taken":["M","M","M","?","?","R","E","M","T","?","?","R","E","M","R","BOSS","M","?","$","?","M","R","?","M","T","R","?","M","E","M","R","BOSS","M","M","M","M","?","R","E","R","T","E","?","M","?","$","R","BOSS","BOSS","R","$","E","BOSS"],"build_version":"2019-07-17","purchased_purges":4,"victory":true,"max_hp_per_floor":[72,72,72,72,72,72,72,72,72,72,72,72,72,72,72,72,72,72,72,72,72,72,72,72,72,72,72,72,72,79,79,79,79,79,79,79,79,79,75,75,75,75,75,75,75,75,75,75,75,75,75,75,75,75,75,75],"card_choices":[{"not_picked":["Acrobatics","Dodge and Roll"],"picked":"Masterful Stab","floor":1},{"not_picked":["Setup","Outmaneuver"],"picked":"Poisoned Stab","floor":2},{"not_picked":["Predator","Accuracy"],"picked":"Terror","floor":3},{"not_picked":["Terror","Poisoned Stab"],"picked":"Infinite Blades","floor":4},{"not_picked":["Cloak And Dagger","PiercingWail"],"picked":"Well Laid Plans","floor":7},{"not_picked":["Sucker Punch","Blade Dance"],"picked":"Grand Finale","floor":8},{"not_picked":["Venomology","Terror","Quick Slash"],"picked":"SKIP","floor":13},{"not_picked":["Poisoned Stab","Quick Slash"],"picked":"Prepared","floor":14},{"not_picked":["Flying Knee","Caltrops","Prepared"],"picked":"SKIP","floor":18},{"not_picked":["Concentrate","Dodge and Roll","Deadly Poison"],"picked":"SKIP","floor":22},{"not_picked":["Well Laid Plans","All Out Attack","Footwork"],"picked":"SKIP","floor":25},{"not_picked":["Flechettes","PiercingWail+1"],"picked":"Backflip","floor":27},{"not_picked":["Finisher","Sucker Punch","Blade Dance"],"picked":"SKIP","floor":28},{"not_picked":["Endless Agony","Dagger Throw","Heel Hook"],"picked":"SKIP","floor":29},{"not_picked":["Blade Dance","Choke"],"picked":"Acrobatics","floor":30},{"not_picked":["Deadly Poison+1","Flying Knee+1"],"picked":"Calculated Gamble","floor":31},{"not_picked":["Sucker Punch","Dodge and Roll+1","PiercingWail+1"],"picked":"SKIP","floor":35},{"not_picked":["Backflip","Blade Dance+1"],"picked":"Acrobatics+1","floor":36},{"not_picked":["Bane+1","Expertise","Poisoned Stab"],"picked":"SKIP","floor":37},{"not_picked":["Venomology","Prepared","Deflect"],"picked":"SKIP","floor":38},{"not_picked":["Cloak And Dagger","Sucker Punch+1"],"picked":"Tactician","floor":41},{"not_picked":["Prepared","Setup","Deadly Poison+1"],"picked":"SKIP","floor":44},{"not_picked":["Dagger Throw","Blade Dance","Caltrops+1"],"picked":"SKIP","floor":46},{"not_picked":["Prepared+1","Quick Slash","Flechettes"],"picked":"SKIP","floor":55}],"player_experience":5822945,"relics_obtained":[{"floor":7,"key":"Smiling Mask"},{"floor":9,"key":"Centennial Puzzle"},{"floor":13,"key":"Lantern"},{"floor":26,"key":"Dream Catcher"},{"floor":30,"key":"Strawberry"},{"floor":41,"key":"Boot"},{"floor":44,"key":"PreservedInsect"}],"event_choices":[{"damage_healed":0,"gold_gain":0,"player_choice":"Entered Light","damage_taken":22,"max_hp_gain":0,"max_hp_loss":0,"event_name":"Shining Light","floor":5,"gold_loss":0,"cards_upgraded":["Defend_G","Strike_G"]},{"cards_removed":["Strike_G"],"damage_healed":0,"gold_gain":0,"player_choice":"Card Removal","damage_taken":7,"max_hp_gain":0,"max_hp_loss":0,"event_name":"Golden Wing","floor":10,"gold_loss":0},{"cards_removed":["Strike_G"],"damage_healed":0,"gold_gain":0,"player_choice":"Forget","damage_taken":0,"max_hp_gain":0,"max_hp_loss":0,"event_name":"Living Wall","floor":11,"gold_loss":0},{"cards_removed":["Defend_G"],"damage_healed":0,"gold_gain":0,"player_choice":"Offered Basic","damage_taken":0,"max_hp_gain":0,"max_hp_loss":0,"event_name":"Bonfire Elementals","floor":19,"gold_loss":0},{"damage_healed":0,"gold_gain":0,"player_choice":"Ignored","damage_taken":0,"max_hp_gain":0,"max_hp_loss":0,"event_name":"The Mausoleum","floor":21,"gold_loss":0},{"cards_removed":["Infinite Blades"],"damage_healed":0,"gold_gain":0,"player_choice":"Upgrade and Remove","damage_taken":0,"max_hp_gain":0,"max_hp_loss":0,"event_name":"Designer","floor":24,"gold_loss":110,"cards_upgraded":["Well Laid Plans"]},{"damage_healed":0,"gold_gain":0,"player_choice":"Max HP","damage_taken":0,"max_hp_gain":0,"max_hp_loss":4,"event_name":"Winding Halls","floor":39,"gold_loss":0},{"damage_healed":0,"gold_gain":0,"player_choice":"Ignored","damage_taken":0,"max_hp_gain":0,"max_hp_loss":0,"event_name":"Tomb of Lord Red Mask","floor":45,"gold_loss":0}],"is_beta":false,"boss_relics":[{"not_picked":["Coffee Dripper","Cursed Key"],"picked":"Astrolabe"},{"not_picked":["Lizard Tail","Sozu"],"picked":"Empty Cage"}],"items_purged_floors":[20,47,48,54],"is_endless":false,"potions_floor_spawned":[2,3,8,14,18,22,33,35,36,41,44],"ascension_level":20}