{"gold_per_floor":[117,117,42,54,69,69,98,126,126,126,51,101,101,116,116,189,189,199,199,99,99,119,119,130,130,178,209,124,150,150,183,183,262,262,272,288,388,0,19,48,68,0,0,13,13,47,47,47,47,47,47,47,47,47,72,72],"floor_reached":57,"playtime":2766,"items_purged":["Strike_G","Defend_G","Survivor"],"score":3403,"play_id":"34e3b1c1-44a6-4c80-9dca-3fea391e9373","local_time":"20190405014311","is_ascension_mode":true,"campfire_choices":[{"data":"Dash","floor":6,"key":"SMITH"},{"data":"Tactician","floor":10,"key":"SMITH"},{"data":"Acrobatics","floor":13,"key":"SMITH"},{"data":"Dagger Throw","floor":15,"key":"SMITH"},{"data":"Calculated Gamble","floor":23,"key":"SMITH"},{"data":"Tactician","floor":25,"key":"SMITH"},{"data":"Acrobatics","floor":32,"key":"SMITH"},{"data":"Footwork","floor":47,"key":"SMITH"},{"floor":49,"key":"RECALL"},{"data":"Dodge and Roll","floor":53,"key":"SMITH"}],"neow_cost":"TEN_PERCENT_HP_LOSS","seed_source_timestamp":196727828491300,"circlet_count":0,"master_deck":["AscendersBane","Neutralize","Tactician+1","Infinite Blades","Escape Plan","Dash+1","Backstab","Acrobatics+1","Malaise","Dagger Throw+1","Calculated Gamble+1","Tactician+1","Acrobatics+1","Backflip","Dodge and Roll+1","Footwork+1","Grand Finale","Calculated Gamble"],"relics":["Ring of the Snake","Odd Mushroom","FossilizedHelix","Orrery","Ancient Tea Set","Turnip","Meat on the Bone","Vajra","Potion Belt","Pandora\u0027s Box","Incense Burner","Paper Crane","Red Mask","Mummified Hand","Blood Vial","Ornamental Fan"],"potions_floor_usage":[8,29,55,56,56,56,56,56,56,56,56],"damage_taken":[{"damage":0,"enemies":"Jaw Worm","floor":1,"turns":6},{"damage":1,"enemies":"Small Slimes","floor":4,"turns":4},{"damage":0,"enemies":"Cultist","floor":5,"turns":4},{"damage":5,"enemies":"The Mushroom Lair","floor":7,"turns":5},{"damage":8,"enemies":"Lagavulin","floor":8,"turns":8},{"damage":0,"enemies":"2 Fungi Beasts","floor":14,"turns":3},{"damage":13,"enemies":"Slime Boss","floor":16,"turns":9},{"damage":1,"enemies":"Chosen","floor":18,"turns":5},{"damage":0,"enemies":"3 Byrds","floor":22,"turns":6},{"damage":0,"enemies":"Centurion and Healer","floor":24,"turns":2},{"damage":0,"enemies":"Book of Stabbing","floor":27,"turns":2},{"damage":0,"enemies":"Slavers","floor":29,"turns":2},{"damage":0,"enemies":"Gremlin Leader","floor":31,"turns":2},{"damage":0,"enemies":"Champ","floor":33,"turns":2},{"damage":9,"enemies":"3 Darklings","floor":35,"turns":2},{"damage":0,"enemies":"3 Shapes","floor":36,"turns":5},{"damage":0,"enemies":"Mind Bloom Boss Battle","floor":37,"turns":2},{"damage":0,"enemies":"Sphere and 2 Shapes","floor":39,"turns":2},{"damage":0,"enemies":"Nemesis","floor":40,"turns":1},{"damage":0,"enemies":"Spire Growth","floor":41,"turns":2},{"damage":0,"enemies":"4 Shapes","floor":44,"turns":2},{"damage":0,"enemies":"Reptomancer","floor":46,"turns":1},{"damage":0,"enemies":"Time Eater","floor":50,"turns":10},{"damage":0,"enemies":"Awakened One","floor":51,"turns":2},{"damage":0,"enemies":"Shield and Spear","floor":55,"turns":1},{"damage":0,"enemies":"The Heart","floor":56,"turns":5}],"seed_played":"6303327668097190897","potions_obtained":[{"floor":1,"key":"AttackPotion"},{"floor":5,"key":"LiquidBronze"},{"floor":16,"key":"GamblersBrew"},{"floor":18,"key":"SteroidPotion"},{"floor":27,"key":"GamblersBrew"},{"floor":31,"key":"Weak Potion"},{"floor":35,"key":"Energy Potion"},{"floor":41,"key":"FearPotion"},{"floor":44,"key":"EntropicBrew"},{"floor":55,"key":"SpeedPotion"}],"is_trial":false,"path_per_floor":["M","?","$","M","M","R","?","E","T","R","?","?","R","M","R","B",null,"M","?","$","?","M","R","M","R","T","E","?","E","?","E","R","B",null,"M","M","?","$","M","E","M","?","T","M","$","E","R","?","R","B","B",null,"R","$","E","B",null],"character_chosen":"THE_SILENT","items_purchased":["Grand Finale","Regen Potion"],"campfire_rested":0,"item_purchase_floors":[38,38],"current_hp_per_floor":[59,59,59,58,58,58,53,45,45,45,45,45,45,45,45,32,53,52,52,52,52,52,52,52,52,52,52,52,52,52,52,52,52,58,49,49,49,49,49,49,49,49,49,49,49,49,49,49,49,51,53,58,58,58,60,60],"gold":72,"neow_bonus":"TRANSFORM_TWO_CARDS","is_prod":false,"is_daily":false,"chose_seed":false,"campfire_upgraded":9,"win_rate":0,"timestamp":1554396191,"path_taken":["M","?","$","M","M","R","?","E","T","R","?","?","R","?","R","BOSS","M","?","$","?","?","R","M","R","T","E","?","E","?","E","R","BOSS","M","M","?","$","M","E","M","?","T","M","?","E","R","?","R","BOSS","BOSS","R","$","E","BOSS"],"build_version":"2019-01-23","purchased_purges":3,"victory":true,"max_hp_per_floor":[60,60,60,60,60,60,60,60,60,60,60,60,60,60,60,60,60,60,60,60,60,60,60,60,60,60,60,60,60,60,60,60,60,60,60,60,60,60,60,60,60,60,60,60,60,60,60,60,60,60,60,60,60,60,60,60],"card_choices":[{"not_picked":["Finisher","Terror"],"picked":"Escape Plan","floor":1},{"not_picked":["Sucker Punch","Backflip"],"picked":"Dash","floor":4},{"not_picked":["Endless Agony","Prepared"],"picked":"Backstab","floor":5},{"not_picked":["Quick Slash","Deflect"],"picked":"Acrobatics","floor":7},{"not_picked":["Sucker Punch","PiercingWail"],"picked":"Malaise","floor":8},{"not_picked":["Riddle With Holes","Cloak And Dagger"],"picked":"Dagger Throw","floor":14},{"not_picked":["Well Laid Plans","Backstab"],"picked":"Calculated Gamble","floor":17},{"not_picked":["Bouncing Flask","Dagger Throw"],"picked":"Tactician","floor":17},{"not_picked":["Dagger Spray","Quick Slash"],"picked":"Acrobatics","floor":17},{"not_picked":["Dagger Throw+1","Bouncing Flask","Prepared"],"picked":"SKIP","floor":18},{"not_picked":["Dagger Throw","Bane"],"picked":"Backflip","floor":22},{"not_picked":["Cloak And Dagger+1","Glass Knife","Outmaneuver+1"],"picked":"SKIP","floor":24},{"not_picked":["Catalyst","Dagger Spray","Outmaneuver"],"picked":"SKIP","floor":27},{"not_picked":["All Out Attack","Bouncing Flask","Dagger Throw"],"picked":"SKIP","floor":29},{"not_picked":["Crippling Poison","Escape Plan","Backstab"],"picked":"SKIP","floor":31},{"not_picked":["Dagger Spray","Blur","Blade Dance"],"picked":"SKIP","floor":35},{"not_picked":["Finisher","Backflip","Blade Dance"],"picked":"SKIP","floor":36},{"not_picked":["Deflect","Crippling Poison+1"],"picked":"Footwork","floor":37},{"not_picked":["Infinite Blades","Acrobatics+1","Backflip"],"picked":"SKIP","floor":39},{"not_picked":["Grand Finale","Backflip","Slice+1"],"picked":"SKIP","floor":40},{"not_picked":["Underhanded Strike","Eviscerate","Concentrate"],"picked":"SKIP","floor":41},{"not_picked":["Dagger Throw","Blur","Expertise"],"picked":"SKIP","floor":44},{"not_picked":["Sucker Punch+1","Dodge and Roll"],"picked":"Calculated Gamble","floor":46},{"not_picked":["Blade Dance","Prepared","Quick Slash"],"picked":"SKIP","floor":55}],"player_experience":4705873,"relics_obtained":[{"floor":7,"key":"Odd Mushroom"},{"floor":8,"key":"FossilizedHelix"},{"floor":26,"key":"Ancient Tea Set"},{"floor":27,"key":"Turnip"},{"floor":29,"key":"Vajra"},{"floor":31,"key":"Potion Belt"},{"floor":37,"key":"Incense Burner"},{"floor":40,"key":"Paper Crane"},{"floor":43,"key":"Mummified Hand"},{"floor":46,"key":"Blood Vial"},{"floor":55,"key":"Ornamental Fan"}],"event_choices":[{"cards_removed":["Defend_G"],"damage_healed":0,"gold_gain":0,"player_choice":"Forget","damage_taken":0,"max_hp_gain":0,"max_hp_loss":0,"event_name":"Living Wall","floor":2,"gold_loss":0},{"damage_healed":0,"gold_gain":0,"player_choice":"Fought Mushrooms","damage_taken":0,"max_hp_gain":0,"max_hp_loss":0,"event_name":"Mushrooms","floor":7,"gold_loss":0},{"cards_removed":["Strike_G"],"damage_healed":0,"gold_gain":0,"player_choice":"Card Removal","damage_taken":0,"max_hp_gain":0,"max_hp_loss":0,"event_name":"The Cleric","floor":11,"gold_loss":75},{"damage_healed":0,"gold_gain":50,"player_choice":"Pray","damage_taken":0,"max_hp_gain":0,"max_hp_loss":0,"event_name":"Golden Shrine","floor":12,"gold_loss":0},{"damage_healed":0,"gold_gain":0,"player_choice":"Ignored","damage_taken":0,"max_hp_gain":0,"max_hp_loss":0,"event_name":"Vampires","floor":19,"gold_loss":0},{"cards_removed":["Strike_G"],"damage_healed":0,"gold_gain":0,"player_choice":"Purged","damage_taken":0,"max_hp_gain":0,"max_hp_loss":0,"event_name":"Purifier","floor":21,"gold_loss":0},{"damage_healed":0,"gold_gain":0,"player_choice":"Obtained Relic","damage_taken":0,"relics_obtained":["Meat on the Bone"],"max_hp_gain":0,"max_hp_loss":0,"event_name":"Addict","floor":28,"gold_loss":85},{"cards_removed":["Defend_G"],"damage_healed":0,"gold_gain":0,"player_choice":"Elegance","damage_taken":0,"max_hp_gain":0,"max_hp_loss":0,"event_name":"Back to Basics","floor":30,"gold_loss":0},{"damage_healed":0,"gold_gain":0,"player_choice":"Fight","damage_taken":0,"max_hp_gain":0,"max_hp_loss":0,"event_name":"MindBloom","floor":37,"gold_loss":0},{"damage_healed":0,"gold_gain":0,"player_choice":"Paid","damage_taken":0,"relics_obtained":["Red Mask"],"max_hp_gain":0,"max_hp_loss":0,"event_name":"Tomb of Lord Red Mask","floor":42,"gold_loss":68},{"cards_removed":["Tools of the Trade"],"damage_healed":0,"gold_gain":0,"player_choice":"Removed Power","damage_taken":0,"max_hp_gain":0,"max_hp_loss":0,"event_name":"Falling","floor":48,"gold_loss":0}],"is_beta":false,"boss_relics":[{"not_picked":["Calling Bell","Cursed Key"],"picked":"Orrery"},{"not_picked":["Eternal Feather","Fusion Hammer"],"picked":"Pandora\u0027s Box"}],"items_purged_floors":[3,20,38],"is_endless":false,"potions_floor_spawned":[1,5,16,18,22,27,31,35,39,41,44,46,55],"ascension_level":20}