{"gold_per_floor":[110,122,122,122,122,157,181,212,239,2,2,23,48,79,79,204,204,223,2,15,40,40],"floor_reached":22,"playtime":1130,"items_purged":[],"score":312,"play_id":"b0d9b474-ed93-42dc-9dca-06ff63d6f780","local_time":"20190718150644","is_ascension_mode":true,"campfire_choices":[{"floor":11,"key":"REST"},{"data":"Inflame","floor":15,"key":"SMITH"}],"neow_cost":"NONE","seed_source_timestamp":14992068446600,"circlet_count":0,"master_deck":["Strike_R","Strike_R","Strike_R","Strike_R","Defend_R","Defend_R","Defend_R","Defend_R","Bash+1","Shrug It Off","Pommel Strike","Pummel","Inflame+1","Flame Barrier","Flash of Steel","Heavy Blade","Armaments+1","Double Tap+1","Cleave","Spot Weakness+1","Exhume+1","Havoc+1","Immolate"],"relics":["Burning Blood","NeowsBlessing","Golden Idol","Omamori","Strawberry","Centennial Puzzle","Tiny Chest","Toxic Egg 2","White Beast Statue"],"potions_floor_usage":[14,16,16,18,20,21],"damage_taken":[{"damage":0,"enemies":"Cultist","floor":1,"turns":1},{"damage":0,"enemies":"2 Louse","floor":2,"turns":1},{"damage":0,"enemies":"Lagavulin","floor":6,"turns":1},{"damage":1,"enemies":"Small Slimes","floor":7,"turns":4},{"damage":37,"enemies":"3 Sentries","floor":8,"turns":10},{"damage":5,"enemies":"Gremlin Gang","floor":12,"turns":7},{"damage":12,"enemies":"Large Slime","floor":13,"turns":5},{"damage":30,"enemies":"Gremlin Nob","floor":14,"turns":4},{"damage":39,"enemies":"Hexaghost","floor":16,"turns":11},{"damage":19,"enemies":"Spheric Guardian","floor":18,"turns":4},{"damage":20,"enemies":"Shell Parasite","floor":20,"turns":4},{"damage":41,"enemies":"3 Cultists","floor":21,"turns":6},{"damage":46,"enemies":"Shelled Parasite and Fungi","floor":22,"turns":4}],"seed_played":"6209875586586846683","potions_obtained":[{"floor":2,"key":"Regen Potion"},{"floor":6,"key":"Swift Potion"},{"floor":12,"key":"EssenceOfSteel"},{"floor":13,"key":"SkillPotion"},{"floor":16,"key":"Strength Potion"},{"floor":18,"key":"Regen Potion"},{"floor":20,"key":"BloodPotion"},{"floor":21,"key":"FearPotion"}],"is_trial":false,"path_per_floor":["M","M","?","?","?","E","M","E","T","$","R","M","M","E","R","B",null,"M","$","M","M","M"],"character_chosen":"IRONCLAD","items_purchased":["Tiny Chest","Flame Barrier","Flash of Steel","Spot Weakness+1","Exhume+1"],"campfire_rested":1,"item_purchase_floors":[10,10,10,19,19],"current_hp_per_floor":[78,80,60,53,53,59,64,40,40,40,66,67,61,49,49,16,69,56,56,54,40,0],"gold":40,"neow_bonus":"THREE_ENEMY_KILL","is_prod":false,"is_daily":false,"chose_seed":false,"campfire_upgraded":1,"win_rate":0,"timestamp":1563476804,"path_taken":["M","M","?","?","?","E","M","E","T","$","R","?","M","E","R","BOSS","M","?","?","M","M"],"build_version":"2019-07-17","purchased_purges":0,"victory":false,"max_hp_per_floor":[80,80,80,80,80,80,80,87,87,87,87,87,87,87,87,87,87,87,87,87,87,87],"card_choices":[{"not_picked":["Headbutt","Perfected Strike","Clash"],"picked":"SKIP","floor":1},{"not_picked":["Headbutt","Dropkick"],"picked":"Shrug It Off","floor":2},{"not_picked":["Headbutt","Dual Wield"],"picked":"Pommel Strike","floor":6},{"not_picked":["Clash","Fire Breathing"],"picked":"Pummel","floor":7},{"not_picked":["Exhume","Clothesline"],"picked":"Inflame","floor":8},{"not_picked":["Headbutt","Clash"],"picked":"Heavy Blade","floor":12},{"not_picked":["Dropkick","Clash","Body Slam"],"picked":"SKIP","floor":13},{"not_picked":["Iron Wave","Warcry"],"picked":"Armaments","floor":14},{"not_picked":["Offering+1","Demon Form"],"picked":"Double Tap+1","floor":16},{"not_picked":["Wild Strike+1","Havoc+1"],"picked":"Cleave","floor":18},{"not_picked":["Combust","Warcry+1","Havoc+1"],"picked":"SKIP","floor":20},{"not_picked":["Combust","Warcry+1"],"picked":"Havoc+1","floor":20},{"not_picked":["Iron Wave","Thunderclap"],"picked":"Immolate","floor":21}],"player_experience":247375,"relics_obtained":[{"floor":6,"key":"Omamori"},{"floor":8,"key":"Strawberry"},{"floor":9,"key":"Centennial Puzzle"},{"floor":14,"key":"Toxic Egg 2"}],"event_choices":[{"damage_healed":0,"gold_gain":0,"player_choice":"Take Damage","damage_taken":20,"relics_obtained":["Golden Idol"],"max_hp_gain":0,"max_hp_loss":0,"event_name":"Golden Idol","floor":3,"gold_loss":0},{"cards_removed":["Strike_R"],"damage_healed":0,"gold_gain":0,"player_choice":"Card Removal","damage_taken":7,"max_hp_gain":0,"max_hp_loss":0,"event_name":"Golden Wing","floor":4,"gold_loss":0},{"damage_healed":0,"gold_gain":0,"player_choice":"Upgraded","damage_taken":0,"max_hp_gain":0,"max_hp_loss":0,"event_name":"Upgrade Shrine","floor":5,"gold_loss":0,"cards_upgraded":["Bash"]}],"is_beta":false,"boss_relics":[{"not_picked":["Runic Dome","Lizard Tail"],"picked":"White Beast Statue"}],"items_purged_floors":[],"is_endless":false,"potions_floor_spawned":[2,6,12,13,16,18,20,21],"killed_by":"Shelled Parasite and Fungi","ascension_level":7}