{"gold_per_floor":[117,17,31,31,45,45,57,57,57,90,103,103,117,134,134,208,208,223,238,28,28,78,78,78,78,78,78,92,103,115,115,115,193,193,208,102,120,135,151,251,280,280,280,309,334,360,360,380,380,380,380,380,380,12,46,46],"floor_reached":56,"playtime":3094,"items_purged":["Strike_B","Cold Snap","Zap"],"score":1953,"play_id":"f0c0f7ad-fb67-4d6e-bb35-3300131e38d9","local_time":"20190719010605","is_ascension_mode":true,"campfire_choices":[{"data":"Static Discharge","floor":6.0,"key":"SMITH"},{"data":"Conserve Battery","floor":8.0,"key":"SMITH"},{"floor":12.0,"key":"REST"},{"data":"Dualcast","floor":15.0,"key":"SMITH"},{"data":"Recycle","floor":23.0,"key":"SMITH"},{"data":"Consume","floor":24.0,"key":"SMITH"},{"data":"Skim","floor":25.0,"key":"SMITH"},{"data":"Coolheaded","floor":27.0,"key":"SMITH"},{"data":"Turbo","floor":32.0,"key":"SMITH"},{"data":"Coolheaded","floor":42.0,"key":"SMITH"},{"floor":47.0,"key":"RECALL"},{"floor":49.0,"key":"REST"},{"data":"Hologram","floor":53.0,"key":"SMITH"}],"neow_cost":"PERCENT_DAMAGE","seed_source_timestamp":714755045190000,"circlet_count":0,"master_deck":["AscendersBane","Dualcast+1","Electrodynamics","Static Discharge+1","Conserve Battery+1","Ball Lightning","Rainbow","Skim+1","Streamline","Compile Driver","Thunder Strike","Consume+1","All For One","Echo Form","Recycle+1","Coolheaded+1","Conserve Battery+1","Hologram+1","Coolheaded+1","Turbo+1","Coolheaded+1","Seek","Go for the Eyes+1","Finesse","Beam Cell+1","BootSequence+1","FTL","BootSequence+1","Gash","Conserve Battery"],"special_seed":0,"relics":["Cracked Core","WingedGreaves","Mango","Pandora\u0027s Box","Kunai","Empty Cage","Bird Faced Urn","Dream Catcher","Smiling Mask","Juzu Bracelet","Happy Flower","ClockworkSouvenir","Unceasing Top"],"potions_floor_usage":[],"damage_taken":[{"damage":0.0,"enemies":"Cultist","floor":1.0,"turns":3.0},{"damage":0.0,"enemies":"2 Louse","floor":3.0,"turns":2.0},{"damage":5.0,"enemies":"Jaw Worm","floor":5.0,"turns":5.0},{"damage":6.0,"enemies":"Looter","floor":7.0,"turns":4.0},{"damage":25.0,"enemies":"3 Sentries","floor":10.0,"turns":4.0},{"damage":12.0,"enemies":"Exordium Wildlife","floor":11.0,"turns":2.0},{"damage":17.0,"enemies":"Exordium Thugs","floor":13.0,"turns":3.0},{"damage":0.0,"enemies":"Large Slime","floor":14.0,"turns":4.0},{"damage":34.0,"enemies":"Hexaghost","floor":16.0,"turns":5.0},{"damage":5.0,"enemies":"3 Byrds","floor":18.0,"turns":1.0},{"damage":33.0,"enemies":"2 Thieves","floor":19.0,"turns":3.0},{"damage":4.0,"enemies":"Centurion and Healer","floor":28.0,"turns":6.0},{"damage":7.0,"enemies":"3 Cultists","floor":29.0,"turns":2.0},{"damage":0.0,"enemies":"Snake Plant","floor":30.0,"turns":4.0},{"damage":21.0,"enemies":"Champ","floor":33.0,"turns":15.0},{"damage":1.0,"enemies":"3 Darklings","floor":35.0,"turns":3.0},{"damage":0.0,"enemies":"3 Shapes","floor":37.0,"turns":2.0},{"damage":0.0,"enemies":"Spire Growth","floor":38.0,"turns":5.0},{"damage":3.0,"enemies":"Sphere and 2 Shapes","floor":39.0,"turns":4.0},{"damage":0.0,"enemies":"Mind Bloom Boss Battle","floor":40.0,"turns":5.0},{"damage":0.0,"enemies":"Giant Head","floor":41.0,"turns":9.0},{"damage":3.0,"enemies":"Reptomancer","floor":44.0,"turns":6.0},{"damage":14.0,"enemies":"Giant Head","floor":46.0,"turns":9.0},{"damage":20.0,"enemies":"4 Shapes","floor":48.0,"turns":5.0},{"damage":8.0,"enemies":"Donu and Deca","floor":50.0,"turns":11.0},{"damage":59.0,"enemies":"Time Eater","floor":51.0,"turns":9.0},{"damage":76.0,"enemies":"Shield and Spear","floor":55.0,"turns":8.0},{"damage":34,"enemies":"The Heart","floor":56,"turns":2}],"seed_played":"-7683696607305492674","potions_obtained":[{"floor":3.0,"key":"Fruit Juice"},{"floor":5.0,"key":"Fruit Juice"},{"floor":10.0,"key":"SteroidPotion"},{"floor":11.0,"key":"Fruit Juice"},{"floor":29.0,"key":"SpeedPotion"},{"floor":30.0,"key":"Weak Potion"},{"floor":33.0,"key":"SteroidPotion"},{"floor":44.0,"key":"FocusPotion"}],"is_trial":false,"path_per_floor":["M","$","M","?","M","R","M","R","T","E","M","R","M","M","R","B",null,"M","M","$","?","?","R","R","R","T","R","M","M","M","$","R","B",null,"M","$","M","M","M","?","E","R","T","E","T","E","R","M","R","B","B",null,"R","$","E","B"],"character_chosen":"DEFECT","items_purchased":["Conserve Battery","Hologram","Coolheaded","Finesse","ClockworkSouvenir","Gash","Fire Potion"],"campfire_rested":2,"item_purchase_floors":[2,20,20,36,54,54,54],"current_hp_per_floor":[46,46,51,51,51,51,45,45,45,34,27,57,40,40,40,6,77,72,39,39,59,59,59,59,59,59,59,55,48,48,48,48,27,82,81,81,81,81,78,78,86,86,86,87,87,77,77,63,93,91,38,85,85,85,13,0],"gold":46,"neow_bonus":"THREE_RARE_CARDS","is_prod":false,"is_daily":false,"chose_seed":false,"campfire_upgraded":10,"win_rate":0,"timestamp":1563465965,"path_taken":["M","?","M","?","M","R","M","R","T","E","?","R","M","M","R","BOSS","M","?","$","?","?","R","R","R","T","R","M","M","M","$","R","BOSS","M","$","M","M","M","?","E","R","T","E","?","E","R","M","R","BOSS","BOSS","R","$","E","BOSS"],"build_version":"2019-07-17","purchased_purges":3,"victory":false,"max_hp_per_floor":[71,71,76,76,81,81,81,81,81,95,100,100,100,100,100,100,100,100,100,100,100,100,100,100,100,100,100,100,100,100,100,100,100,100,100,100,100,100,100,100,100,100,100,100,100,100,100,100,100,100,100,100,100,100,100,100],"card_choices":[{"not_picked":["Thunder Strike","Core Surge"],"picked":"Electrodynamics","floor":0.0},{"not_picked":["Barrage","Cold Snap"],"picked":"Static Discharge","floor":1.0},{"not_picked":["Barrage","Leap"],"picked":"Ball Lightning","floor":3.0},{"not_picked":["Leap","Rebound"],"picked":"Rainbow","floor":5.0},{"not_picked":["Static Discharge","Stack","Redo"],"picked":"SKIP","floor":7.0},{"not_picked":["Static Discharge","Stack","Redo"],"picked":"SKIP","floor":7.0},{"not_picked":["Heatsinks","Rebound"],"picked":"Skim","floor":10.0},{"not_picked":["Stack","Aggregate","Rebound"],"picked":"SKIP","floor":11.0},{"not_picked":["Force Field","Conserve Battery"],"picked":"Streamline","floor":13.0},{"not_picked":["Force Field","Sweeping Beam"],"picked":"Compile Driver","floor":14.0},{"not_picked":["Reboot","Buffer"],"picked":"Thunder Strike","floor":16.0},{"not_picked":["Storm","Go for the Eyes"],"picked":"Coolheaded","floor":18.0},{"not_picked":["Defragment","Barrage"],"picked":"Conserve Battery+1","floor":19.0},{"not_picked":["Hologram","Blizzard"],"picked":"Turbo","floor":28.0},{"not_picked":["Reboot","Heatsinks"],"picked":"Coolheaded+1","floor":29.0},{"not_picked":["Doom and Gloom","Beam Cell","Scrape"],"picked":"SKIP","floor":30.0},{"not_picked":["Buffer","Electrodynamics"],"picked":"Seek","floor":33.0},{"not_picked":["Compile Driver+1","Hologram"],"picked":"Go for the Eyes+1","floor":35.0},{"not_picked":["Reinforced Body","Ball Lightning","Scrape"],"picked":"SKIP","floor":37.0},{"not_picked":["Compile Driver","Melter","Chaos"],"picked":"SKIP","floor":38.0},{"not_picked":["Rip and Tear","Tempest"],"picked":"Beam Cell+1","floor":39.0},{"not_picked":["Blizzard","Storm"],"picked":"BootSequence+1","floor":40.0},{"not_picked":["Doom and Gloom+1","Leap+1","Tempest"],"picked":"SKIP","floor":41.0},{"not_picked":["Thunder Strike","Sweeping Beam","Hologram"],"picked":"SKIP","floor":44.0},{"not_picked":["Multi-Cast","Beam Cell+1","Stack+1"],"picked":"SKIP","floor":46.0},{"not_picked":["Stack","Go for the Eyes+1"],"picked":"FTL","floor":48.0},{"not_picked":["Go for the Eyes+1","Ball Lightning+1"],"picked":"BootSequence+1","floor":49.0},{"not_picked":["Lockon","FTL+1"],"picked":"Conserve Battery","floor":55.0}],"player_experience":5737530,"relics_obtained":[{"floor":9.0,"key":"WingedGreaves"},{"floor":10.0,"key":"Mango"},{"floor":26.0,"key":"Kunai"},{"floor":40.0,"key":"Bird Faced Urn"},{"floor":41.0,"key":"Dream Catcher"},{"floor":44.0,"key":"Smiling Mask"},{"floor":45.0,"key":"Juzu Bracelet"},{"floor":46.0,"key":"Happy Flower"},{"floor":55.0,"key":"Unceasing Top"}],"event_choices":[{"damage_healed":0.0,"max_hp_gain":0.0,"max_hp_loss":0.0,"gold_gain":0.0,"cards_transformed":["Strike_B"],"event_name":"Transmorgrifier","player_choice":"Transformed","floor":4.0,"gold_loss":0.0,"damage_taken":0.0,"cards_obtained":["Cold Snap"]},{"damage_healed":20.0,"max_hp_gain":0.0,"max_hp_loss":0.0,"gold_gain":0.0,"event_name":"The Library","player_choice":"Heal","floor":21.0,"gold_loss":0.0,"damage_taken":0.0},{"damage_healed":0.0,"max_hp_gain":0.0,"max_hp_loss":0.0,"gold_gain":50.0,"event_name":"Nest","player_choice":"Stole From Cult","floor":22.0,"gold_loss":0.0,"damage_taken":0.0},{"damage_healed":0.0,"max_hp_gain":0.0,"max_hp_loss":0.0,"gold_gain":0.0,"event_name":"MindBloom","player_choice":"Fight","floor":40.0,"gold_loss":0.0,"damage_taken":0.0}],"is_beta":false,"boss_relics":[{"not_picked":["Lizard Tail","Black Star"],"picked":"Pandora\u0027s Box"},{"not_picked":["Snecko Eye","Runic Pyramid"],"picked":"Empty Cage"}],"items_purged_floors":[2,20,54],"is_endless":false,"potions_floor_spawned":[3,5,10,11,29,30,33,35,41,44],"killed_by":"The Heart","ascension_level":20}