{"gold_per_floor":[113,113,125,139,116,142,142,158,158,184,28,92,92,142,142,216,216,233,251,251,251,320,320,347,4,4,70,70,86,136,151,151,230,230,250,300,19,34,46,46,75,75,146,165,179,205,217,236,236,236,236,236,236,63,98,98],"floor_reached":56,"playtime":2364,"items_purged":["Strike_R","Strike_R+1","Strike_R+1"],"score":1982,"play_id":"d2f07542-c69a-4e9a-9a86-a208ac859570","local_time":"20190528233710","is_ascension_mode":true,"campfire_choices":[{"floor":7.0,"key":"REST"},{"data":"Armaments","floor":13.0,"key":"SMITH"},{"data":"Juggernaut","floor":15.0,"key":"SMITH"},{"floor":23.0,"key":"REST"},{"floor":28.0,"key":"REST"},{"data":"Feel No Pain","floor":32.0,"key":"SMITH"},{"data":"True Grit","floor":40.0,"key":"SMITH"},{"data":"Corruption","floor":42.0,"key":"SMITH"},{"floor":49,"key":"RECALL"},{"data":"Dark Embrace","floor":53,"key":"SMITH"}],"neow_cost":"NONE","seed_source_timestamp":177882738791300,"circlet_count":0,"master_deck":["AscendersBane","Strike_R+1","Defend_R+1","Defend_R+1","Defend_R+1","Defend_R+1","Bash","Clothesline","Feel No Pain+1","Clothesline","Spot Weakness","Double Tap","Sword Boomerang","Sword Boomerang","Flex","Armaments+1","Juggernaut+1","Reaper","Headbutt","Shrug It Off","Heavy Blade+1","Corruption+1","Shrug It Off","Wild Strike+1","Feed","Dark Embrace+1","Shrug It Off","Havoc+1","Pummel+1","Body Slam+1","Dropkick","Flame Barrier+1","True Grit+1","Barricade","Body Slam+1","Entrench+1","Corruption+1","Entrench+1","True Grit+1"],"special_seed":0,"relics":["Burning Blood","Bronze Scales","PreservedInsect","Boot","Pantograph","Runic Pyramid","SsserpentHead","Singing Bowl","Red Skull","Gambling Chip","Orrery","Gremlin Horn","Toxic Egg 2","Frozen Egg 2","Strawberry"],"potions_floor_usage":[47,47],"damage_taken":[{"damage":3.0,"enemies":"2 Louse","floor":1.0,"turns":4.0},{"damage":6.0,"enemies":"Jaw Worm","floor":3.0,"turns":4.0},{"damage":8.0,"enemies":"Small Slimes","floor":4.0,"turns":4.0},{"damage":25.0,"enemies":"Exordium Thugs","floor":5.0,"turns":7.0},{"damage":24.0,"enemies":"Gremlin Nob","floor":6.0,"turns":4.0},{"damage":11.0,"enemies":"2 Fungi Beasts","floor":8.0,"turns":3.0},{"damage":20.0,"enemies":"Lagavulin","floor":10.0,"turns":7.0},{"damage":25.0,"enemies":"3 Sentries","floor":12.0,"turns":6.0},{"damage":17.0,"enemies":"Slime Boss","floor":16.0,"turns":7.0},{"damage":17.0,"enemies":"Chosen","floor":18.0,"turns":6.0},{"damage":28.0,"enemies":"Spheric Guardian","floor":19.0,"turns":5.0},{"damage":35.0,"enemies":"Snake Plant","floor":22.0,"turns":4.0},{"damage":38.0,"enemies":"Book of Stabbing","floor":24.0,"turns":5.0},{"damage":7.0,"enemies":"Snecko","floor":27.0,"turns":4.0},{"damage":19.0,"enemies":"Sentry and Sphere","floor":29.0,"turns":4.0},{"damage":12.0,"enemies":"Snake Plant","floor":31.0,"turns":5.0},{"damage":58.0,"enemies":"Champ","floor":33.0,"turns":10.0},{"damage":61.0,"enemies":"3 Darklings","floor":35.0,"turns":6.0},{"damage":30.0,"enemies":"3 Shapes","floor":38.0,"turns":7.0},{"damage":0.0,"enemies":"Maw","floor":39.0,"turns":6.0},{"damage":49.0,"enemies":"Reptomancer","floor":41.0,"turns":7.0},{"damage":17.0,"enemies":"Sphere and 2 Shapes","floor":44.0,"turns":5.0},{"damage":19.0,"enemies":"Writhing Mass","floor":45.0,"turns":7.0},{"damage":57.0,"enemies":"Giant Head","floor":46.0,"turns":7.0},{"damage":5,"enemies":"Maw","floor":47,"turns":9},{"damage":14,"enemies":"3 Darklings","floor":48,"turns":9},{"damage":54,"enemies":"Time Eater","floor":50,"turns":8},{"damage":95,"enemies":"Awakened One","floor":51,"turns":8},{"damage":83,"enemies":"Shield and Spear","floor":55,"turns":6},{"damage":65,"enemies":"The Heart","floor":56,"turns":3}],"seed_played":"-3375534365868387262","potions_obtained":[{"floor":3.0,"key":"Strength Potion"},{"floor":5.0,"key":"SteroidPotion"},{"floor":19.0,"key":"FearPotion"},{"floor":29.0,"key":"Explosive Potion"},{"floor":33.0,"key":"SpeedPotion"},{"floor":38.0,"key":"Dexterity Potion"},{"floor":44.0,"key":"Block Potion"},{"floor":45.0,"key":"EssenceOfSteel"},{"floor":46.0,"key":"Weak Potion"}],"is_trial":false,"path_per_floor":["M","?","M","M","M","E","R","M","T","E","$","?","R","?","R","B",null,"M","M","?","?","M","R","E","$","T","M","R","M","T","M","R","B",null,"M","?","$","M","M","R","E","R","T","M","M","E","M","M","R","B","B",null,"R","$","E","B"],"character_chosen":"IRONCLAD","items_purchased":["Flex","Armaments","Red Skull","Corruption","Shrug It Off","Regen Potion","Dropkick","Corruption+1","Entrench+1"],"campfire_rested":3,"item_purchase_floors":[11,11,25,25,25,37,37,54,54],"current_hp_per_floor":[78,71,71,69,50,32,56,51,51,37,37,18,18,18,18,32,70,64,42,42,42,18,42,12,12,12,19,44,43,43,37,37,14,75,63,63,63,48,57,57,62,62,62,70,60,9,20,51,51,45,47,97,97,97,40,0],"gold":98,"neow_bonus":"TEN_PERCENT_HP_BONUS","is_prod":false,"is_daily":false,"chose_seed":false,"campfire_upgraded":6,"win_rate":0,"timestamp":1559054230,"path_taken":["M","?","M","M","M","E","R","M","T","E","$","?","R","?","R","BOSS","M","M","?","?","?","R","E","?","T","?","R","M","?","M","R","BOSS","M","?","$","M","M","R","E","R","T","M","M","E","M","M","R","BOSS","BOSS","R","$","E","BOSS"],"build_version":"2019-01-23","purchased_purges":3,"victory":false,"max_hp_per_floor":[82,82,82,82,82,82,82,82,82,82,82,82,82,82,82,82,82,82,82,82,82,82,82,84,84,84,84,84,86,86,86,86,90,94,94,94,94,94,97,97,97,97,97,102,105,105,107,109,109,113,113,113,113,113,123,123],"card_choices":[{"not_picked":["Body Slam","Shrug It Off"],"picked":"Clothesline","floor":1.0},{"not_picked":["Body Slam","Brutality"],"picked":"Feel No Pain","floor":3.0},{"not_picked":["Havoc","Iron Wave"],"picked":"Clothesline","floor":4.0},{"not_picked":["Shockwave","Entrench"],"picked":"Spot Weakness","floor":5.0},{"not_picked":["Flex","Reckless Charge"],"picked":"Double Tap","floor":6.0},{"not_picked":["Reckless Charge","Cleave"],"picked":"Sword Boomerang","floor":8.0},{"not_picked":["Iron Wave","Armaments"],"picked":"Sword Boomerang","floor":10.0},{"not_picked":["Rampage","Warcry"],"picked":"Juggernaut","floor":12.0},{"not_picked":["Juggernaut","Fiend Fire"],"picked":"Reaper","floor":16.0},{"not_picked":["Clash","Pommel Strike"],"picked":"Headbutt","floor":18.0},{"not_picked":["Searing Blow","Body Slam"],"picked":"Shrug It Off","floor":19.0},{"not_picked":["Fire Breathing","Sever Soul"],"picked":"Heavy Blade+1","floor":22.0},{"not_picked":["Cleave","Entrench","Heavy Blade+1"],"picked":"Singing Bowl","floor":24.0},{"not_picked":["Sever Soul","Armaments"],"picked":"Wild Strike+1","floor":27.0},{"not_picked":["Heavy Blade","Wild Strike","Thunderclap"],"picked":"Singing Bowl","floor":29.0},{"not_picked":["Armaments","Clothesline"],"picked":"Feed","floor":31.0},{"not_picked":["Feed","Exhume"],"picked":"Dark Embrace","floor":33.0},{"not_picked":["Clothesline+1","Carnage+1"],"picked":"Shrug It Off","floor":34.0},{"not_picked":["Perfected Strike","Rage","Rampage"],"picked":"Singing Bowl","floor":34.0},{"not_picked":["Havoc","Thunderclap+1","Burning Pact"],"picked":"Singing Bowl","floor":34.0},{"not_picked":["Feed","Cleave"],"picked":"Havoc+1","floor":34.0},{"not_picked":["Power Through","Whirlwind"],"picked":"Pummel+1","floor":34.0},{"not_picked":["Havoc","Flex"],"picked":"Body Slam+1","floor":35.0},{"not_picked":["Rampage","Uppercut+1"],"picked":"Flame Barrier+1","floor":38.0},{"not_picked":["Impervious","Carnage"],"picked":"True Grit","floor":39.0},{"not_picked":["Pummel","Havoc"],"picked":"Barricade","floor":41.0},{"not_picked":["Flex+1","Wild Strike","Armaments+1"],"picked":"Singing Bowl","floor":44.0},{"not_picked":["Clothesline","Perfected Strike+1"],"picked":"Body Slam+1","floor":45.0},{"not_picked":["Warcry+1","Anger+1"],"picked":"Entrench+1","floor":46.0},{"not_picked":["Cleave","Twin Strike","Heavy Blade"],"picked":"Singing Bowl","floor":47},{"not_picked":["Dropkick","Clothesline","Rupture+1"],"picked":"Singing Bowl","floor":48},{"not_picked":["Perfected Strike","Twin Strike"],"picked":"True Grit+1","floor":55}],"player_experience":5178924,"relics_obtained":[{"floor":6.0,"key":"Bronze Scales"},{"floor":9.0,"key":"PreservedInsect"},{"floor":10.0,"key":"Boot"},{"floor":24.0,"key":"Singing Bowl"},{"floor":30.0,"key":"Gambling Chip"},{"floor":41.0,"key":"Gremlin Horn"},{"floor":43.0,"key":"Toxic Egg 2"},{"floor":46.0,"key":"Frozen Egg 2"},{"floor":55,"key":"Strawberry"}],"event_choices":[{"cards_removed":["Strike_R"],"damage_healed":0.0,"max_hp_gain":0.0,"max_hp_loss":0.0,"gold_gain":0.0,"event_name":"Golden Wing","player_choice":"Card Removal","floor":2.0,"gold_loss":0.0,"damage_taken":7.0},{"damage_healed":0.0,"max_hp_gain":0.0,"max_hp_loss":0.0,"gold_gain":0.0,"event_name":"Dead Adventurer","player_choice":"Searched \u00272\u0027 times","floor":12.0,"gold_loss":0.0,"damage_taken":0.0,"relics_obtained":["Pantograph"]},{"damage_healed":0.0,"max_hp_gain":0.0,"max_hp_loss":0.0,"gold_gain":50.0,"event_name":"Golden Shrine","player_choice":"Pray","floor":14.0,"gold_loss":0.0,"damage_taken":0.0},{"damage_healed":0.0,"max_hp_gain":0.0,"max_hp_loss":0.0,"gold_gain":0.0,"event_name":"Back to Basics","player_choice":"Simplicity","floor":20.0,"gold_loss":0.0,"damage_taken":0.0,"cards_upgraded":["Strike_R","Strike_R","Strike_R","Defend_R","Defend_R","Defend_R","Defend_R"]},{"damage_healed":0.0,"max_hp_gain":0.0,"max_hp_loss":0.0,"gold_gain":0.0,"event_name":"FaceTrader","player_choice":"Trade","floor":21.0,"gold_loss":0.0,"damage_taken":0.0,"relics_obtained":["SsserpentHead"]},{"damage_healed":0.0,"max_hp_gain":0.0,"max_hp_loss":0.0,"gold_gain":0.0,"event_name":"Tomb of Lord Red Mask","player_choice":"Ignored","floor":36.0,"gold_loss":0.0,"damage_taken":0.0}],"is_beta":false,"boss_relics":[{"not_picked":["Busted Crown","Calling Bell"],"picked":"Runic Pyramid"},{"not_picked":["Velvet Choker","Lizard Tail"],"picked":"Orrery"}],"items_purged_floors":[11,25,37],"is_endless":false,"potions_floor_spawned":[3,5,19,29,33,38,44,45,46],"killed_by":"The Heart","ascension_level":20}