{"gold_per_floor":[113,133,283,294,17,17,32,32,32,32,32,49,49,59,59,136,136,154,154,167,4,15,15,15,28,97,12,12,12,43,55,55,132,132,148,162,62,62,82,82,5,5,5,5],"floor_reached":44,"playtime":1472,"items_purged":["Doubt","Shame"],"score":1161,"play_id":"fc22c88d-308d-415b-8bcc-f28a52ad32e3","local_time":"20190723011535","is_ascension_mode":true,"campfire_choices":[{"floor":6,"key":"REST"},{"data":"Limit Break","floor":8,"key":"SMITH"},{"floor":11,"key":"REST"},{"data":"Rampage","floor":15,"key":"SMITH"},{"floor":23,"key":"REST"},{"floor":28,"key":"REST"},{"floor":32,"key":"REST"},{"floor":40,"key":"REST"},{"data":"Berserk","floor":42,"key":"SMITH"}],"neow_cost":"","seed_source_timestamp":2718260122543898,"circlet_count":0,"master_deck":["AscendersBane","Strike_R","Strike_R","Strike_R","Strike_R","Strike_R","Defend_R","Defend_R","Defend_R","Defend_R","Bash","Limit Break+1","Reaper","Whirlwind","Armaments+1","Dual Wield","Rampage+1","Sword Boomerang+1","Heavy Blade","Shockwave","Flex","Uppercut","Ghostly Armor","Demon Form","Heavy Blade","Pommel Strike","Flame Barrier","Ghostly Armor","Berserk+1","Parasite","Parasite","Perfected Strike","Flex+1","Limit Break","Shockwave+1","Madness","Madness","Perfected Strike","Battle Trance"],"relics":["Burning Blood","Vajra","Bag of Marbles","Red Skull","Velvet Choker","MutagenicStrength","Regal Pillow","Kunai","Blue Candle","Potion Belt","Calling Bell","Strawberry","Paper Frog","Prayer Wheel","Pantograph"],"potions_floor_usage":[16,16,25,25,25,30,33,35],"damage_taken":[{"damage":9,"enemies":"Jaw Worm","floor":1,"turns":5},{"damage":7,"enemies":"2 Louse","floor":2,"turns":3},{"damage":12,"enemies":"Small Slimes","floor":4,"turns":2},{"damage":12,"enemies":"Looter","floor":7,"turns":4},{"damage":20,"enemies":"Exordium Thugs","floor":12,"turns":3},{"damage":9,"enemies":"Red Slaver","floor":14,"turns":2},{"damage":52,"enemies":"Hexaghost","floor":16,"turns":9},{"damage":20,"enemies":"Shell Parasite","floor":18,"turns":4},{"damage":17,"enemies":"Spheric Guardian","floor":20,"turns":4},{"damage":16,"enemies":"Centurion and Healer","floor":22,"turns":5},{"damage":9,"enemies":"Snake Plant","floor":25,"turns":2},{"damage":63,"enemies":"Slavers","floor":30,"turns":5},{"damage":23,"enemies":"3 Cultists","floor":31,"turns":5},{"damage":73,"enemies":"Automaton","floor":33,"turns":8},{"damage":49,"enemies":"3 Shapes","floor":35,"turns":14},{"damage":0,"enemies":"Orb Walker","floor":36,"turns":1},{"damage":55,"enemies":"Sphere and 2 Shapes","floor":39,"turns":7},{"damage":78,"enemies":"Reptomancer","floor":44,"turns":5}],"seed_played":"-3851976285021224265","potions_obtained":[{"floor":16,"key":"SpeedPotion"},{"floor":20,"key":"EssenceOfSteel"},{"floor":22,"key":"EntropicBrew"},{"floor":25,"key":"Ancient Potion"},{"floor":33,"key":"Block Potion"}],"is_trial":false,"path_per_floor":["M","M","?","M","$","R","M","R","T","?","R","M","$","M","R","B",null,"M","?","M","$","M","R","?","M","T","?","R","?","E","M","R","B",null,"M","M","$","?","M","R","$","R","T","E"],"character_chosen":"IRONCLAD","items_purchased":["Limit Break","Reaper","Vajra","Regen Potion","Whirlwind","Armaments","Regen Potion","Dropkick","Dual Wield","Bag of Marbles","Shockwave","Regal Pillow","Battle Trance"],"campfire_rested":6,"item_purchase_floors":[0,0,0,0,0,0,0,0,0,5,5,21,41],"current_hp_per_floor":[32,36,36,35,35,57,60,60,60,37,59,45,45,42,42,51,69,55,55,44,44,36,73,52,49,49,49,80,80,59,63,80,40,77,70,76,76,60,31,72,72,72,72,0],"gold":5,"neow_bonus":"","is_prod":false,"is_daily":false,"chose_seed":false,"campfire_upgraded":3,"win_rate":0,"timestamp":1563837335,"path_taken":["M","M","?","M","$","R","M","R","T","?","R","?","$","M","R","BOSS","M","?","M","$","M","R","?","M","T","?","R","?","E","M","R","BOSS","M","M","?","?","?","R","?","R","T","E"],"build_version":"2019-07-17","purchased_purges":2,"victory":false,"max_hp_per_floor":[75,75,75,75,75,75,75,75,75,75,75,75,75,75,75,75,75,75,75,75,75,75,75,80,80,80,80,80,80,80,80,80,80,87,87,87,87,87,87,87,87,87,87,87],"card_choices":[{"not_picked":["Pommel Strike","Clothesline"],"picked":"Rampage","floor":1},{"not_picked":["Perfected Strike","Wild Strike"],"picked":"Sword Boomerang","floor":2},{"not_picked":["Pommel Strike","Intimidate"],"picked":"Heavy Blade","floor":4},{"not_picked":["Pommel Strike","Perfected Strike"],"picked":"Flex","floor":7},{"not_picked":["Heavy Blade","Havoc"],"picked":"Uppercut","floor":12},{"not_picked":["Headbutt","Flex"],"picked":"Ghostly Armor","floor":14},{"not_picked":["Fiend Fire","Dark Embrace"],"picked":"Demon Form","floor":16},{"not_picked":["Havoc","Thunderclap","True Grit"],"picked":"SKIP","floor":18},{"not_picked":["Carnage","Flex+1"],"picked":"Heavy Blade","floor":20},{"not_picked":["Headbutt","Dark Embrace","Burning Pact"],"picked":"SKIP","floor":22},{"not_picked":["Spot Weakness","Blood for Blood"],"picked":"Pommel Strike","floor":25},{"not_picked":["Heavy Blade","Second Wind"],"picked":"Flame Barrier","floor":30},{"not_picked":["Flex","Pummel"],"picked":"Ghostly Armor","floor":31},{"not_picked":["Impervious","Double Tap"],"picked":"Berserk","floor":33},{"not_picked":["Armaments","Warcry"],"picked":"Perfected Strike","floor":35},{"not_picked":["Blood for Blood+1","Clothesline"],"picked":"Flex+1","floor":35},{"not_picked":["Clash","Sword Boomerang"],"picked":"Limit Break","floor":36},{"not_picked":["Sword Boomerang","Clash"],"picked":"Shockwave+1","floor":36},{"not_picked":["Havoc","Sword Boomerang+1"],"picked":"Perfected Strike","floor":39},{"not_picked":["Metallicize","Bloodletting+1","Thunderclap"],"picked":"SKIP","floor":39}],"player_experience":546943,"relics_obtained":[{"floor":9,"key":"Red Skull"},{"floor":26,"key":"Kunai"},{"floor":30,"key":"Potion Belt"},{"floor":34,"key":"Strawberry"},{"floor":34,"key":"Paper Frog"},{"floor":34,"key":"Prayer Wheel"},{"floor":43,"key":"Pantograph"}],"event_choices":[{"damage_healed":0,"gold_gain":150,"player_choice":"AGREE","damage_taken":0,"max_hp_gain":0,"max_hp_loss":0,"event_name":"Liars Game","floor":3,"gold_loss":0,"cards_obtained":["Doubt"]},{"damage_healed":0,"gold_gain":0,"player_choice":"Entered Light","damage_taken":23,"max_hp_gain":0,"max_hp_loss":0,"event_name":"Shining Light","floor":10,"gold_loss":0,"cards_upgraded":["Armaments","Sword Boomerang"]},{"damage_healed":0,"gold_gain":0,"player_choice":"Inject Mutagens","damage_taken":0,"relics_obtained":["MutagenicStrength"],"max_hp_gain":0,"max_hp_loss":0,"event_name":"Drug Dealer","floor":19,"gold_loss":0},{"damage_healed":0,"gold_gain":0,"player_choice":"Shed Blood","damage_taken":26,"max_hp_gain":5,"max_hp_loss":0,"event_name":"Forgotten Altar","floor":24,"gold_loss":0},{"damage_healed":0,"gold_gain":0,"player_choice":"Obtained Relic","damage_taken":0,"relics_obtained":["Blue Candle"],"max_hp_gain":0,"max_hp_loss":0,"event_name":"Addict","floor":27,"gold_loss":85},{"cards_removed":["Dropkick"],"damage_healed":0,"gold_gain":0,"player_choice":"Purged","damage_taken":0,"max_hp_gain":0,"max_hp_loss":0,"event_name":"Purifier","floor":29,"gold_loss":0},{"damage_healed":0,"gold_gain":0,"player_choice":"Embrace Madness","damage_taken":16,"max_hp_gain":0,"max_hp_loss":0,"event_name":"Winding Halls","floor":38,"gold_loss":0,"cards_obtained":["Madness","Madness"]}],"is_beta":false,"boss_relics":[{"not_picked":["Fusion Hammer","Sozu"],"picked":"Velvet Choker"},{"not_picked":["Coffee Dripper","White Beast Statue"],"picked":"Calling Bell"}],"items_purged_floors":[5,37],"is_endless":false,"potions_floor_spawned":[1,16,20,22,25,33],"killed_by":"Reptomancer","ascension_level":20}