{"gold_per_floor":[117,117,128,138,138,138,172,172,246,261,281,48,48,60,60,139,139,151,167,167,4,4,4,4,4,4,68,85,29,45,65,65,144,144,160,1159,80,80,80,80],"floor_reached":40,"playtime":1276,"items_purged":["Strike_B","Normality"],"score":933,"play_id":"48c300fa-953f-4b26-b7e7-7e6124c75afe","local_time":"20190719235951","is_ascension_mode":true,"campfire_choices":[{"data":"Dualcast","floor":6,"key":"SMITH"},{"data":"Zap","floor":8,"key":"SMITH"},{"data":"Beam Cell","floor":15,"key":"SMITH"},{"data":"Go for the Eyes","floor":23,"key":"SMITH"},{"data":"Hologram","floor":25,"key":"SMITH"},{"floor":32,"key":"RECALL"}],"neow_cost":"NONE","seed_source_timestamp":799097042784100,"circlet_count":0,"master_deck":["AscendersBane","Strike_B","Strike_B","Defend_B","Defend_B","Zap+1","Dualcast+1","Cold Snap+1","Hologram+1","Ball Lightning","Conserve Battery+1","Beam Cell+1","Darkness+1","Fission+1","Leap+1","Go for the Eyes+1","Multi-Cast+1","Skim+1","Turbo+1","Hyperbeam","Genetic Algorithm+1","Conserve Battery+1","Coolheaded+1","Echo Form","Normality","Deep Breath+1","Dark Shackles+1","Secret Technique+1"],"special_seed":0,"relics":["Cracked Core","Art of War","Orichalcum","Toxic Egg 2","DataDisk","Runic Pyramid","Blue Candle","Blood Vial","Tiny Chest","Eternal Feather","Symbiotic Virus","Sundial","Chemical X"],"potions_floor_usage":[7,33,40],"damage_taken":[{"damage":7,"enemies":"Jaw Worm","floor":1,"turns":3},{"damage":0,"enemies":"Cultist","floor":3,"turns":3},{"damage":0,"enemies":"2 Louse","floor":4,"turns":4},{"damage":12,"enemies":"Lagavulin","floor":7,"turns":6},{"damage":0,"enemies":"2 Fungi Beasts","floor":10,"turns":2},{"damage":4,"enemies":"Looter","floor":11,"turns":2},{"damage":5,"enemies":"Exordium Thugs","floor":14,"turns":4},{"damage":9,"enemies":"Slime Boss","floor":16,"turns":6},{"damage":13,"enemies":"3 Byrds","floor":18,"turns":4},{"damage":0,"enemies":"Spheric Guardian","floor":19,"turns":4},{"damage":7,"enemies":"Slavers","floor":27,"turns":4},{"damage":0,"enemies":"3 Cultists","floor":28,"turns":3},{"damage":3,"enemies":"Shelled Parasite and Fungi","floor":30,"turns":4},{"damage":3,"enemies":"Chosen and Byrds","floor":31,"turns":5},{"damage":0,"enemies":"Champ","floor":33,"turns":7},{"damage":6,"enemies":"Orb Walker","floor":35,"turns":3},{"damage":45,"enemies":"Reptomancer","floor":40,"turns":10}],"seed_played":"-7502234679906413612","potions_obtained":[{"floor":1,"key":"SneckoOil"},{"floor":4,"key":"Dexterity Potion"},{"floor":10,"key":"Dexterity Potion"},{"floor":19,"key":"FocusPotion"}],"is_trial":false,"path_per_floor":["M","?","M","M","?","R","E","R","T","M","M","$","?","M","R","B",null,"M","M","?","$","?","R","?","R","T","E","M","$","M","M","R","B",null,"M","?","$","?","?","E"],"character_chosen":"DEFECT","items_purchased":["DataDisk","Multi-Cast+1","Skim+1","Conserve Battery+1","Symbiotic Virus","Sundial","Deep Breath+1","Chemical X","Regen Potion"],"campfire_rested":0,"item_purchase_floors":[12,21,21,29,37,37,37,37,37],"current_hp_per_floor":[57,57,57,57,57,57,45,45,45,45,41,41,41,36,36,27,60,47,47,47,47,47,47,47,47,47,42,44,44,43,42,42,44,64,60,60,60,60,50,19],"gold":80,"neow_bonus":"RANDOM_COMMON_RELIC","is_prod":false,"is_daily":false,"chose_seed":false,"campfire_upgraded":5,"win_rate":0,"timestamp":1563548391,"path_taken":["M","?","M","?","?","R","E","R","T","M","M","$","?","M","R","BOSS","M","M","?","?","?","R","?","R","T","E","?","?","M","M","R","BOSS","M","?","$","?","?","E"],"build_version":"2019-07-17","purchased_purges":2,"victory":false,"max_hp_per_floor":[71,71,71,71,71,71,71,71,71,71,71,71,71,71,71,71,71,71,71,71,71,71,71,71,71,71,71,71,71,71,71,71,71,71,71,71,71,67,67,67],"card_choices":[{"not_picked":["Self Repair","Coolheaded"],"picked":"Cold Snap","floor":1},{"not_picked":["Recycle","Gash"],"picked":"Hologram","floor":3},{"not_picked":["Hello World","Beam Cell"],"picked":"Ball Lightning","floor":4},{"not_picked":["Scrape","Storm"],"picked":"Barrage","floor":7},{"not_picked":["Hologram+1","Compile Driver"],"picked":"Conserve Battery+1","floor":10},{"not_picked":["Cold Snap","Sweeping Beam"],"picked":"Beam Cell","floor":11},{"not_picked":["Loop","Gash"],"picked":"Darkness+1","floor":14},{"not_picked":["Amplify+1","Seek+1"],"picked":"Fission+1","floor":16},{"not_picked":["Ball Lightning","Barrage"],"picked":"Leap+1","floor":18},{"not_picked":["Cold Snap","Ball Lightning"],"picked":"Go for the Eyes","floor":19},{"not_picked":["Undo+1","Streamline","Cold Snap"],"picked":"SKIP","floor":27},{"not_picked":["Loop","Tempest+1"],"picked":"Genetic Algorithm+1","floor":28},{"not_picked":["Cold Snap","Lockon","Steam+1"],"picked":"SKIP","floor":30},{"not_picked":["Hologram+1","Cold Snap"],"picked":"Coolheaded+1","floor":31},{"not_picked":["Electrodynamics","Core Surge"],"picked":"Echo Form","floor":33},{"not_picked":["Ball Lightning+1","Rebound","Beam Cell"],"picked":"SKIP","floor":35},{"not_picked":["HandOfGreed","Bandage Up+1"],"picked":"Dark Shackles+1","floor":39},{"not_picked":["Transmutation+1","Swift Strike"],"picked":"Secret Technique+1","floor":39}],"player_experience":5746928,"relics_obtained":[{"floor":7,"key":"Orichalcum"},{"floor":9,"key":"Toxic Egg 2"},{"floor":26,"key":"Blood Vial"},{"floor":27,"key":"Tiny Chest"}],"event_choices":[{"damage_healed":0,"gold_gain":0,"player_choice":"Upgraded","damage_taken":0,"max_hp_gain":0,"max_hp_loss":0,"event_name":"Upgrade Shrine","floor":2,"gold_loss":0,"cards_upgraded":["Cold Snap"]},{"cards_removed":["Strike_B"],"damage_healed":0,"gold_gain":0,"player_choice":"Forget","damage_taken":0,"max_hp_gain":0,"max_hp_loss":0,"event_name":"Living Wall","floor":5,"gold_loss":0},{"damage_healed":0,"gold_gain":0,"player_choice":"Leave","damage_taken":0,"max_hp_gain":0,"max_hp_loss":0,"event_name":"The Cleric","floor":13,"gold_loss":0},{"cards_removed":["Barrage"],"damage_healed":0,"gold_gain":0,"player_choice":"Gave Card","damage_taken":0,"relics_obtained":["Blue Candle"],"max_hp_gain":0,"max_hp_loss":0,"event_name":"WeMeetAgain","floor":20,"gold_loss":0},{"damage_healed":0,"gold_gain":0,"player_choice":"Ignored","damage_taken":0,"max_hp_gain":0,"max_hp_loss":0,"event_name":"Vampires","floor":22,"gold_loss":0},{"damage_healed":0,"gold_gain":0,"cards_transformed":["Defend_B","Defend_B"],"player_choice":"Became Test Subject","damage_taken":0,"max_hp_gain":0,"max_hp_loss":0,"event_name":"Drug Dealer","floor":24,"gold_loss":0,"cards_obtained":["Turbo","Hyperbeam"]},{"damage_healed":0,"gold_gain":999,"player_choice":"Gold","damage_taken":0,"max_hp_gain":0,"max_hp_loss":0,"event_name":"MindBloom","floor":36,"gold_loss":0,"cards_obtained":["Normality","Normality"]},{"damage_healed":0,"gold_gain":0,"player_choice":"Max HP","damage_taken":0,"max_hp_gain":0,"max_hp_loss":4,"event_name":"Winding Halls","floor":38,"gold_loss":0},{"damage_healed":0,"gold_gain":0,"player_choice":"Memory 3","damage_taken":10,"max_hp_gain":0,"max_hp_loss":0,"event_name":"SensoryStone","floor":39,"gold_loss":0}],"is_beta":false,"boss_relics":[{"not_picked":["Ectoplasm","Tiny House"],"picked":"Runic Pyramid"},{"not_picked":["Coffee Dripper","Calling Bell"],"picked":"Eternal Feather"}],"items_purged_floors":[12,37],"is_endless":false,"potions_floor_spawned":[1,4,10,19,30],"killed_by":"Reptomancer","ascension_level":20}