{"gold_per_floor":[117,131,131,306,306,306,321,340,370,370,396,407,407],"floor_reached":13,"playtime":547,"items_purged":[],"score":114,"play_id":"1b5ef732-3504-48e2-811b-e3e0f77ec7bf","local_time":"20190721213040","is_ascension_mode":true,"campfire_choices":[{"floor":6,"key":"RECALL"},{"data":"Storm of Steel","floor":10,"key":"SMITH"}],"neow_cost":"NONE","seed_source_timestamp":963000126930900,"circlet_count":0,"master_deck":["Strike_G","Strike_G","Strike_G","Strike_G","Strike_G","Defend_G","Defend_G","Defend_G","Defend_G+1","Defend_G","Survivor+1","Neutralize","Choke","Riddle With Holes","Regret","Doubt","Unload","Eviscerate","Finisher","Storm of Steel+1","Catalyst","Crippling Poison"],"relics":["Ring of the Snake","Pear","Tiny Chest","War Paint"],"potions_floor_usage":[11,12],"damage_taken":[{"damage":0,"enemies":"2 Louse","floor":1,"turns":3},{"damage":0,"enemies":"Small Slimes","floor":2,"turns":4},{"damage":5,"enemies":"Jaw Worm","floor":7,"turns":4},{"damage":10,"enemies":"Gremlin Gang","floor":8,"turns":8},{"damage":48,"enemies":"3 Sentries","floor":11,"turns":8},{"damage":12,"enemies":"Large Slime","floor":12,"turns":7},{"damage":12,"enemies":"Lots of Slimes","floor":13,"turns":2}],"seed_played":"4992260501705947258","potions_obtained":[{"floor":1,"key":"GhostInAJar"},{"floor":7,"key":"FearPotion"}],"is_trial":false,"path_per_floor":["M","M","?","?","?","R","M","M","T","R","E","M","M"],"character_chosen":"THE_SILENT","items_purchased":[],"campfire_rested":0,"item_purchase_floors":[],"current_hp_per_floor":[77,77,87,87,87,87,82,72,72,72,24,12,0],"gold":407,"neow_bonus":"TEN_PERCENT_HP_BONUS","is_prod":false,"is_daily":false,"chose_seed":false,"campfire_upgraded":1,"win_rate":0,"timestamp":1563762640,"path_taken":["M","M","?","?","?","R","?","M","T","R","E","M","M"],"build_version":"2019-07-17","purchased_purges":0,"victory":false,"max_hp_per_floor":[77,77,87,87,87,87,87,87,87,87,87,87,87],"card_choices":[{"not_picked":["All Out Attack","Backflip"],"picked":"Choke","floor":1},{"not_picked":["Poisoned Stab","Prepared"],"picked":"Riddle With Holes","floor":2},{"not_picked":["Deadly Poison","Cloak And Dagger"],"picked":"Finisher","floor":7},{"not_picked":["Quick Slash","Reflex"],"picked":"Storm of Steel","floor":8},{"not_picked":["Leg Sweep","Riddle With Holes"],"picked":"Catalyst","floor":11},{"not_picked":["Catalyst","Bane"],"picked":"Crippling Poison","floor":12}],"player_experience":142347,"relics_obtained":[{"floor":9,"key":"Tiny Chest"},{"floor":11,"key":"War Paint"}],"event_choices":[{"damage_healed":0,"gold_gain":0,"player_choice":"Box","damage_taken":0,"relics_obtained":["Pear"],"max_hp_gain":0,"max_hp_loss":0,"event_name":"Big Fish","floor":3,"gold_loss":0,"cards_obtained":["Regret"]},{"damage_healed":0,"gold_gain":175,"player_choice":"AGREE","damage_taken":0,"max_hp_gain":0,"max_hp_loss":0,"event_name":"Liars Game","floor":4,"gold_loss":0,"cards_obtained":["Doubt"]},{"damage_healed":0,"gold_gain":0,"player_choice":"2 cards matched","damage_taken":0,"max_hp_gain":0,"max_hp_loss":0,"event_name":"Match and Keep!","floor":5,"gold_loss":0,"cards_obtained":["Unload","Eviscerate"]}],"is_beta":false,"boss_relics":[],"items_purged_floors":[],"is_endless":false,"potions_floor_spawned":[1,7],"killed_by":"Lots of Slimes","ascension_level":1}