{"gold_per_floor":[17,34,44,56,66,66,99,99,99,125,125,160,178,67,67,138,138,158,58,58,73,73,105,105,133,133,8,22,22,37,50,50,127,127,146,146,162,162,52,77,87,87,87,87,44,0,15,31,31,31,31,31,31,31,64,64],"floor_reached":57,"playtime":2869,"items_purged":["Strike_G","Defend_G","Writhe"],"score":2909,"play_id":"51e1c096-36b4-43ba-8ecd-0541bafb0aec","local_time":"20190525010618","is_ascension_mode":true,"campfire_choices":[{"data":"All Out Attack","floor":6,"key":"SMITH"},{"floor":8,"key":"REST"},{"floor":11,"key":"REST"},{"data":"Crippling Poison","floor":15,"key":"SMITH"},{"data":"Burst","floor":24,"key":"SMITH"},{"data":"Ghostly","floor":29,"key":"SMITH"},{"data":"Noxious Fumes","floor":32,"key":"SMITH"},{"data":"Ghostly","floor":42,"key":"SMITH"},{"floor":49,"key":"RECALL"},{"data":"Footwork","floor":53,"key":"SMITH"}],"neow_cost":"NO_GOLD","seed_source_timestamp":175434384821600,"circlet_count":0,"master_deck":["AscendersBane","Defend_G+1","Strike_G+1","Strike_G+1","Survivor+1","Neutralize+1","Calculated Gamble+1","Riddle With Holes+1","PiercingWail+1","Infinite Blades+1","Crippling Poison+1","Venomology+1","All Out Attack+1","Backflip+1","Well Laid Plans+1","Burst+1","Backflip+1","Noxious Fumes+1","Adrenaline+1","Choke+1","Ghostly+1","Ghostly+1","Ghostly+1","After Image+1","Bouncing Flask+1","Footwork+1"],"relics":["Ring of the Snake","Whetstone","Mercury Hourglass","Bronze Scales","Turnip","Busted Crown","Gremlin Horn","Orichalcum","Ninja Scroll","Sundial","Empty Cage","Centennial Puzzle","Mark of the Bloom","Red Mask","Ice Cream"],"potions_floor_usage":[5,5,7,10,12,16,16,18,21,23,25,25,25,30,33,35,40,50,50,51,51,56,56,56,56,56],"damage_taken":[{"damage":1,"enemies":"Cultist","floor":1,"turns":3},{"damage":3,"enemies":"Small Slimes","floor":2,"turns":4},{"damage":0,"enemies":"2 Louse","floor":3,"turns":3},{"damage":0,"enemies":"Exordium Wildlife","floor":4,"turns":4},{"damage":16,"enemies":"Gremlin Gang","floor":5,"turns":5},{"damage":28,"enemies":"Lagavulin","floor":7,"turns":8},{"damage":6,"enemies":"Gremlin Nob","floor":10,"turns":3},{"damage":4,"enemies":"Lagavulin","floor":12,"turns":6},{"damage":0,"enemies":"3 Louse","floor":13,"turns":2},{"damage":22,"enemies":"The Guardian","floor":16,"turns":10},{"damage":0,"enemies":"2 Thieves","floor":18,"turns":3},{"damage":0,"enemies":"3 Byrds","floor":21,"turns":2},{"damage":2,"enemies":"Gremlin Leader","floor":23,"turns":5},{"damage":0,"enemies":"Book of Stabbing","floor":25,"turns":5},{"damage":0,"enemies":"Cultist and Chosen","floor":28,"turns":5},{"damage":0,"enemies":"Centurion and Healer","floor":30,"turns":5},{"damage":5,"enemies":"Shelled Parasite and Fungi","floor":31,"turns":3},{"damage":6,"enemies":"Automaton","floor":33,"turns":8},{"damage":1,"enemies":"Orb Walker","floor":35,"turns":4},{"damage":0,"enemies":"3 Darklings","floor":37,"turns":4},{"damage":0,"enemies":"Reptomancer","floor":40,"turns":6},{"damage":0,"enemies":"Jaw Worm Horde","floor":41,"turns":3},{"damage":0,"enemies":"Sphere and 2 Shapes","floor":47,"turns":2},{"damage":0,"enemies":"Maw","floor":48,"turns":6},{"damage":0,"enemies":"Time Eater","floor":50,"turns":12},{"damage":4,"enemies":"Awakened One","floor":51,"turns":14},{"damage":0,"enemies":"Shield and Spear","floor":55,"turns":7},{"damage":10,"enemies":"The Heart","floor":56,"turns":9}],"seed_played":"-2546182720928043306","potions_obtained":[{"floor":4,"key":"Block Potion"},{"floor":5,"key":"SpeedPotion"},{"floor":7,"key":"Energy Potion"},{"floor":13,"key":"EssenceOfSteel"},{"floor":16,"key":"LiquidBronze"},{"floor":23,"key":"SkillPotion"},{"floor":25,"key":"Weak Potion"},{"floor":31,"key":"Fire Potion"},{"floor":33,"key":"Swift Potion"}],"is_trial":false,"path_per_floor":["M","M","M","M","M","R","E","R","T","E","R","E","M","$","R","B",null,"M","$","?","M","?","E","R","E","T","$","M","R","M","M","R","B",null,"M","?","M","?","?","E","M","R","T","?","$","?","M","M","R","B","B",null,"R","$","E","B",null],"character_chosen":"THE_SILENT","items_purchased":["Noxious Fumes","Footwork"],"campfire_rested":2,"item_purchase_floors":[14,45],"current_hp_per_floor":[58,55,55,55,39,39,11,30,30,24,43,39,39,39,39,17,54,54,54,54,54,33,31,31,31,31,31,31,31,31,26,26,20,30,29,19,19,19,19,19,19,19,19,19,19,19,19,19,19,19,15,15,15,15,15,5],"gold":64,"neow_bonus":"TRANSFORM_TWO_CARDS","is_prod":false,"is_daily":false,"chose_seed":false,"campfire_upgraded":7,"win_rate":0,"timestamp":1558713978,"path_taken":["M","M","M","M","?","R","E","R","T","E","R","E","M","$","R","BOSS","M","$","?","M","?","E","R","E","T","?","M","R","?","M","R","BOSS","M","?","M","?","?","E","?","R","T","?","$","?","M","M","R","BOSS","BOSS","R","$","E","BOSS"],"build_version":"2019-01-23","purchased_purges":3,"victory":true,"max_hp_per_floor":[66,66,66,66,66,66,66,66,66,66,66,66,66,66,66,66,66,66,66,66,66,33,33,33,33,33,33,33,33,33,33,33,33,33,33,33,33,31,31,31,31,31,31,31,31,31,31,31,31,31,31,31,31,31,31,31],"card_choices":[{"not_picked":["Flying Knee","Infinite Blades"],"picked":"PiercingWail","floor":1},{"not_picked":["Slice","Concentrate"],"picked":"Infinite Blades","floor":2},{"not_picked":["Flying Knee","Dodge and Roll"],"picked":"Crippling Poison","floor":3},{"not_picked":["Distraction","Outmaneuver"],"picked":"Venomology","floor":4},{"not_picked":["Noxious Fumes","Masterful Stab"],"picked":"All Out Attack","floor":5},{"not_picked":["Flying Knee","Deflect"],"picked":"Backflip","floor":7},{"not_picked":["Blade Dance","Poisoned Stab"],"picked":"Well Laid Plans","floor":10},{"not_picked":["Sucker Punch","Unload"],"picked":"Burst","floor":12},{"not_picked":["Crippling Poison","Setup"],"picked":"Backflip","floor":13},{"not_picked":["Die Die Die","Night Terror"],"picked":"Adrenaline","floor":16},{"not_picked":[],"picked":"Choke+1","floor":18},{"not_picked":["Dagger Spray"],"picked":"SKIP","floor":21},{"not_picked":["Flying Knee"],"picked":"SKIP","floor":23},{"not_picked":["Masterful Stab"],"picked":"SKIP","floor":25},{"not_picked":["Distraction"],"picked":"SKIP","floor":28},{"not_picked":["Quick Slash"],"picked":"SKIP","floor":30},{"not_picked":["Concentrate"],"picked":"SKIP","floor":31},{"not_picked":[],"picked":"After Image","floor":33},{"not_picked":["Outmaneuver"],"picked":"SKIP","floor":35},{"not_picked":["Dodge and Roll"],"picked":"SKIP","floor":37},{"not_picked":["Sucker Punch"],"picked":"SKIP","floor":40},{"not_picked":["Sucker Punch"],"picked":"SKIP","floor":40},{"not_picked":[],"picked":"Bouncing Flask+1","floor":41},{"not_picked":["Sucker Punch"],"picked":"SKIP","floor":47},{"not_picked":["Poisoned Stab+1"],"picked":"SKIP","floor":48},{"not_picked":["Deflect"],"picked":"SKIP","floor":55}],"player_experience":5138743,"relics_obtained":[{"floor":7,"key":"Whetstone"},{"floor":9,"key":"Mercury Hourglass"},{"floor":10,"key":"Bronze Scales"},{"floor":12,"key":"Turnip"},{"floor":23,"key":"Orichalcum"},{"floor":25,"key":"Ninja Scroll"},{"floor":26,"key":"Sundial"},{"floor":40,"key":"Centennial Puzzle"},{"floor":55,"key":"Ice Cream"}],"event_choices":[{"damage_healed":0,"gold_gain":0,"player_choice":"Opened","damage_taken":0,"relics_obtained":["Gremlin Horn"],"max_hp_gain":0,"max_hp_loss":0,"event_name":"The Mausoleum","floor":20,"gold_loss":0,"cards_obtained":["Writhe"]},{"damage_healed":0,"gold_gain":0,"player_choice":"Became a Ghost","damage_taken":0,"max_hp_gain":0,"max_hp_loss":33,"event_name":"Ghosts","floor":22,"gold_loss":0,"cards_obtained":["Ghostly","Ghostly","Ghostly"]},{"damage_healed":0,"gold_gain":0,"player_choice":"Memory 3","damage_taken":10,"max_hp_gain":0,"max_hp_loss":0,"event_name":"SensoryStone","floor":36,"gold_loss":0},{"damage_healed":0,"gold_gain":0,"player_choice":"Max HP","damage_taken":0,"max_hp_gain":0,"max_hp_loss":2,"event_name":"Winding Halls","floor":38,"gold_loss":0},{"cards_removed":["Defend_G"],"damage_healed":0,"gold_gain":0,"player_choice":"Upgrade and Remove","damage_taken":0,"max_hp_gain":0,"max_hp_loss":0,"event_name":"Designer","floor":39,"gold_loss":110,"cards_upgraded":["PiercingWail"]},{"damage_healed":0,"gold_gain":0,"player_choice":"Upgrade","damage_taken":0,"relics_obtained":["Mark of the Bloom"],"max_hp_gain":0,"max_hp_loss":0,"event_name":"MindBloom","floor":44,"gold_loss":0,"cards_upgraded":["Defend_G","Survivor","Neutralize","Calculated Gamble","Riddle With Holes","Infinite Blades","Venomology","Backflip","Well Laid Plans","Backflip","Adrenaline","Ghostly","After Image"]},{"damage_healed":0,"gold_gain":0,"player_choice":"Paid","damage_taken":0,"relics_obtained":["Red Mask"],"max_hp_gain":0,"max_hp_loss":0,"event_name":"Tomb of Lord Red Mask","floor":46,"gold_loss":44}],"is_beta":false,"boss_relics":[{"not_picked":["Cursed Key","Sozu"],"picked":"Busted Crown"},{"not_picked":["Calling Bell","Black Star"],"picked":"Empty Cage"}],"items_purged_floors":[14,19,27],"is_endless":false,"potions_floor_spawned":[4,5,7,13,16,23,25,28,31,33,40,47,55],"ascension_level":20}