{"gold_per_floor":[116,133,133,133,149,149,165,179,179,179,179,199,199,224,224,322,322,340,340,107,128,128,128,161,161,161,175,216,30,30,30,30,129,129,145,145,160,160,178,178],"floor_reached":40,"playtime":1054,"items_purged":["Strike_G","Pain"],"score":892,"play_id":"bd35a48a-8859-4fe9-9673-3358a77aa2ff","local_time":"20190716011713","is_ascension_mode":true,"campfire_choices":[{"data":"Dodge and Roll","floor":6,"key":"SMITH"},{"data":"Neutralize","floor":10,"key":"SMITH"},{"data":"Cloak And Dagger","floor":13,"key":"SMITH"},{"data":"Well Laid Plans","floor":15,"key":"SMITH"},{"data":"Envenom","floor":23,"key":"SMITH"},{"floor":30,"key":"REST"},{"floor":32,"key":"REST"}],"neow_cost":"NONE","seed_source_timestamp":458391930374100,"circlet_count":0,"master_deck":["AscendersBane","Strike_G","Strike_G","Strike_G","Strike_G","Defend_G","Defend_G","Defend_G","Defend_G","Defend_G","Survivor","Neutralize+1","Blade Dance+1","Dodge and Roll+1","Choke","Distraction","Cloak And Dagger+1","Finisher","Well Laid Plans+1","Envenom+1","Backflip+1","Flash of Steel","Cloak And Dagger","Calculated Gamble","Malaise","Infinite Blades","Blur","A Thousand Cuts","Infinite Blades+1","Terror","Malaise","Escape Plan+1"],"relics":["Ring of the Snake","NeowsBlessing","Golden Idol","Sundial","WristBlade","Shuriken","Tingsha","WarpedTongs","Red Mask","Fusion Hammer"],"potions_floor_usage":[16,21,24,28,37,40],"damage_taken":[{"damage":0,"enemies":"Cultist","floor":1,"turns":1},{"damage":0,"enemies":"Small Slimes","floor":2,"turns":1},{"damage":0,"enemies":"Jaw Worm","floor":5,"turns":1},{"damage":0,"enemies":"Red Slaver","floor":7,"turns":5},{"damage":0,"enemies":"3 Louse","floor":8,"turns":5},{"damage":12,"enemies":"Large Slime","floor":12,"turns":8},{"damage":11,"enemies":"Exordium Thugs","floor":14,"turns":5},{"damage":0,"enemies":"The Guardian","floor":16,"turns":13},{"damage":0,"enemies":"Spheric Guardian","floor":18,"turns":1},{"damage":5,"enemies":"2 Thieves","floor":21,"turns":2},{"damage":29,"enemies":"Slavers","floor":24,"turns":6},{"damage":13,"enemies":"3 Cultists","floor":27,"turns":5},{"damage":19,"enemies":"Masked Bandits","floor":28,"turns":3},{"damage":31,"enemies":"Collector","floor":33,"turns":10},{"damage":0,"enemies":"3 Shapes","floor":35,"turns":5},{"damage":1,"enemies":"Orb Walker","floor":37,"turns":3},{"damage":35,"enemies":"Spire Growth","floor":39,"turns":4},{"damage":16,"enemies":"Reptomancer","floor":40,"turns":2}],"seed_played":"5969861188877902448","potions_obtained":[{"floor":5,"key":"Dexterity Potion"},{"floor":14,"key":"GhostInAJar"},{"floor":16,"key":"Regen Potion"},{"floor":27,"key":"Regen Potion"},{"floor":33,"key":"FearPotion"},{"floor":35,"key":"AttackPotion"}],"is_trial":false,"path_per_floor":["M","M","?","?","M","R","M","M","T","R","?","M","R","M","R","B",null,"M","T","$","M","?","R","E","?","T","M","?","$","R","?","R","B",null,"M","?","M","?","M","E"],"character_chosen":"THE_SILENT","items_purchased":["Flash of Steel","Cloak And Dagger","Blur"],"campfire_rested":2,"item_purchase_floors":[20,20,29],"current_hp_per_floor":[59,59,36,36,36,36,36,36,36,36,36,24,24,13,13,13,53,53,53,53,53,53,53,24,24,24,11,1,1,20,20,39,8,52,52,52,51,51,16,0],"gold":178,"neow_bonus":"THREE_ENEMY_KILL","is_prod":false,"is_daily":false,"chose_seed":false,"campfire_upgraded":5,"win_rate":0,"timestamp":1563207433,"path_taken":["M","M","?","?","?","R","M","M","T","R","?","M","R","M","R","BOSS","M","?","$","M","?","R","E","?","T","?","?","$","R","?","R","BOSS","M","?","M","?","?","E"],"build_version":"2019-07-05","purchased_purges":2,"victory":false,"max_hp_per_floor":[66,66,66,66,66,66,66,66,66,66,66,66,66,66,66,66,66,66,66,66,66,66,66,66,66,66,66,66,66,66,66,66,66,66,66,66,66,66,66,66],"card_choices":[{"not_picked":["Acrobatics","Slice"],"picked":"Poisoned Stab","floor":1},{"not_picked":["Leg Sweep","Dodge and Roll"],"picked":"Blade Dance","floor":2},{"not_picked":["Poisoned Stab","Setup"],"picked":"Dodge and Roll","floor":5},{"not_picked":["Masterful Stab","Backflip"],"picked":"Choke","floor":7},{"not_picked":["Poisoned Stab","Choke"],"picked":"Distraction","floor":8},{"not_picked":["Prepared","Blade Dance"],"picked":"Finisher","floor":12},{"not_picked":["Backflip","Choke"],"picked":"Well Laid Plans","floor":14},{"not_picked":["Phantasmal Killer","Bullet Time"],"picked":"Envenom","floor":16},{"not_picked":["Infinite Blades","Distraction"],"picked":"Backflip+1","floor":18},{"not_picked":["Riddle With Holes","Bane"],"picked":"Calculated Gamble","floor":21},{"not_picked":["Backflip","Heel Hook"],"picked":"Malaise","floor":24},{"not_picked":["Catalyst+1","Outmaneuver","All Out Attack"],"picked":"SKIP","floor":27},{"not_picked":["Blade Dance","Underhanded Strike"],"picked":"Infinite Blades","floor":28},{"not_picked":["Glass Knife","Venomology"],"picked":"A Thousand Cuts","floor":33},{"not_picked":["Blur","Dagger Throw"],"picked":"Infinite Blades+1","floor":35},{"not_picked":["Outmaneuver","Distraction"],"picked":"Terror","floor":37},{"not_picked":["PiercingWail","Dodge and Roll+1"],"picked":"Escape Plan+1","floor":39}],"player_experience":5700180,"relics_obtained":[{"floor":9,"key":"Sundial"},{"floor":19,"key":"Shuriken"},{"floor":24,"key":"Tingsha"},{"floor":28,"key":"Red Mask"}],"event_choices":[{"damage_healed":0,"gold_gain":0,"player_choice":"Take Damage","damage_taken":23,"relics_obtained":["Golden Idol"],"max_hp_gain":0,"max_hp_loss":0,"event_name":"Golden Idol","floor":3,"gold_loss":0},{"damage_healed":0,"gold_gain":0,"player_choice":"Upgraded","damage_taken":0,"max_hp_gain":0,"max_hp_loss":0,"event_name":"Upgrade Shrine","floor":4,"gold_loss":0,"cards_upgraded":["Blade Dance"]},{"damage_healed":0,"gold_gain":0,"player_choice":"1 cards matched","damage_taken":0,"max_hp_gain":0,"max_hp_loss":0,"event_name":"Match and Keep!","floor":11,"gold_loss":0,"cards_obtained":["Cloak And Dagger"]},{"damage_healed":0,"gold_gain":0,"player_choice":"Ignored","damage_taken":0,"max_hp_gain":0,"max_hp_loss":0,"event_name":"Cursed Tome","floor":22,"gold_loss":0},{"damage_healed":0,"gold_gain":0,"player_choice":"Rummage","damage_taken":0,"relics_obtained":["WarpedTongs"],"max_hp_gain":0,"max_hp_loss":0,"event_name":"Accursed Blacksmith","floor":25,"gold_loss":0,"cards_obtained":["Pain"]},{"damage_healed":0,"gold_gain":0,"player_choice":"Fought Bandits","damage_taken":0,"max_hp_gain":0,"max_hp_loss":0,"event_name":"Masked Bandits","floor":28,"gold_loss":0},{"damage_healed":0,"gold_gain":0,"player_choice":"Ignored","damage_taken":0,"max_hp_gain":0,"max_hp_loss":0,"event_name":"WeMeetAgain","floor":31,"gold_loss":0},{"cards_removed":["Poisoned Stab"],"damage_healed":0,"gold_gain":0,"player_choice":"Removed Attack","damage_taken":0,"max_hp_gain":0,"max_hp_loss":0,"event_name":"Falling","floor":36,"gold_loss":0},{"damage_healed":0,"gold_gain":0,"player_choice":"1 cards matched","damage_taken":0,"max_hp_gain":0,"max_hp_loss":0,"event_name":"Match and Keep!","floor":38,"gold_loss":0,"cards_obtained":["Malaise"]}],"is_beta":false,"boss_relics":[{"not_picked":["Snecko Eye","Calling Bell"],"picked":"WristBlade"},{"not_picked":["Ring of the Serpent","Lizard Tail"],"picked":"Fusion Hammer"}],"items_purged_floors":[20,29],"is_endless":false,"potions_floor_spawned":[5,14,16,27,33,35],"killed_by":"Reptomancer","ascension_level":20}