{"gold_per_floor":[111,41,60,60,60,86,86,121,145,145,161,172,191,208,208,308,308,308,110,110,110,110,110,110,110,110,110,110,110,70,70,70,70,70,70,70,70,70,70,70,70],"floor_reached":41,"playtime":4790,"items_purged":["Strike_G"],"score":517,"play_id":"a58d61b2-9072-4198-bebf-f1c7aab91712","local_time":"20190708162250","is_ascension_mode":true,"campfire_choices":[{"floor":7.0,"key":"REST"},{"data":"Poisoned Stab","floor":10.0,"key":"SMITH"},{"floor":15.0,"key":"REST"},{"floor":25,"key":"REST"},{"data":"Noxious Fumes","floor":29,"key":"SMITH"},{"floor":32,"key":"REST"},{"floor":40,"key":"REST"}],"neow_cost":"NONE","seed_source_timestamp":3446813781300,"circlet_count":0,"master_deck":["Strike_G","Strike_G","Strike_G","Strike_G+1","Defend_G","Defend_G","Defend_G","Defend_G","Defend_G","Survivor","Neutralize+1","Poisoned Stab+1","Skewer+1","Slice","Deadly Poison","Well Laid Plans","All Out Attack","Caltrops","Malaise","Riddle With Holes+1","PiercingWail","Noxious Fumes+1","Leg Sweep+1","Adrenaline","Leg Sweep+1","Dash","Bane+1","Prepared+1","Dash+1"],"special_seed":0,"relics":["Ring of the Snake","Smiling Mask","Lantern","Unceasing Top","Whetstone","Ectoplasm","Anchor","Enchiridion","Dead Branch","Vajra","Philosopher\u0027s Stone"],"potions_floor_usage":[23,28,31,33,39,41,41],"damage_taken":[{"damage":3.0,"enemies":"Cultist","floor":1.0,"turns":4.0},{"damage":0.0,"enemies":"Small Slimes","floor":3.0,"turns":4.0},{"damage":32.0,"enemies":"3 Sentries","floor":6.0,"turns":9.0},{"damage":4.0,"enemies":"Gremlin Nob","floor":8.0,"turns":3.0},{"damage":0.0,"enemies":"Jaw Worm","floor":11.0,"turns":2.0},{"damage":2.0,"enemies":"Exordium Wildlife","floor":12.0,"turns":3.0},{"damage":0.0,"enemies":"2 Fungi Beasts","floor":13.0,"turns":2.0},{"damage":13.0,"enemies":"Exordium Thugs","floor":14.0,"turns":5.0},{"damage":8.0,"enemies":"Hexaghost","floor":16.0,"turns":9.0},{"damage":9.0,"enemies":"Shell Parasite","floor":18.0,"turns":4.0},{"damage":0.0,"enemies":"Chosen","floor":21.0,"turns":4.0},{"damage":0.0,"enemies":"Centurion and Healer","floor":22.0,"turns":4.0},{"damage":15,"enemies":"Book of Stabbing","floor":23,"turns":5},{"damage":0,"enemies":"Cultist and Chosen","floor":24,"turns":5},{"damage":0,"enemies":"Snake Plant","floor":27,"turns":2},{"damage":2,"enemies":"3 Cultists","floor":28,"turns":5},{"damage":14,"enemies":"Shelled Parasite and Fungi","floor":31,"turns":5},{"damage":35,"enemies":"Champ","floor":33,"turns":12},{"damage":1,"enemies":"Orb Walker","floor":35,"turns":3},{"damage":7,"enemies":"3 Shapes","floor":36,"turns":3},{"damage":15,"enemies":"Sphere and 2 Shapes","floor":37,"turns":4},{"damage":17,"enemies":"Jaw Worm Horde","floor":38,"turns":4},{"damage":2,"enemies":"4 Shapes","floor":39,"turns":7},{"damage":79,"enemies":"Reptomancer","floor":41,"turns":6}],"seed_played":"1537684452190677525","potions_obtained":[{"floor":0.0,"key":"FearPotion"},{"floor":0.0,"key":"Regen Potion"},{"floor":0.0,"key":"Block Potion"},{"floor":6.0,"key":"GhostInAJar"},{"floor":11.0,"key":"GamblersBrew"},{"floor":13.0,"key":"Block Potion"},{"floor":18.0,"key":"SteroidPotion"},{"floor":22.0,"key":"Ancient Potion"},{"floor":23,"key":"Block Potion"},{"floor":35,"key":"Ancient Potion"},{"floor":36,"key":"Regen Potion"},{"floor":38,"key":"SteroidPotion"}],"is_trial":false,"path_per_floor":["M","$","M","?","?","E","R","E","T","R","M","M","M","M","R","B",null,"M","$","?","M","M","E","M","R","T","M","M","R","?","M","R","B",null,"M","M","M","M","M","R","E"],"character_chosen":"THE_SILENT","items_purchased":["Skewer","Anchor"],"campfire_rested":5,"item_purchase_floors":[2,19],"current_hp_per_floor":[67,67,67,67,49,32,53,49,49,49,49,47,47,34,55,47,70,61,61,45,45,45,30,30,51,51,51,49,49,49,35,56,21,70,69,62,47,30,43,64,0],"gold":70,"neow_bonus":"THREE_SMALL_POTIONS","is_prod":false,"is_daily":false,"chose_seed":false,"campfire_upgraded":2,"win_rate":0,"timestamp":1562617370,"path_taken":["M","$","M","?","?","E","R","E","T","R","M","M","?","M","R","BOSS","M","$","?","M","M","E","M","R","T","M","M","R","?","M","R","BOSS","M","M","M","M","M","R","E"],"build_version":"2019-07-05","purchased_purges":1,"victory":false,"max_hp_per_floor":[70,70,70,70,70,70,70,70,70,70,70,70,70,70,70,70,70,70,70,70,70,70,70,70,70,70,70,70,70,70,70,70,70,70,70,70,70,70,70,70,70],"card_choices":[{"not_picked":["Deflect","Flying Knee"],"picked":"Poisoned Stab","floor":1.0},{"not_picked":["Bane","Slice","Skewer"],"picked":"SKIP","floor":3.0},{"not_picked":["Envenom","Dodge and Roll"],"picked":"Slice","floor":6.0},{"not_picked":["Bane","Dodge and Roll"],"picked":"Deadly Poison","floor":8.0},{"not_picked":["Tactician","Blade Dance"],"picked":"Well Laid Plans","floor":11.0},{"not_picked":["Prepared","Accuracy"],"picked":"All Out Attack","floor":12.0},{"not_picked":["Slice","Accuracy"],"picked":"Caltrops","floor":13.0},{"not_picked":["Sucker Punch","Flying Knee","Poisoned Stab"],"picked":"SKIP","floor":14.0},{"not_picked":["Phantasmal Killer","A Thousand Cuts"],"picked":"Malaise","floor":16.0},{"not_picked":["Outmaneuver","Choke"],"picked":"Riddle With Holes+1","floor":18.0},{"not_picked":["Riddle With Holes","Distraction","Infinite Blades+1"],"picked":"SKIP","floor":21.0},{"not_picked":["Dagger Throw+1","Reflex","Slice"],"picked":"SKIP","floor":22.0},{"not_picked":["Backstab","Slice"],"picked":"PiercingWail","floor":23},{"not_picked":["Prepared","Outmaneuver","Flying Knee"],"picked":"SKIP","floor":24},{"not_picked":["Dodge and Roll","PiercingWail"],"picked":"Noxious Fumes","floor":27},{"not_picked":["Unload","Finisher"],"picked":"Leg Sweep","floor":28},{"not_picked":["Poisoned Stab","Setup+1","Slice"],"picked":"SKIP","floor":31},{"not_picked":["Die Die Die","After Image"],"picked":"Adrenaline","floor":33},{"not_picked":["Dagger Throw","Caltrops"],"picked":"Leg Sweep+1","floor":35},{"not_picked":["Flying Knee+1","Dodge and Roll"],"picked":"Dash","floor":36},{"not_picked":["Cloak And Dagger","Setup"],"picked":"Bane+1","floor":37},{"not_picked":["Dagger Spray+1","Slice"],"picked":"Prepared+1","floor":38},{"not_picked":["Skewer+1","Outmaneuver+1"],"picked":"Dash+1","floor":39}],"player_experience":190245,"relics_obtained":[{"floor":6.0,"key":"Lantern"},{"floor":8.0,"key":"Unceasing Top"},{"floor":9.0,"key":"Whetstone"},{"floor":20.0,"key":"Enchiridion"},{"floor":23,"key":"Dead Branch"},{"floor":26,"key":"Vajra"}],"event_choices":[{"damage_healed":0.0,"max_hp_gain":0.0,"max_hp_loss":0.0,"gold_gain":0.0,"event_name":"Living Wall","player_choice":"Grow","floor":4.0,"gold_loss":0.0,"damage_taken":0.0,"cards_upgraded":["Skewer"]},{"damage_healed":0.0,"max_hp_gain":0.0,"max_hp_loss":0.0,"gold_gain":0.0,"event_name":"Scrap Ooze","player_choice":"Success","floor":5.0,"gold_loss":0.0,"damage_taken":18.0,"relics_obtained":["Smiling Mask"]},{"damage_healed":0.0,"max_hp_gain":0.0,"max_hp_loss":0.0,"gold_gain":0.0,"event_name":"Cursed Tome","player_choice":"Obtained Book","floor":20.0,"gold_loss":0.0,"damage_taken":16.0},{"damage_healed":0,"gold_gain":0,"player_choice":"Upgrade","damage_taken":0,"max_hp_gain":0,"max_hp_loss":0,"event_name":"Designer","floor":30,"gold_loss":40,"cards_upgraded":["Leg Sweep"]}],"is_beta":false,"boss_relics":[{"not_picked":["Busted Crown","Snecko Eye"],"picked":"Ectoplasm"},{"not_picked":["HoveringKite","Pandora\u0027s Box"],"picked":"Philosopher\u0027s Stone"}],"items_purged_floors":[19],"is_endless":false,"potions_floor_spawned":[1,6,11,13,18,22,23,27,35,36,38],"killed_by":"Reptomancer","ascension_level":4}