{"gold_per_floor":[11,25,37,52,72,72,85,135,135,151,37,37,37,54,54,130,130,146,146,158,158,0,0],"floor_reached":23,"playtime":730,"items_purged":[],"score":420,"play_id":"1a5aa74d-f751-4895-9fd4-9ee92b73ca4c","local_time":"20190425002301","is_ascension_mode":true,"campfire_choices":[{"data":"Bouncing Flask","floor":6,"key":"SMITH"},{"data":"Catalyst","floor":15,"key":"SMITH"}],"neow_cost":"NO_GOLD","seed_source_timestamp":335602534995600,"circlet_count":0,"master_deck":["AscendersBane","Survivor","Neutralize","Bouncing Flask+1","Predator","Well Laid Plans","Flying Knee","Burst","Deflect","Backstab","Catalyst+1","Backflip","Parasite","Wraith Form v2+1","Poisoned Stab","Skewer","Phantasmal Killer","Acrobatics","Terror","Footwork","Backflip","Terror","Caltrops"],"relics":["Ring of the Snake","Bottled Tornado","Pandora\u0027s Box"],"potions_floor_usage":[20],"damage_taken":[{"damage":0,"enemies":"2 Louse","floor":1,"turns":3},{"damage":0,"enemies":"Cultist","floor":2,"turns":4},{"damage":0,"enemies":"Small Slimes","floor":3,"turns":3},{"damage":9,"enemies":"Blue Slaver","floor":4,"turns":3},{"damage":13,"enemies":"Lots of Slimes","floor":5,"turns":6},{"damage":8,"enemies":"Exordium Wildlife","floor":7,"turns":4},{"damage":17,"enemies":"Exordium Thugs","floor":10,"turns":4},{"damage":9,"enemies":"Blue Slaver","floor":14,"turns":2},{"damage":6,"enemies":"The Guardian","floor":16,"turns":5},{"damage":4,"enemies":"Chosen","floor":18,"turns":3},{"damage":8,"enemies":"2 Thieves","floor":20,"turns":5},{"damage":50,"enemies":"Slavers","floor":23,"turns":2}],"seed_played":"-1251861072260714253","potions_obtained":[{"floor":4,"key":"AttackPotion"},{"floor":5,"key":"FairyPotion"}],"is_trial":false,"path_per_floor":["M","M","M","M","M","R","M","?","T","M","$","?","?","M","R","B",null,"M","?","M","?","?","E"],"character_chosen":"THE_SILENT","items_purchased":["Catalyst","Backflip"],"campfire_rested":0,"item_purchase_floors":[11,11],"current_hp_per_floor":[59,59,59,50,37,37,29,29,29,12,12,12,28,19,19,13,53,49,49,41,41,41,0],"gold":0,"neow_bonus":"REMOVE_TWO","is_prod":false,"is_daily":false,"chose_seed":false,"campfire_upgraded":2,"win_rate":0,"timestamp":1556119381,"path_taken":["M","M","M","M","M","R","M","?","T","?","$","?","?","M","R","BOSS","M","?","?","?","?","E"],"build_version":"2019-01-23","purchased_purges":0,"victory":false,"max_hp_per_floor":[66,66,66,66,66,66,66,66,66,66,66,66,66,66,66,66,66,66,66,66,66,66,66],"card_choices":[{"not_picked":["Slice","Underhanded Strike"],"picked":"Bouncing Flask","floor":1},{"not_picked":["Outmaneuver","Distraction"],"picked":"Predator","floor":2},{"not_picked":["Acrobatics","Quick Slash"],"picked":"Well Laid Plans","floor":3},{"not_picked":["Cloak And Dagger","Slice"],"picked":"Flying Knee","floor":4},{"not_picked":["Reflex","Backflip"],"picked":"Burst","floor":5},{"not_picked":["Outmaneuver","Cloak And Dagger"],"picked":"Deflect","floor":7},{"not_picked":["Cloak And Dagger","Deadly Poison"],"picked":"Backstab","floor":10},{"not_picked":["Heel Hook","Cloak And Dagger","Flying Knee"],"picked":"SKIP","floor":14},{"not_picked":["Die Die Die","Malaise"],"picked":"Wraith Form v2","floor":16},{"not_picked":["Choke","Flechettes"],"picked":"Backflip","floor":18},{"not_picked":["Underhanded Strike","Predator","Slice"],"picked":"SKIP","floor":20}],"player_experience":4840299,"relics_obtained":[{"floor":9,"key":"Bottled Tornado"}],"event_choices":[{"damage_healed":0,"gold_gain":50,"player_choice":"Pray","damage_taken":0,"max_hp_gain":0,"max_hp_loss":0,"event_name":"Golden Shrine","floor":8,"gold_loss":0},{"damage_healed":0,"gold_gain":0,"player_choice":"Ignored","damage_taken":0,"max_hp_gain":0,"max_hp_loss":0,"event_name":"Shining Light","floor":12,"gold_loss":0},{"damage_healed":16,"gold_gain":0,"player_choice":"Healed and dodged fight","damage_taken":0,"max_hp_gain":0,"max_hp_loss":0,"event_name":"Mushrooms","floor":13,"gold_loss":0,"cards_obtained":["Parasite"]},{"damage_healed":0,"gold_gain":0,"player_choice":"Forge","damage_taken":0,"max_hp_gain":0,"max_hp_loss":0,"event_name":"Accursed Blacksmith","floor":19,"gold_loss":0,"cards_upgraded":["Wraith Form v2"]},{"damage_healed":0,"gold_gain":0,"cards_transformed":["Eviscerate","Storm of Steel"],"player_choice":"Became Test Subject","damage_taken":0,"max_hp_gain":0,"max_hp_loss":0,"event_name":"Drug Dealer","floor":21,"gold_loss":0,"cards_obtained":["Terror","Caltrops"]},{"damage_healed":0,"gold_gain":0,"player_choice":"Paid Fearfully","damage_taken":0,"max_hp_gain":0,"max_hp_loss":0,"event_name":"Masked Bandits","floor":22,"gold_loss":158}],"is_beta":false,"boss_relics":[{"not_picked":["Black Star","Eternal Feather"],"picked":"Pandora\u0027s Box"}],"items_purged_floors":[],"is_endless":false,"potions_floor_spawned":[4,5,14,18],"killed_by":"Slavers","ascension_level":20}