{"gold_per_floor":[110,128,147,162,174,208,208,223,223,255,255,265,265,276,276,354,354,368,386,386,398,398,398,413,413,436,436,436,636,656,351,351,425,425,441,452,452],"floor_reached":37,"playtime":1239,"items_purged":["Strike_R"],"score":770,"play_id":"35b1d656-c690-4027-8773-2975f5a232f0","local_time":"20190325005435","is_ascension_mode":true,"campfire_choices":[{"data":"Armaments","floor":7.0,"key":"SMITH"},{"data":"Evolve","floor":11.0,"key":"SMITH"},{"data":"Body Slam","floor":13.0,"key":"SMITH"},{"data":"Body Slam","floor":15.0,"key":"SMITH"},{"data":"Shrug It Off","floor":23.0,"key":"SMITH"},{"data":"Feel No Pain","floor":25.0,"key":"SMITH"},{"floor":27.0,"key":"REST"},{"floor":32.0,"key":"REST"}],"neow_cost":"NONE","seed_source_timestamp":953218710048300,"circlet_count":0,"master_deck":["AscendersBane","Strike_R","Strike_R","Strike_R","Strike_R","Defend_R","Defend_R","Defend_R","Defend_R","Bash","Evolve+1","Infernal Blade","Wild Strike","Reckless Charge","Second Wind","Armaments+1","Body Slam+1","Body Slam+1","Rage+1","Disarm+1","Shrug It Off+1","Feel No Pain+1","Offering","Power Through"],"special_seed":0,"relics":["Black Blood","Anchor","Kunai","Mercury Hourglass","PreservedInsect","ClockworkSouvenir"],"potions_floor_usage":[33,33,37],"damage_taken":[{"damage":1.0,"enemies":"Cultist","floor":1.0,"turns":3.0},{"damage":11.0,"enemies":"2 Louse","floor":2.0,"turns":3.0},{"damage":7.0,"enemies":"Jaw Worm","floor":3.0,"turns":3.0},{"damage":27.0,"enemies":"3 Louse","floor":4.0,"turns":4.0},{"damage":6.0,"enemies":"Looter","floor":5.0,"turns":3.0},{"damage":12.0,"enemies":"3 Sentries","floor":6.0,"turns":9.0},{"damage":2.0,"enemies":"Gremlin Gang","floor":8.0,"turns":6.0},{"damage":3.0,"enemies":"Gremlin Nob","floor":10.0,"turns":3.0},{"damage":0.0,"enemies":"Lots of Slimes","floor":12.0,"turns":3.0},{"damage":0.0,"enemies":"Large Slime","floor":14.0,"turns":4.0},{"damage":33.0,"enemies":"Hexaghost","floor":16.0,"turns":9.0},{"damage":17.0,"enemies":"2 Thieves","floor":18.0,"turns":4.0},{"damage":0.0,"enemies":"Shell Parasite","floor":19.0,"turns":2.0},{"damage":9.0,"enemies":"Snake Plant","floor":21.0,"turns":4.0},{"damage":34.0,"enemies":"3 Cultists","floor":24.0,"turns":6.0},{"damage":15.0,"enemies":"Centurion and Healer","floor":30.0,"turns":8.0},{"damage":40,"enemies":"Automaton","floor":33,"turns":11},{"damage":50,"enemies":"3 Darklings","floor":35,"turns":7},{"damage":15,"enemies":"Orb Walker","floor":36,"turns":4},{"damage":27,"enemies":"Maw","floor":37,"turns":4}],"seed_played":"4140168103738556236","potions_obtained":[{"floor":1.0,"key":"Weak Potion"},{"floor":4.0,"key":"GamblersBrew"},{"floor":5.0,"key":"AttackPotion"},{"floor":12.0,"key":"Block Potion"},{"floor":16.0,"key":"Fire Potion"},{"floor":18.0,"key":"PowerPotion"},{"floor":35,"key":"Block Potion"}],"is_trial":false,"path_per_floor":["M","M","M","M","M","E","R","M","T","E","R","M","R","M","R","B",null,"M","M","?","M","?","R","M","R","T","R","?","?","M","$","R","B",null,"M","M","M"],"character_chosen":"IRONCLAD","items_purchased":["ClockworkSouvenir"],"campfire_rested":2,"item_purchase_floors":[31],"current_hp_per_floor":[73,68,67,46,46,40,40,44,44,47,47,53,53,59,59,32,64,53,59,59,56,56,56,28,28,28,50,50,50,41,41,63,29,64,24,19,0],"gold":452,"neow_bonus":"THREE_CARDS","is_prod":false,"is_daily":false,"chose_seed":false,"campfire_upgraded":6,"win_rate":0,"timestamp":1553442875,"path_taken":["M","M","M","M","M","E","R","M","T","E","R","M","R","?","R","BOSS","M","M","?","?","?","R","M","R","T","R","?","?","?","$","R","BOSS","M","M","M"],"build_version":"2019-01-23","purchased_purges":1,"victory":false,"max_hp_per_floor":[75,75,75,75,75,75,75,75,75,75,75,75,75,75,75,75,75,75,75,75,75,75,75,75,75,75,75,75,75,75,75,75,75,75,75,75,75],"card_choices":[{"not_picked":["Havoc","Corruption"],"picked":"Evolve","floor":0.0},{"not_picked":["Clash","True Grit"],"picked":"Infernal Blade","floor":1.0},{"not_picked":["Body Slam","Armaments"],"picked":"Wild Strike","floor":2.0},{"not_picked":["Flex","Shrug It Off"],"picked":"Reckless Charge","floor":3.0},{"not_picked":["Rupture","Bloodletting"],"picked":"Second Wind","floor":4.0},{"not_picked":["True Grit","Anger"],"picked":"Armaments","floor":5.0},{"not_picked":["Fire Breathing","Disarm"],"picked":"Body Slam","floor":6.0},{"not_picked":["Perfected Strike","Cleave","Rage"],"picked":"SKIP","floor":8.0},{"not_picked":["Headbutt","Anger","Iron Wave"],"picked":"SKIP","floor":10.0},{"not_picked":["Carnage","Twin Strike","Spot Weakness"],"picked":"SKIP","floor":12.0},{"not_picked":["Warcry","Headbutt"],"picked":"Body Slam","floor":14.0},{"not_picked":["Cleave","Iron Wave"],"picked":"Rage+1","floor":18.0},{"not_picked":["Disarm","Searing Blow","Reckless Charge"],"picked":"SKIP","floor":19.0},{"not_picked":["Searing Blow","Reckless Charge"],"picked":"Disarm","floor":19.0},{"not_picked":["Combust","Thunderclap","Perfected Strike"],"picked":"SKIP","floor":21.0},{"not_picked":["Anger","Warcry"],"picked":"Feel No Pain","floor":24.0},{"not_picked":["Corruption","Pommel Strike","Headbutt"],"picked":"SKIP","floor":30.0},{"not_picked":["Feed","Juggernaut"],"picked":"Offering","floor":33},{"not_picked":["Warcry","Pommel Strike","Wild Strike"],"picked":"SKIP","floor":35},{"not_picked":["Ghostly Armor","Exhume"],"picked":"Power Through","floor":36}],"player_experience":4617462,"relics_obtained":[{"floor":6.0,"key":"Anchor"},{"floor":9.0,"key":"Kunai"},{"floor":10.0,"key":"Mercury Hourglass"},{"floor":26.0,"key":"PreservedInsect"}],"event_choices":[{"damage_healed":0.0,"max_hp_gain":0.0,"max_hp_loss":0.0,"gold_gain":0.0,"event_name":"Upgrade Shrine","player_choice":"Upgraded","floor":20.0,"gold_loss":0.0,"damage_taken":0.0,"cards_upgraded":["Disarm"]},{"damage_healed":0.0,"max_hp_gain":0.0,"max_hp_loss":0.0,"gold_gain":0.0,"event_name":"The Library","player_choice":"Read","floor":22.0,"gold_loss":0.0,"damage_taken":0.0,"cards_obtained":["Shrug It Off"]},{"damage_healed":0.0,"max_hp_gain":0.0,"max_hp_loss":0.0,"gold_gain":0.0,"event_name":"The Mausoleum","player_choice":"Ignored","floor":28.0,"gold_loss":0.0,"damage_taken":0.0},{"damage_healed":0.0,"max_hp_gain":0.0,"max_hp_loss":0.0,"gold_gain":250.0,"event_name":"The Joust","player_choice":"Bet on Owner","floor":29.0,"gold_loss":50.0,"damage_taken":0.0}],"is_beta":false,"boss_relics":[{"not_picked":["Velvet Choker","Coffee Dripper","Busted Crown"]},{"not_picked":["Philosopher\u0027s Stone","Black Star"],"picked":"Black Blood"}],"items_purged_floors":[31],"is_endless":false,"potions_floor_spawned":[1,4,5,12,14,16,18,19,35],"killed_by":"Maw","ascension_level":20}