{"gold_per_floor":[114,130,130,130,130,130,143,161,240,240,18,0,33,51,51,51],"floor_reached":16,"playtime":331,"items_purged":[],"score":200,"play_id":"0997e71a-eb78-4e5c-9153-6e2727342bcb","local_time":"20190720052316","is_ascension_mode":true,"campfire_choices":[{"data":"Defend_R","floor":6,"key":"SMITH"},{"data":"Whirlwind","floor":10,"key":"SMITH"},{"floor":15,"key":"REST"}],"neow_cost":"NONE","seed_source_timestamp":2475058147948473,"circlet_count":0,"master_deck":["AscendersBane","Strike_R","Strike_R","Strike_R","Strike_R","Strike_R","Defend_R","Defend_R","Defend_R","Defend_R+1","Bash+1","Armaments+1","Whirlwind+1","Bandage Up","Rage","Feed"],"relics":["Eternal Feather","The Courier","Self Forming Clay","Membership Card","Magic Flower"],"potions_floor_usage":[16,16],"damage_taken":[{"damage":1,"enemies":"Cultist","floor":1,"turns":3},{"damage":11,"enemies":"Small Slimes","floor":2,"turns":3},{"damage":2,"enemies":"Jaw Worm","floor":7,"turns":4},{"damage":17,"enemies":"Looter","floor":8,"turns":3},{"damage":29,"enemies":"Gremlin Nob","floor":13,"turns":4},{"damage":0,"enemies":"Lots of Slimes","floor":14,"turns":1},{"damage":68,"enemies":"Slime Boss","floor":16,"turns":12}],"seed_played":"-3066765976897882118","potions_obtained":[{"floor":13,"key":"Poison Potion"},{"floor":14,"key":"Fire Potion"}],"is_trial":false,"path_per_floor":["M","M","?","T","?","R","M","M","T","R","$","?","E","M","R","B"],"character_chosen":"IRONCLAD","items_purchased":["Membership Card","Bandage Up"],"campfire_rested":1,"item_purchase_floors":[11,11],"current_hp_per_floor":[67,56,56,56,56,62,60,43,43,49,49,49,26,26,57,0],"gold":51,"neow_bonus":"BOSS_RELIC","is_prod":false,"is_daily":false,"chose_seed":false,"campfire_upgraded":2,"win_rate":0,"timestamp":1563592996,"path_taken":["M","?","?","?","?","R","M","?","T","R","$","?","E","M","R","BOSS"],"build_version":"2019-07-17","purchased_purges":0,"victory":false,"max_hp_per_floor":[75,75,75,75,75,75,75,75,75,75,75,75,75,75,75,75],"card_choices":[{"not_picked":["Pommel Strike","Seeing Red"],"picked":"Armaments","floor":1},{"not_picked":["Entrench","Armaments","Sword Boomerang"],"picked":"SKIP","floor":2},{"not_picked":["Fire Breathing","Infernal Blade","Reckless Charge"],"picked":"SKIP","floor":7},{"not_picked":["Intimidate","Flex"],"picked":"Whirlwind","floor":8},{"not_picked":["Dual Wield","Anger"],"picked":"Rage","floor":13},{"not_picked":["Thunderclap","Body Slam"],"picked":"Feed","floor":14}],"player_experience":518613,"relics_obtained":[{"floor":4,"key":"The Courier"},{"floor":9,"key":"Self Forming Clay"},{"floor":13,"key":"Magic Flower"}],"event_choices":[{"damage_healed":0,"gold_gain":0,"player_choice":"Grow","damage_taken":0,"max_hp_gain":0,"max_hp_loss":0,"event_name":"Living Wall","floor":3,"gold_loss":0,"cards_upgraded":["Armaments"]},{"damage_healed":0,"gold_gain":0,"player_choice":"Forge","damage_taken":0,"max_hp_gain":0,"max_hp_loss":0,"event_name":"Accursed Blacksmith","floor":5,"gold_loss":0,"cards_upgraded":["Bash"]},{"damage_healed":0,"gold_gain":0,"player_choice":"Left Gold","damage_taken":0,"max_hp_gain":0,"max_hp_loss":0,"event_name":"World of Goop","floor":12,"gold_loss":18}],"is_beta":false,"boss_relics":[],"items_purged_floors":[],"is_endless":false,"potions_floor_spawned":[13,14],"killed_by":"Slime Boss","ascension_level":20}