{"gold_per_floor":[114,124,124,49,72,72,72,72,72,72,93,126,70,89,89,89],"floor_reached":16,"playtime":283,"items_purged":["Strike_G"],"score":200,"play_id":"461dbc45-73db-4666-9125-9c09b5b6f225","local_time":"20190419011751","is_ascension_mode":true,"campfire_choices":[{"data":"Footwork","floor":6.0,"key":"SMITH"},{"floor":8.0,"key":"REST"},{"data":"Neutralize","floor":10.0,"key":"SMITH"},{"data":"Backstab","floor":15.0,"key":"SMITH"}],"neow_cost":"PERCENT_DAMAGE","seed_source_timestamp":176998642480300,"circlet_count":0,"master_deck":["AscendersBane","Defend_G","Defend_G","Defend_G","Defend_G","Defend_G","Strike_G","Strike_G","Strike_G","Strike_G","Survivor","Neutralize+1","Corpse Explosion","Backstab+1","Footwork+1","Skewer+1","Backflip","Bane+1","Dagger Spray+1"],"special_seed":0,"relics":["Ring of the Snake","Golden Idol","Shuriken","Molten Egg 2","Question Card"],"potions_floor_usage":[16],"damage_taken":[{"damage":8.0,"enemies":"Cultist","floor":1.0,"turns":5.0},{"damage":7.0,"enemies":"Jaw Worm","floor":2.0,"turns":4.0},{"damage":2.0,"enemies":"Small Slimes","floor":5.0,"turns":5.0},{"damage":0.0,"enemies":"3 Louse","floor":11.0,"turns":1.0},{"damage":6.0,"enemies":"Gremlin Nob","floor":12.0,"turns":3.0},{"damage":1.0,"enemies":"Looter","floor":14.0,"turns":2.0},{"damage":26,"enemies":"Slime Boss","floor":16,"turns":5}],"seed_played":"-8843282415077872305","potions_obtained":[{"floor":5.0,"key":"SkillPotion"},{"floor":11.0,"key":"Poison Potion"},{"floor":14.0,"key":"Ancient Potion"}],"is_trial":false,"path_per_floor":["M","M","?","$","M","R","?","R","T","R","M","E","$","M","R","B"],"character_chosen":"THE_SILENT","items_purchased":["Bane+1"],"campfire_rested":1,"item_purchase_floors":[13],"current_hp_per_floor":[36,29,29,29,27,27,9,27,27,27,27,21,21,20,20,0],"gold":89,"neow_bonus":"THREE_RARE_CARDS","is_prod":false,"is_daily":false,"chose_seed":false,"campfire_upgraded":3,"win_rate":0,"timestamp":1555604271,"path_taken":["M","M","?","$","M","R","?","R","T","R","M","E","$","M","R","BOSS"],"build_version":"2019-01-23","purchased_purges":1,"victory":false,"max_hp_per_floor":[66,66,60,60,60,60,60,60,60,60,60,60,60,60,60,60],"card_choices":[{"not_picked":["Tools of the Trade","Grand Finale"],"picked":"Corpse Explosion","floor":0.0},{"not_picked":["Underhanded Strike","Poisoned Stab"],"picked":"Backstab","floor":1.0},{"not_picked":["Dodge and Roll","Prepared","Sucker Punch"],"picked":"SKIP","floor":2.0},{"not_picked":["Cloak And Dagger","Catalyst"],"picked":"Footwork","floor":5.0},{"not_picked":["A Thousand Cuts","Terror"],"picked":"Skewer+1","floor":11.0},{"not_picked":["Deadly Poison","Acrobatics"],"picked":"Backflip","floor":12.0},{"not_picked":["Heel Hook+1","Flying Knee+1","Poisoned Stab+1"],"picked":"Dagger Spray+1","floor":14.0}],"player_experience":4837016,"relics_obtained":[{"floor":9.0,"key":"Molten Egg 2"},{"floor":12.0,"key":"Question Card"}],"event_choices":[{"damage_healed":0.0,"max_hp_gain":0.0,"max_hp_loss":6.0,"gold_gain":0.0,"event_name":"Golden Idol","player_choice":"Lose Max HP","floor":3.0,"gold_loss":0.0,"damage_taken":0.0,"relics_obtained":["Golden Idol"]},{"damage_healed":0.0,"max_hp_gain":0.0,"max_hp_loss":0.0,"gold_gain":0.0,"event_name":"Scrap Ooze","player_choice":"Success","floor":7.0,"gold_loss":0.0,"damage_taken":18.0,"relics_obtained":["Shuriken"]}],"is_beta":false,"boss_relics":[],"items_purged_floors":[4],"is_endless":false,"potions_floor_spawned":[5,11,14],"killed_by":"Slime Boss","ascension_level":20}