{"gold_per_floor":[116,266,279,295,122,122,152,71,121,121,136,136,162,162,162,239,239,249,262,262,279,33,67,67],"floor_reached":24,"playtime":778,"items_purged":["Doubt"],"score":417,"play_id":"b5db0a02-57fd-4fbc-a766-10352e8e063a","local_time":"20190717032017","is_ascension_mode":true,"campfire_choices":[{"data":"Enlightenment","floor":6,"key":"SMITH"},{"data":"Clothesline","floor":12,"key":"SMITH"},{"floor":15,"key":"REST"}],"neow_cost":"NONE","seed_source_timestamp":2208028564259690,"circlet_count":0,"master_deck":["AscendersBane","Strike_R","Strike_R+1","Strike_R","Strike_R+1","Strike_R","Defend_R","Defend_R+1","Defend_R","Defend_R","Bash+1","Clothesline+1","Shrug It Off+1","Enlightenment+1","Battle Trance","Perfected Strike","Feed","Rage","Twin Strike","The Bomb","Armaments","Feed"],"relics":["Burning Blood","Lantern","Bag of Preparation","Sozu","Enchiridion","Whetstone"],"potions_floor_usage":[23],"damage_taken":[{"damage":8,"enemies":"2 Louse","floor":1,"turns":4},{"damage":11,"enemies":"Jaw Worm","floor":3,"turns":4},{"damage":8,"enemies":"Small Slimes","floor":4,"turns":5},{"damage":19,"enemies":"2 Fungi Beasts","floor":11,"turns":4},{"damage":17,"enemies":"Lagavulin","floor":13,"turns":5},{"damage":6,"enemies":"The Guardian","floor":16,"turns":9},{"damage":11,"enemies":"3 Byrds","floor":18,"turns":8},{"damage":4,"enemies":"Shell Parasite","floor":19,"turns":4},{"damage":1,"enemies":"Centurion and Healer","floor":21,"turns":5},{"damage":46,"enemies":"Gremlin Leader","floor":23,"turns":7},{"damage":26,"enemies":"3 Cultists","floor":24,"turns":4}],"seed_played":"-2001440803726684629","potions_obtained":[{"floor":1,"key":"Dexterity Potion"},{"floor":4,"key":"FearPotion"}],"is_trial":false,"path_per_floor":["M","?","M","M","$","R","?","$","T","?","M","R","E","?","R","B",null,"M","M","?","M","$","E","M"],"character_chosen":"IRONCLAD","items_purchased":["Enlightenment","Battle Trance","The Bomb","Armaments"],"campfire_rested":1,"item_purchase_floors":[5,8,22,22],"current_hp_per_floor":[73,73,68,66,66,66,66,66,66,66,53,53,42,17,41,41,72,70,72,51,59,59,22,0],"gold":67,"neow_bonus":"TEN_PERCENT_HP_BONUS","is_prod":false,"is_daily":false,"chose_seed":false,"campfire_upgraded":2,"win_rate":0,"timestamp":1563326417,"path_taken":["M","?","M","M","$","R","?","$","T","?","M","R","E","?","R","BOSS","M","M","?","M","$","E","M"],"build_version":"2019-07-05","purchased_purges":1,"victory":false,"max_hp_per_floor":[82,82,82,82,82,82,82,82,82,82,82,82,82,82,82,82,82,85,85,85,88,88,91,91],"card_choices":[{"not_picked":["Sentinel","Intimidate"],"picked":"Clothesline","floor":1},{"not_picked":["Pommel Strike","Uppercut"],"picked":"Shrug It Off","floor":3},{"not_picked":["Carnage","Anger","Sever Soul"],"picked":"SKIP","floor":4},{"not_picked":["Havoc","Warcry"],"picked":"Perfected Strike","floor":11},{"not_picked":["Pummel","Heavy Blade","Clash"],"picked":"SKIP","floor":13},{"not_picked":["Exhume","Bludgeon"],"picked":"Feed","floor":16},{"not_picked":["Pummel","Warcry"],"picked":"Rage","floor":18},{"not_picked":["Warcry","Clash","Blood for Blood"],"picked":"SKIP","floor":19},{"not_picked":["Flex","Sever Soul"],"picked":"Twin Strike","floor":21},{"not_picked":["Sword Boomerang+1","Armaments"],"picked":"Feed","floor":23}],"player_experience":466690,"relics_obtained":[{"floor":9,"key":"Lantern"},{"floor":13,"key":"Bag of Preparation"},{"floor":20,"key":"Enchiridion"},{"floor":23,"key":"Whetstone"}],"event_choices":[{"damage_healed":0,"gold_gain":150,"player_choice":"AGREE","damage_taken":0,"max_hp_gain":0,"max_hp_loss":0,"event_name":"Liars Game","floor":2,"gold_loss":0,"cards_obtained":["Doubt"]},{"damage_healed":0,"gold_gain":30,"player_choice":"Searched \u00271\u0027 times","damage_taken":0,"max_hp_gain":0,"max_hp_loss":0,"event_name":"Dead Adventurer","floor":7,"gold_loss":0},{"damage_healed":0,"gold_gain":0,"player_choice":"Grow","damage_taken":0,"max_hp_gain":0,"max_hp_loss":0,"event_name":"Living Wall","floor":10,"gold_loss":0,"cards_upgraded":["Bash"]},{"damage_healed":0,"gold_gain":0,"player_choice":"Entered Light","damage_taken":25,"max_hp_gain":0,"max_hp_loss":0,"event_name":"Shining Light","floor":14,"gold_loss":0,"cards_upgraded":["Shrug It Off","Defend_R"]},{"damage_healed":0,"gold_gain":0,"player_choice":"Obtained Book","damage_taken":21,"max_hp_gain":0,"max_hp_loss":0,"event_name":"Cursed Tome","floor":20,"gold_loss":0}],"is_beta":false,"boss_relics":[{"not_picked":["Mark of Pain","Runic Cube"],"picked":"Sozu"}],"items_purged_floors":[5],"is_endless":false,"potions_floor_spawned":[1,4,11,19,23],"killed_by":"3 Cultists","ascension_level":19}