{"gold_per_floor":[115,190,200,200,200,233,233,246,246,246,266,266,290,306,306,306],"floor_reached":16,"playtime":277,"items_purged":[],"score":254,"play_id":"411a0a45-cf8a-4cbb-9b76-be96a0fbab6a","local_time":"20190322015349","is_ascension_mode":true,"campfire_choices":[{"data":"Flechettes","floor":7,"key":"SMITH"},{"data":"Tactician","floor":12,"key":"SMITH"},{"data":"Well Laid Plans","floor":15,"key":"SMITH"}],"neow_cost":"NONE","seed_source_timestamp":698817497883200,"circlet_count":0,"master_deck":["AscendersBane","Defend_G","Defend_G","Defend_G","Defend_G","Defend_G","Strike_G","Strike_G","Strike_G","Strike_G","Strike_G","Survivor","Neutralize","Tactician+1","Well Laid Plans+1","Flechettes+1","Footwork","Dagger Throw","Reflex"],"relics":["Ring of the Snake","NeowsBlessing","Golden Idol","Ninja Scroll","Ornamental Fan","Potion Belt"],"potions_floor_usage":[16,16],"damage_taken":[{"damage":0,"enemies":"Small Slimes","floor":1,"turns":1},{"damage":0,"enemies":"Jaw Worm","floor":3,"turns":1},{"damage":0,"enemies":"3 Sentries","floor":6,"turns":2},{"damage":0,"enemies":"Cultist","floor":8,"turns":2},{"damage":1,"enemies":"2 Fungi Beasts","floor":11,"turns":4},{"damage":11,"enemies":"Looter","floor":13,"turns":4},{"damage":8,"enemies":"Large Slime","floor":14,"turns":7},{"damage":23,"enemies":"Hexaghost","floor":16,"turns":11}],"seed_played":"7109974758308093001","potions_obtained":[{"floor":1,"key":"Poison Potion"},{"floor":5,"key":"GhostInAJar"}],"is_trial":false,"path_per_floor":["M","?","M","?","?","E","R","M","T","?","M","R","M","M","R","B"],"character_chosen":"THE_SILENT","items_purchased":[],"campfire_rested":0,"item_purchase_floors":[],"current_hp_per_floor":[59,48,48,48,48,48,48,48,48,43,42,42,31,23,23,0],"gold":306,"neow_bonus":"THREE_ENEMY_KILL","is_prod":false,"is_daily":false,"chose_seed":false,"campfire_upgraded":3,"win_rate":0,"timestamp":1553187229,"path_taken":["M","?","M","?","?","E","R","?","T","?","M","R","M","M","R","BOSS"],"build_version":"2019-01-23","purchased_purges":0,"victory":false,"max_hp_per_floor":[66,66,66,60,60,60,60,60,60,60,60,60,60,60,60,60],"card_choices":[{"not_picked":["Skewer","Poisoned Stab"],"picked":"Tactician","floor":1},{"not_picked":["PiercingWail","Cloak And Dagger"],"picked":"Well Laid Plans","floor":3},{"not_picked":["Blur","Dagger Spray"],"picked":"Flechettes","floor":6},{"not_picked":["Distraction","All Out Attack"],"picked":"Footwork","floor":8},{"not_picked":["Setup","Poisoned Stab"],"picked":"Dagger Throw","floor":11},{"not_picked":["Endless Agony","Dash"],"picked":"Reflex","floor":13},{"not_picked":["Blade Dance","Bullet Time","Bane"],"picked":"SKIP","floor":14}],"player_experience":4585281,"relics_obtained":[{"floor":6,"key":"Ninja Scroll"},{"floor":9,"key":"Ornamental Fan"}],"event_choices":[{"damage_healed":0,"gold_gain":75,"player_choice":"Gather Gold","damage_taken":11,"max_hp_gain":0,"max_hp_loss":0,"event_name":"World of Goop","floor":2,"gold_loss":0},{"damage_healed":0,"gold_gain":0,"player_choice":"Lose Max HP","damage_taken":0,"relics_obtained":["Golden Idol"],"max_hp_gain":0,"max_hp_loss":6,"event_name":"Golden Idol","floor":4,"gold_loss":0},{"damage_healed":0,"gold_gain":0,"player_choice":"Got Potions","damage_taken":0,"max_hp_gain":0,"max_hp_loss":0,"event_name":"Lab","floor":5,"gold_loss":0},{"damage_healed":0,"gold_gain":0,"player_choice":"Success","damage_taken":5,"relics_obtained":["Potion Belt"],"max_hp_gain":0,"max_hp_loss":0,"event_name":"Scrap Ooze","floor":10,"gold_loss":0}],"is_beta":false,"boss_relics":[],"items_purged_floors":[],"is_endless":false,"potions_floor_spawned":[1,8],"killed_by":"Hexaghost","ascension_level":20}