{"gold_per_floor":[114,114,39,39,59,59,59,59,86,105,105,128,162,186,186,186],"floor_reached":16,"playtime":269,"items_purged":["Strike_R"],"score":200,"play_id":"497a8291-ef19-4974-823a-912fee126af9","local_time":"20190627004906","is_ascension_mode":true,"campfire_choices":[{"data":"Searing Blow","floor":6,"key":"SMITH"},{"data":"Searing Blow+2","floor":8,"key":"SMITH"},{"data":"Searing Blow+3","floor":11,"key":"SMITH"},{"data":"Searing Blow+4","floor":15,"key":"SMITH"}],"neow_cost":"NONE","seed_source_timestamp":713551097133300,"circlet_count":0,"master_deck":["AscendersBane","Strike_R","Strike_R","Strike_R+1","Strike_R","Defend_R","Defend_R","Defend_R","Defend_R+1","Bash","Searing Blow+5","Intimidate","Thunderclap","Corruption"],"relics":["Burning Blood","NeowsBlessing","Golden Idol","Juzu Bracelet","Omamori"],"potions_floor_usage":[16],"damage_taken":[{"damage":0,"enemies":"Small Slimes","floor":1,"turns":1},{"damage":0,"enemies":"2 Louse","floor":5,"turns":1},{"damage":0,"enemies":"Cultist","floor":10,"turns":2},{"damage":22,"enemies":"2 Fungi Beasts","floor":12,"turns":4},{"damage":24,"enemies":"3 Sentries","floor":13,"turns":7},{"damage":4,"enemies":"Exordium Thugs","floor":14,"turns":4},{"damage":33,"enemies":"The Guardian","floor":16,"turns":7}],"seed_played":"-6296092045314391586","potions_obtained":[{"floor":5,"key":"Dexterity Potion"},{"floor":13,"key":"LiquidBronze"}],"is_trial":false,"path_per_floor":["M","?","$","?","M","R","?","R","T","M","R","M","E","M","R","B"],"character_chosen":"IRONCLAD","items_purchased":[],"campfire_rested":0,"item_purchase_floors":[],"current_hp_per_floor":[74,51,51,51,57,57,57,57,57,63,63,47,29,31,31,0],"gold":186,"neow_bonus":"THREE_ENEMY_KILL","is_prod":false,"is_daily":false,"chose_seed":false,"campfire_upgraded":4,"win_rate":0,"timestamp":1561564146,"path_taken":["M","?","$","?","M","R","?","R","T","M","R","M","E","M","R","BOSS"],"build_version":"2019-01-23","purchased_purges":1,"victory":false,"max_hp_per_floor":[75,75,75,68,68,68,68,68,68,68,68,68,68,68,68,68],"card_choices":[{"not_picked":["Perfected Strike","Flame Barrier"],"picked":"Searing Blow","floor":1},{"not_picked":["Havoc","Anger"],"picked":"Intimidate","floor":5},{"not_picked":["Whirlwind","Carnage"],"picked":"Thunderclap","floor":10},{"not_picked":["Intimidate","Flame Barrier","Reckless Charge"],"picked":"SKIP","floor":12},{"not_picked":["Havoc","Fire Breathing"],"picked":"Corruption","floor":13},{"not_picked":["Reckless Charge","Rupture","Metallicize"],"picked":"SKIP","floor":14}],"player_experience":5502322,"relics_obtained":[{"floor":9,"key":"Juzu Bracelet"},{"floor":13,"key":"Omamori"}],"event_choices":[{"damage_healed":0,"gold_gain":0,"player_choice":"Entered Light","damage_taken":23,"max_hp_gain":0,"max_hp_loss":0,"event_name":"Shining Light","floor":2,"gold_loss":0,"cards_upgraded":["Strike_R","Defend_R"]},{"damage_healed":0,"gold_gain":0,"player_choice":"Lose Max HP","damage_taken":0,"relics_obtained":["Golden Idol"],"max_hp_gain":0,"max_hp_loss":7,"event_name":"Golden Idol","floor":4,"gold_loss":0},{"damage_healed":0,"gold_gain":0,"player_choice":"Forge","damage_taken":0,"max_hp_gain":0,"max_hp_loss":0,"event_name":"Accursed Blacksmith","floor":7,"gold_loss":0,"cards_upgraded":["Searing Blow"]}],"is_beta":false,"boss_relics":[],"items_purged_floors":[3],"is_endless":false,"potions_floor_spawned":[5,13],"killed_by":"The Guardian","ascension_level":20}