{"gold_per_floor":[111,131,131,143,160,160,192,192,271,282,300,300],"floor_reached":12,"playtime":370,"items_purged":[],"score":164,"play_id":"4b6dbdb7-4e6c-471f-aa3a-37dfa100f959","local_time":"20190701024332","is_ascension_mode":true,"campfire_choices":[{"data":"Neutralize","floor":6,"key":"SMITH"},{"floor":8,"key":"REST"}],"neow_cost":"NONE","seed_source_timestamp":1065915384202700,"circlet_count":0,"master_deck":["AscendersBane","Defend_G","Defend_G","Defend_G","Defend_G","Defend_G","Strike_G","Strike_G","Strike_G","Strike_G","Strike_G","Survivor","Neutralize+1","Terror","Flying Knee","Infinite Blades","Cloak And Dagger","Flying Knee","Cloak And Dagger","Poisoned Stab+1"],"relics":["Ring of the Snake","Oddly Smooth Stone","Snake Skull","Molten Egg 2"],"potions_floor_usage":[5,7],"damage_taken":[{"damage":0,"enemies":"Cultist","floor":1,"turns":4},{"damage":1,"enemies":"Small Slimes","floor":2,"turns":5},{"damage":3,"enemies":"Jaw Worm","floor":4,"turns":5},{"damage":22,"enemies":"Gremlin Gang","floor":5,"turns":5},{"damage":23,"enemies":"Gremlin Nob","floor":7,"turns":4},{"damage":2,"enemies":"3 Louse","floor":10,"turns":4},{"damage":22,"enemies":"Exordium Thugs","floor":11,"turns":6},{"damage":23,"enemies":"Lagavulin","floor":12,"turns":10}],"seed_played":"-4199647723322181224","potions_obtained":[{"floor":1,"key":"GhostInAJar"},{"floor":2,"key":"SneckoOil"},{"floor":5,"key":"FearPotion"},{"floor":10,"key":"Strength Potion"}],"is_trial":false,"path_per_floor":["M","M","T","M","M","R","E","R","T","M","M","E"],"character_chosen":"THE_SILENT","items_purchased":[],"campfire_rested":1,"item_purchase_floors":[],"current_hp_per_floor":[65,64,64,61,39,39,16,37,37,35,13,0],"gold":300,"neow_bonus":"TEN_PERCENT_HP_BONUS","is_prod":false,"is_daily":false,"chose_seed":false,"campfire_upgraded":1,"win_rate":0,"timestamp":1561916612,"path_taken":["M","M","?","M","M","R","E","R","T","M","M","E"],"build_version":"2019-01-23","purchased_purges":0,"victory":false,"max_hp_per_floor":[72,72,72,72,72,72,72,72,72,72,72,72],"card_choices":[{"not_picked":["Predator","Acrobatics"],"picked":"Terror","floor":1},{"not_picked":["Dagger Throw","Underhanded Strike"],"picked":"Flying Knee","floor":2},{"not_picked":["Flying Knee","Tools of the Trade"],"picked":"Infinite Blades","floor":4},{"not_picked":["Dagger Spray","Deadly Poison"],"picked":"Cloak And Dagger","floor":5},{"not_picked":["Flechettes","Underhanded Strike"],"picked":"Flying Knee","floor":7},{"not_picked":["Slice+1","Deadly Poison"],"picked":"Cloak And Dagger","floor":10},{"not_picked":["Dagger Throw+1","Reflex"],"picked":"Poisoned Stab+1","floor":11}],"player_experience":5543226,"relics_obtained":[{"floor":3,"key":"Oddly Smooth Stone"},{"floor":7,"key":"Snake Skull"},{"floor":9,"key":"Molten Egg 2"}],"event_choices":[],"is_beta":false,"boss_relics":[],"items_purged_floors":[],"is_endless":false,"potions_floor_spawned":[1,2,5,10],"killed_by":"Lagavulin","ascension_level":20}