{"gold_per_floor":[109,26,43,63,79,79,113,113,113,142,142,142,159,193,193,193],"floor_reached":16,"playtime":319,"items_purged":[],"score":240,"play_id":"5bc93d90-0be7-4c91-91da-fc2f4b47e66f","local_time":"20190513004915","is_ascension_mode":true,"campfire_choices":[{"data":"Crippling Poison","floor":6.0,"key":"SMITH"},{"floor":8.0,"key":"REST"},{"data":"After Image","floor":15,"key":"SMITH"}],"neow_cost":"PERCENT_DAMAGE","seed_source_timestamp":629316199936900,"circlet_count":0,"master_deck":["AscendersBane","Defend_G","Defend_G","Defend_G","Defend_G","Defend_G","Strike_G","Strike_G","Strike_G","Strike_G","Strike_G","Survivor","Neutralize","Quick Slash","Deadly Poison","Bane","Backflip","Flying Knee","Crippling Poison+1","Deflect","Dodge and Roll+1","Parasite","Dodge and Roll+1","After Image+1"],"special_seed":0,"relics":["Ring of the Snake","Happy Flower","Toxic Egg 2","Unceasing Top","Torii"],"potions_floor_usage":[16],"damage_taken":[{"damage":2.0,"enemies":"Cultist","floor":1.0,"turns":5.0},{"damage":0.0,"enemies":"2 Louse","floor":3.0,"turns":2.0},{"damage":0.0,"enemies":"Small Slimes","floor":4.0,"turns":2.0},{"damage":12.0,"enemies":"2 Fungi Beasts","floor":5.0,"turns":4.0},{"damage":23.0,"enemies":"Gremlin Nob","floor":7.0,"turns":4.0},{"damage":24.0,"enemies":"Lagavulin","floor":10.0,"turns":6.0},{"damage":0,"enemies":"3 Louse","floor":13,"turns":4},{"damage":28,"enemies":"Gremlin Nob","floor":14,"turns":4},{"damage":13,"enemies":"Hexaghost","floor":16,"turns":9}],"seed_played":"-8207148812771352137","potions_obtained":[{"floor":1.0,"key":"LiquidBronze"},{"floor":3.0,"key":"FairyPotion"},{"floor":5.0,"key":"AttackPotion"},{"floor":13,"key":"Energy Potion"}],"is_trial":false,"path_per_floor":["M","$","M","M","M","R","E","R","T","E","?","?","M","E","R","B"],"character_chosen":"THE_SILENT","items_purchased":["Deadly Poison","Bane"],"campfire_rested":1,"item_purchase_floors":[2,2],"current_hp_per_floor":[54,54,54,54,42,42,19,42,42,18,18,37,37,9,9,0],"gold":193,"neow_bonus":"TWENTY_PERCENT_HP_BONUS","is_prod":false,"is_daily":false,"chose_seed":false,"campfire_upgraded":2,"win_rate":0,"timestamp":1557676155,"path_taken":["M","?","M","M","M","R","E","R","T","E","?","?","M","E","R","BOSS"],"build_version":"2019-01-23","purchased_purges":0,"victory":false,"max_hp_per_floor":[78,78,78,78,78,78,78,78,78,78,78,78,78,78,78,78],"card_choices":[{"not_picked":["Sucker Punch","Outmaneuver"],"picked":"Quick Slash","floor":1.0},{"not_picked":["Expertise","Endless Agony"],"picked":"Backflip","floor":3.0},{"not_picked":["Backflip","Heel Hook"],"picked":"Flying Knee","floor":4.0},{"not_picked":["Deadly Poison","Well Laid Plans"],"picked":"Crippling Poison","floor":5.0},{"not_picked":["Backflip","Night Terror"],"picked":"Deflect","floor":7.0},{"not_picked":["Reflex+1","Dagger Throw"],"picked":"Dodge and Roll+1","floor":10.0},{"not_picked":["Blade Dance+1","Prepared+1"],"picked":"Dodge and Roll+1","floor":13},{"not_picked":["Finisher","Flying Knee"],"picked":"After Image","floor":14}],"player_experience":5002979,"relics_obtained":[{"floor":7.0,"key":"Happy Flower"},{"floor":9.0,"key":"Toxic Egg 2"},{"floor":10.0,"key":"Unceasing Top"},{"floor":14,"key":"Torii"}],"event_choices":[{"damage_healed":0.0,"max_hp_gain":0.0,"max_hp_loss":0.0,"gold_gain":0.0,"event_name":"Liars Game","player_choice":"Ignored","floor":11.0,"gold_loss":0.0,"damage_taken":0.0},{"damage_healed":19,"gold_gain":0,"player_choice":"Healed and dodged fight","damage_taken":0,"max_hp_gain":0,"max_hp_loss":0,"event_name":"Mushrooms","floor":12,"gold_loss":0,"cards_obtained":["Parasite"]}],"is_beta":false,"boss_relics":[],"items_purged_floors":[],"is_endless":false,"potions_floor_spawned":[1,3,5,13,14],"killed_by":"Hexaghost","ascension_level":20}