{"gold_per_floor":[13,13,33,45,62,115,3,3,3,14,14,14,14,14,14,14],"floor_reached":16,"playtime":459,"items_purged":["Strike_G"],"score":184,"play_id":"f17b639a-ae06-4024-8fbf-d1e209f694ab","local_time":"20190404002806","is_ascension_mode":true,"campfire_choices":[{"data":"Tactician","floor":11,"key":"SMITH"},{"data":"Calculated Gamble","floor":13,"key":"SMITH"},{"data":"Magnetism","floor":15,"key":"SMITH"}],"neow_cost":"NO_GOLD","seed_source_timestamp":108144586608700,"circlet_count":0,"master_deck":["AscendersBane","Defend_G","Defend_G","Defend_G","Defend_G","Strike_G","Strike_G","Strike_G","Survivor","Neutralize","Dramatic Entrance","Magnetism+1","PiercingWail","Tactician+1","Dagger Throw","Backstab","Dagger Throw","Calculated Gamble+1","Escape Plan","Escape Plan"],"relics":["Ring of the Snake","Molten Egg 2","Golden Idol"],"potions_floor_usage":[16],"damage_taken":[{"damage":2,"enemies":"Jaw Worm","floor":1,"turns":6},{"damage":3,"enemies":"Cultist","floor":3,"turns":5},{"damage":10,"enemies":"Small Slimes","floor":4,"turns":3},{"damage":2,"enemies":"2 Fungi Beasts","floor":5,"turns":3},{"damage":7,"enemies":"Large Slime","floor":6,"turns":5},{"damage":1,"enemies":"Blue Slaver","floor":10,"turns":4},{"damage":18,"enemies":"Hexaghost","floor":16,"turns":11}],"seed_played":"-3614999166754396033","potions_obtained":[{"floor":5,"key":"SteroidPotion"},{"floor":10,"key":"SpeedPotion"}],"is_trial":false,"path_per_floor":["M","?","M","M","M","M","$","?","T","M","R","?","R","?","R","B"],"character_chosen":"THE_SILENT","items_purchased":["Escape Plan"],"campfire_rested":0,"item_purchase_floors":[7],"current_hp_per_floor":[57,57,54,44,42,35,35,35,35,34,34,39,39,15,15,0],"gold":14,"neow_bonus":"RANDOM_COLORLESS_2","is_prod":false,"is_daily":false,"chose_seed":false,"campfire_upgraded":3,"win_rate":0,"timestamp":1554305286,"path_taken":["M","?","M","M","?","M","?","?","T","M","R","?","R","?","R","BOSS"],"build_version":"2019-01-23","purchased_purges":1,"victory":false,"max_hp_per_floor":[66,66,66,66,66,66,66,66,66,66,66,71,71,71,71,71],"card_choices":[{"not_picked":["Blur","Bane"],"picked":"PiercingWail","floor":1},{"not_picked":["Quick Slash","Cloak And Dagger"],"picked":"Dagger Throw","floor":3},{"not_picked":["Choke","Prepared"],"picked":"Backstab","floor":4},{"not_picked":["Acrobatics","Dagger Spray"],"picked":"Dagger Throw","floor":5},{"not_picked":["Acrobatics","Infinite Blades"],"picked":"Calculated Gamble","floor":6},{"not_picked":["Dash+1","Cloak And Dagger"],"picked":"Escape Plan","floor":10}],"player_experience":4697756,"relics_obtained":[{"floor":9,"key":"Molten Egg 2"}],"event_choices":[{"damage_healed":0,"gold_gain":0,"cards_transformed":["Defend_G"],"player_choice":"Transformed","damage_taken":0,"max_hp_gain":0,"max_hp_loss":0,"event_name":"Transmorgrifier","floor":2,"gold_loss":0,"cards_obtained":["Tactician"]},{"cards_removed":["Strike_G"],"damage_healed":0,"gold_gain":0,"player_choice":"Forget","damage_taken":0,"max_hp_gain":0,"max_hp_loss":0,"event_name":"Living Wall","floor":8,"gold_loss":0},{"damage_healed":0,"gold_gain":0,"player_choice":"Donut","damage_taken":0,"max_hp_gain":5,"max_hp_loss":0,"event_name":"Big Fish","floor":12,"gold_loss":0},{"damage_healed":0,"gold_gain":0,"player_choice":"Take Damage","damage_taken":24,"relics_obtained":["Golden Idol"],"max_hp_gain":0,"max_hp_loss":0,"event_name":"Golden Idol","floor":14,"gold_loss":0}],"is_beta":false,"boss_relics":[],"items_purged_floors":[7],"is_endless":false,"potions_floor_spawned":[5,10],"killed_by":"Hexaghost","ascension_level":20}