{"gold_per_floor":[113,125,144,144,144,144,158,179,479,45,45,45,45,76,76,170,170,193,0,0,0],"floor_reached":21,"playtime":558,"items_purged":["Strike_B"],"score":354,"play_id":"99ae75a1-5833-44e9-a754-4742202bf662","local_time":"20190610014040","is_ascension_mode":true,"campfire_choices":[{"floor":6,"key":"REST"},{"floor":12,"key":"REST"},{"data":"Defragment","floor":15,"key":"SMITH"}],"neow_cost":"NONE","seed_source_timestamp":1224152448820200,"circlet_count":0,"master_deck":["AscendersBane","Strike_B","Strike_B","Strike_B","Defend_B","Defend_B+1","Defend_B","Defend_B","Zap","Dualcast","Beam Cell","Rebound","Conserve Battery","Streamline+1","Undo","Cold Snap","Defragment+1","Echo Form","Loop+1"],"relics":["Cracked Core","Girya","Golden Idol","Old Coin","Ice Cream","Gambling Chip","Philosopher\u0027s Stone"],"potions_floor_usage":[8,18],"damage_taken":[{"damage":6,"enemies":"2 Louse","floor":1,"turns":3},{"damage":5,"enemies":"Small Slimes","floor":2,"turns":3},{"damage":6,"enemies":"Jaw Worm","floor":3,"turns":4},{"damage":8,"enemies":"Blue Slaver","floor":7,"turns":4},{"damage":7,"enemies":"Exordium Thugs","floor":8,"turns":4},{"damage":11,"enemies":"3 Sentries","floor":14,"turns":8},{"damage":28,"enemies":"Slime Boss","floor":16,"turns":11},{"damage":22,"enemies":"2 Thieves","floor":18,"turns":4},{"damage":45,"enemies":"3 Byrds","floor":21,"turns":2}],"seed_played":"7495377905710029592","potions_obtained":[{"floor":3,"key":"Explosive Potion"},{"floor":16,"key":"AttackPotion"}],"is_trial":false,"path_per_floor":["M","M","M","?","?","R","M","M","T","$","?","R","?","E","R","B",null,"M","?","?","M"],"character_chosen":"DEFECT","items_purchased":["Ice Cream","Cold Snap"],"campfire_rested":2,"item_purchase_floors":[10,10],"current_hp_per_floor":[65,60,54,19,19,40,32,25,25,25,4,25,48,37,37,9,56,34,34,34,0],"gold":0,"neow_bonus":"TEN_PERCENT_HP_BONUS","is_prod":false,"is_daily":false,"chose_seed":false,"campfire_upgraded":1,"win_rate":0,"timestamp":1560098440,"path_taken":["M","M","M","?","?","R","M","M","T","$","?","R","?","E","R","BOSS","M","?","?","?"],"build_version":"2019-01-23","purchased_purges":1,"victory":false,"max_hp_per_floor":[78,78,78,78,71,71,71,71,71,71,71,71,71,71,71,71,71,71,71,71,71],"card_choices":[{"not_picked":["Steam Power","Stack"],"picked":"Beam Cell","floor":1},{"not_picked":["Stack","Steam"],"picked":"Rebound","floor":2},{"not_picked":["Double Energy","Lockon"],"picked":"Conserve Battery","floor":3},{"not_picked":["Conserve Battery","Compile Driver"],"picked":"Streamline","floor":7},{"not_picked":["Turbo","Rebound"],"picked":"Undo","floor":8},{"not_picked":["BootSequence","Reinforced Body"],"picked":"Defragment","floor":14},{"not_picked":["Seek","Multi-Cast"],"picked":"Echo Form","floor":16},{"not_picked":["Darkness","Compile Driver"],"picked":"Loop","floor":18}],"player_experience":5311921,"relics_obtained":[{"floor":9,"key":"Old Coin"},{"floor":14,"key":"Gambling Chip"}],"event_choices":[{"damage_healed":0,"gold_gain":0,"player_choice":"Success","damage_taken":35,"relics_obtained":["Girya"],"max_hp_gain":0,"max_hp_loss":0,"event_name":"Scrap Ooze","floor":4,"gold_loss":0},{"damage_healed":0,"gold_gain":0,"player_choice":"Lose Max HP","damage_taken":0,"relics_obtained":["Golden Idol"],"max_hp_gain":0,"max_hp_loss":7,"event_name":"Golden Idol","floor":5,"gold_loss":0},{"damage_healed":0,"gold_gain":0,"player_choice":"Entered Light","damage_taken":21,"max_hp_gain":0,"max_hp_loss":0,"event_name":"Shining Light","floor":11,"gold_loss":0,"cards_upgraded":["Streamline","Defend_B"]},{"damage_healed":23,"gold_gain":0,"player_choice":"Banana","damage_taken":0,"max_hp_gain":0,"max_hp_loss":0,"event_name":"Big Fish","floor":13,"gold_loss":0},{"damage_healed":0,"gold_gain":0,"player_choice":"Paid Fearfully","damage_taken":0,"max_hp_gain":0,"max_hp_loss":0,"event_name":"Masked Bandits","floor":19,"gold_loss":193},{"damage_healed":0,"gold_gain":0,"player_choice":"Upgraded","damage_taken":0,"max_hp_gain":0,"max_hp_loss":0,"event_name":"Upgrade Shrine","floor":20,"gold_loss":0,"cards_upgraded":["Loop"]}],"is_beta":false,"boss_relics":[{"not_picked":["Tiny House","Lizard Tail"],"picked":"Philosopher\u0027s Stone"}],"items_purged_floors":[10],"is_endless":false,"potions_floor_spawned":[3,16],"killed_by":"3 Byrds","ascension_level":20}