{"gold_per_floor":[19,19,31,46,65,98,118,118,144,144,144,167,178,205,205,280,280,297,297,297,247,261,290,290,304,372,405,405,11,40,40,40,112,112,131,131,151,37,37,62,62,95,95,95,95,122,122,142,142,142,142],"floor_reached":51,"playtime":1572,"items_purged":["Decay"],"score":1548,"play_id":"5a91d65b-9dcc-480f-993f-17f5f9a146c0","local_time":"20190701010802","is_ascension_mode":true,"campfire_choices":[{"data":"Neutralize","floor":8.0,"key":"SMITH"},{"floor":11.0,"key":"REST"},{"data":"Infinite Blades","floor":15.0,"key":"SMITH"},{"data":"Catalyst","floor":24.0,"key":"SMITH"},{"floor":28.0,"key":"REST"},{"data":"Deadly Poison","floor":32.0,"key":"SMITH"},{"data":"Well Laid Plans","floor":41.0,"key":"SMITH"},{"data":"Wraith Form v2","floor":44,"key":"SMITH"},{"floor":49,"key":"RECALL"}],"neow_cost":"NO_GOLD","seed_source_timestamp":1058972241479500,"circlet_count":0,"master_deck":["AscendersBane","Defend_G+1","Defend_G+1","Defend_G+1","Defend_G+1","Defend_G+1","Strike_G+1","Strike_G+1","Strike_G+1","Strike_G+1","Survivor","Neutralize+1","Dagger Spray+1","Dagger Throw+1","Dagger Spray+1","Heel Hook","Infinite Blades+1","Escape Plan","Deadly Poison+1","Malaise","Cloak And Dagger+1","Catalyst+1","Leg Sweep","Well Laid Plans+1","Deadly Poison+1","Wraith Form v2+1","Deadly Poison+1","Backflip","Acrobatics","Malaise","Backflip+1"],"special_seed":0,"relics":["Ring of the Snake","Mercury Hourglass","Orichalcum","Odd Mushroom","War Paint","Cursed Key","Strawberry","Boot","TwistedFunnel","Sundial","Eternal Feather","Centennial Puzzle","Whetstone","Bottled Tornado"],"potions_floor_usage":[50,50],"damage_taken":[{"damage":2.0,"enemies":"Small Slimes","floor":1.0,"turns":6.0},{"damage":0.0,"enemies":"2 Louse","floor":3.0,"turns":2.0},{"damage":1.0,"enemies":"Cultist","floor":4.0,"turns":4.0},{"damage":9.0,"enemies":"Blue Slaver","floor":5.0,"turns":3.0},{"damage":41.0,"enemies":"Gremlin Nob","floor":6.0,"turns":5.0},{"damage":5.0,"enemies":"Large Slime","floor":7.0,"turns":6.0},{"damage":0.0,"enemies":"The Mushroom Lair","floor":12.0,"turns":2.0},{"damage":4.0,"enemies":"Exordium Thugs","floor":13.0,"turns":3.0},{"damage":8.0,"enemies":"3 Sentries","floor":14.0,"turns":5.0},{"damage":16.0,"enemies":"Hexaghost","floor":16.0,"turns":9.0},{"damage":0.0,"enemies":"3 Byrds","floor":18.0,"turns":4.0},{"damage":0.0,"enemies":"Chosen","floor":22.0,"turns":4.0},{"damage":0.0,"enemies":"Gremlin Leader","floor":23.0,"turns":6.0},{"damage":19.0,"enemies":"Shelled Parasite and Fungi","floor":25.0,"turns":4.0},{"damage":27.0,"enemies":"Slavers","floor":27.0,"turns":5.0},{"damage":1.0,"enemies":"Gremlin Leader","floor":30.0,"turns":6.0},{"damage":30.0,"enemies":"Collector","floor":33.0,"turns":7.0},{"damage":5.0,"enemies":"Orb Walker","floor":35.0,"turns":4.0},{"damage":40.0,"enemies":"3 Darklings","floor":37.0,"turns":4.0},{"damage":44.0,"enemies":"Giant Head","floor":40.0,"turns":7.0},{"damage":15.0,"enemies":"Reptomancer","floor":42.0,"turns":4.0},{"damage":3,"enemies":"Nemesis","floor":46,"turns":5},{"damage":15,"enemies":"4 Shapes","floor":48,"turns":7},{"damage":32,"enemies":"Awakened One","floor":50,"turns":21},{"damage":31,"enemies":"Donu and Deca","floor":51,"turns":6}],"seed_played":"8730019050911868817","potions_obtained":[{"floor":4.0,"key":"SpeedPotion"},{"floor":5.0,"key":"PowerPotion"},{"floor":7.0,"key":"SkillPotion"},{"floor":14.0,"key":"EntropicBrew"},{"floor":18.0,"key":"Energy Potion"},{"floor":27.0,"key":"Weak Potion"},{"floor":46,"key":"FearPotion"},{"floor":48,"key":"Swift Potion"}],"is_trial":false,"path_per_floor":["M","?","M","M","M","E","M","R","T","?","R","?","M","E","R","B",null,"M","?","?","?","M","E","R","M","T","E","R","$","E","?","R","B",null,"M","?","M","$","?","E","R","E","T","R","T","E","?","M","R","B","B"],"character_chosen":"THE_SILENT","items_purchased":["Well Laid Plans","Deadly Poison","TwistedFunnel","Backflip","Swift Potion"],"campfire_rested":2,"item_purchase_floors":[29,29,29,38,38],"current_hp_per_floor":[69,74,74,73,64,23,18,18,18,18,42,42,38,30,30,14,66,66,66,66,66,66,73,73,54,54,27,54,54,53,53,53,23,73,68,68,28,28,74,30,48,33,33,51,51,48,48,33,51,19,0],"gold":142,"neow_bonus":"TWENTY_PERCENT_HP_BONUS","is_prod":false,"is_daily":false,"chose_seed":false,"campfire_upgraded":6,"win_rate":0,"timestamp":1561910882,"path_taken":["M","?","M","M","M","E","M","R","T","?","R","?","M","E","R","BOSS","M","?","?","?","?","E","R","M","T","E","R","$","E","?","R","BOSS","M","?","M","?","?","E","R","E","T","R","?","E","?","?","R","BOSS","BOSS"],"build_version":"2019-01-23","purchased_purges":1,"victory":false,"max_hp_per_floor":[78,83,83,83,83,83,83,83,83,83,83,83,83,83,83,83,83,83,83,83,83,83,90,90,90,90,90,90,90,90,90,90,90,90,90,90,90,90,74,74,74,74,74,74,74,74,74,74,74,74,74],"card_choices":[{"not_picked":["Reflex","Riddle With Holes"],"picked":"Dagger Spray","floor":1.0},{"not_picked":["Dodge and Roll","Flechettes"],"picked":"Dagger Throw","floor":3.0},{"not_picked":["Sucker Punch","Setup"],"picked":"Dagger Spray","floor":4.0},{"not_picked":["Slice","Reflex","Blade Dance"],"picked":"SKIP","floor":5.0},{"not_picked":["Outmaneuver","Blade Dance"],"picked":"Heel Hook","floor":6.0},{"not_picked":["Night Terror","Quick Slash"],"picked":"Infinite Blades","floor":7.0},{"not_picked":["Distraction","Finisher"],"picked":"Escape Plan","floor":12.0},{"not_picked":["Dodge and Roll","Flying Knee"],"picked":"Deadly Poison","floor":13.0},{"not_picked":["Finisher","Prepared","Bane"],"picked":"SKIP","floor":14.0},{"not_picked":["Finisher","Prepared","Bane"],"picked":"SKIP","floor":14.0},{"not_picked":["Adrenaline","A Thousand Cuts"],"picked":"Malaise","floor":16.0},{"not_picked":["Outmaneuver","Blade Dance"],"picked":"Cloak And Dagger","floor":18.0},{"not_picked":["PiercingWail","Quick Slash"],"picked":"Catalyst","floor":22.0},{"not_picked":["Dagger Throw","Bane","Expertise"],"picked":"SKIP","floor":23.0},{"not_picked":["Riddle With Holes","Expertise","Underhanded Strike"],"picked":"SKIP","floor":25.0},{"not_picked":["Blade Dance","Deflect"],"picked":"Leg Sweep","floor":27.0},{"not_picked":["Quick Slash","Bane","Deadly Poison"],"picked":"SKIP","floor":30.0},{"not_picked":["Die Die Die","Bullet Time"],"picked":"Wraith Form v2","floor":33.0},{"not_picked":["Poisoned Stab","Dagger Throw+1"],"picked":"Deadly Poison+1","floor":35.0},{"not_picked":["Accuracy","Sucker Punch","Bane"],"picked":"SKIP","floor":37.0},{"not_picked":["Deflect","Deadly Poison"],"picked":"Acrobatics","floor":40.0},{"not_picked":["Quick Slash+1","Skewer+1","Deadly Poison"],"picked":"SKIP","floor":42.0},{"not_picked":["Dodge and Roll","Blade Dance+1"],"picked":"Malaise","floor":46},{"not_picked":["Slice","All Out Attack"],"picked":"Backflip+1","floor":48}],"player_experience":5536476,"relics_obtained":[{"floor":6.0,"key":"Mercury Hourglass"},{"floor":9.0,"key":"Orichalcum"},{"floor":12.0,"key":"Odd Mushroom"},{"floor":14.0,"key":"War Paint"},{"floor":23.0,"key":"Strawberry"},{"floor":27.0,"key":"Boot"},{"floor":30.0,"key":"Sundial"},{"floor":40.0,"key":"Centennial Puzzle"},{"floor":42.0,"key":"Whetstone"},{"floor":46,"key":"Bottled Tornado"}],"event_choices":[{"damage_healed":0.0,"max_hp_gain":5.0,"max_hp_loss":0.0,"gold_gain":0.0,"event_name":"Big Fish","player_choice":"Donut","floor":2.0,"gold_loss":0.0,"damage_taken":0.0},{"damage_healed":0.0,"max_hp_gain":0.0,"max_hp_loss":0.0,"gold_gain":0.0,"event_name":"Dead Adventurer","player_choice":"Searched \u00270\u0027 times","floor":10.0,"gold_loss":0.0,"damage_taken":0.0},{"damage_healed":0.0,"max_hp_gain":0.0,"max_hp_loss":0.0,"gold_gain":0.0,"event_name":"Mushrooms","player_choice":"Fought Mushrooms","floor":12.0,"gold_loss":0.0,"damage_taken":0.0},{"damage_healed":0.0,"max_hp_gain":0.0,"max_hp_loss":0.0,"gold_gain":0.0,"event_name":"The Mausoleum","player_choice":"Ignored","floor":19.0,"gold_loss":0.0,"damage_taken":0.0},{"damage_healed":0.0,"max_hp_gain":0.0,"max_hp_loss":0.0,"gold_gain":0.0,"event_name":"Back to Basics","player_choice":"Simplicity","floor":20.0,"gold_loss":0.0,"damage_taken":0.0,"cards_upgraded":["Defend_G","Defend_G","Defend_G","Defend_G","Strike_G","Strike_G","Strike_G","Strike_G","Strike_G"]},{"damage_healed":0.0,"max_hp_gain":0.0,"max_hp_loss":0.0,"gold_gain":0.0,"event_name":"Designer","player_choice":"Upgraded Two","floor":21.0,"gold_loss":50.0,"damage_taken":0.0,"cards_upgraded":["Dagger Spray","Cloak And Dagger"]},{"damage_healed":0.0,"max_hp_gain":0.0,"max_hp_loss":0.0,"gold_gain":0.0,"event_name":"Beggar","player_choice":"Ignored","floor":31.0,"gold_loss":0.0,"damage_taken":0.0},{"damage_healed":0.0,"max_hp_gain":0.0,"max_hp_loss":0.0,"gold_gain":0.0,"event_name":"Mysterious Sphere","player_choice":"Ignored","floor":36.0,"gold_loss":0.0,"damage_taken":0.0},{"damage_healed":74.0,"max_hp_gain":0.0,"max_hp_loss":16.0,"gold_gain":0.0,"event_name":"The Moai Head","player_choice":"Heal","floor":39.0,"gold_loss":0.0,"damage_taken":0.0},{"cards_removed":["Strike_G"],"damage_healed":0,"gold_gain":0,"player_choice":"Removed Attack","damage_taken":0,"max_hp_gain":0,"max_hp_loss":0,"event_name":"Falling","floor":47,"gold_loss":0}],"is_beta":false,"boss_relics":[{"not_picked":["Calling Bell","Black Star"],"picked":"Cursed Key"},{"not_picked":["Tiny House","Runic Pyramid"],"picked":"Eternal Feather"}],"items_purged_floors":[29],"is_endless":false,"potions_floor_spawned":[4,5,7,14,18,22,27,40,46,48],"killed_by":"Donu and Deca","ascension_level":20}