{"gold_per_floor":[118,137,147,72,72,72,93,126,126,126,126,147,161,161,161,252,252,270,270,294,294,294,294,39,39,85,85,99,99,124,140,140,217,217,233,32,42,59,59,59,91,91,91,32,49,69,85,131,131,131,131],"floor_reached":51,"playtime":1222,"items_purged":["Decay"],"score":1469,"play_id":"bbf55982-df57-4d3c-b488-aaefe655419c","local_time":"20190514025346","is_ascension_mode":true,"campfire_choices":[{"floor":6.0,"key":"REST"},{"floor":10.0,"key":"REST"},{"floor":15.0,"key":"REST"},{"floor":27.0,"key":"REST"},{"floor":32.0,"key":"REST"},{"data":"Barricade","floor":40.0,"key":"SMITH"},{"data":"Perfected Strike","floor":42.0,"key":"SMITH"},{"floor":49.0,"key":"RECALL"}],"neow_cost":"NONE","seed_source_timestamp":721671336874700,"circlet_count":0,"master_deck":["AscendersBane","Strike_R","Strike_R","Strike_R","Strike_R","Strike_R","Defend_R","Defend_R","Defend_R","Defend_R","Bash+1","Perfected Strike","Ghostly Armor","Anger+1","Injury","Impervious","Pommel Strike","Wild Strike","Headbutt","Parasite","Wild Strike","Body Slam","Shrug It Off","Barricade+1","Necronomicurse","Bloodletting+1","Perfected Strike","Corruption","Shockwave","Decay","Pommel Strike","Sever Soul","Evolve","Shockwave","Perfected Strike","Bludgeon","Perfected Strike+1","Second Wind","Clothesline","Wild Strike","Perfected Strike","Reaper","Warcry+1","Feel No Pain+1"],"special_seed":0,"relics":["Calling Bell","Dream Catcher","Kunai","StoneCalendar","Bloody Idol","Bronze Scales","Mark of Pain","Necronomicon","Whetstone","Ornamental Fan","Eternal Feather","Centennial Puzzle","Question Card","Lantern","Frozen Egg 2","Du-Vu Doll"],"potions_floor_usage":[51],"damage_taken":[{"damage":17.0,"enemies":"Cultist","floor":1.0,"turns":4.0},{"damage":23.0,"enemies":"Small Slimes","floor":2.0,"turns":5.0},{"damage":3.0,"enemies":"2 Louse","floor":3.0,"turns":3.0},{"damage":2.0,"enemies":"Looter","floor":7.0,"turns":4.0},{"damage":32.0,"enemies":"Lagavulin","floor":8.0,"turns":7.0},{"damage":5.0,"enemies":"3 Louse","floor":12.0,"turns":3.0},{"damage":3.0,"enemies":"Blue Slaver","floor":13.0,"turns":4.0},{"damage":40.0,"enemies":"The Guardian","floor":16.0,"turns":11.0},{"damage":5.0,"enemies":"Chosen","floor":18.0,"turns":7.0},{"damage":26.0,"enemies":"Shell Parasite","floor":20.0,"turns":5.0},{"damage":11.0,"enemies":"Chosen and Byrds","floor":28.0,"turns":3.0},{"damage":32.0,"enemies":"Slavers","floor":30.0,"turns":4.0},{"damage":0.0,"enemies":"Snake Plant","floor":31.0,"turns":2.0},{"damage":22.0,"enemies":"Automaton","floor":33.0,"turns":8.0},{"damage":7.0,"enemies":"Orb Walker","floor":35.0,"turns":3.0},{"damage":29.0,"enemies":"3 Shapes","floor":37.0,"turns":7.0},{"damage":10.0,"enemies":"Sphere and 2 Shapes","floor":38.0,"turns":7.0},{"damage":12.0,"enemies":"Reptomancer","floor":41.0,"turns":2.0},{"damage":45.0,"enemies":"Spire Growth","floor":45.0,"turns":5.0},{"damage":2.0,"enemies":"3 Darklings","floor":46.0,"turns":6.0},{"damage":0.0,"enemies":"Writhing Mass","floor":47.0,"turns":2.0},{"damage":41.0,"enemies":"2 Orb Walkers","floor":48.0,"turns":4.0},{"damage":54.0,"enemies":"Time Eater","floor":50.0,"turns":7.0},{"damage":30,"enemies":"Donu and Deca","floor":51,"turns":5}],"seed_played":"8298188070106130716","potions_obtained":[{"floor":2.0,"key":"Swift Potion"},{"floor":3.0,"key":"Explosive Potion"},{"floor":13.0,"key":"Weak Potion"},{"floor":18.0,"key":"EssenceOfSteel"},{"floor":28.0,"key":"Poison Potion"},{"floor":30.0,"key":"Energy Potion"},{"floor":37.0,"key":"Block Potion"},{"floor":38.0,"key":"EssenceOfSteel"},{"floor":46.0,"key":"Weak Potion"},{"floor":47.0,"key":"EssenceOfSteel"}],"is_trial":false,"path_per_floor":["M","M","M","?","?","R","M","E","T","R","?","M","M","?","R","B",null,"M","?","M","?","$","?","$","?","T","R","M","?","E","M","R","B",null,"M","$","M","M","$","R","E","R","T","?","M","M","M","?","R","B","B"],"character_chosen":"IRONCLAD","items_purchased":["Perfected Strike","Corruption","Shockwave","Second Wind","Centennial Puzzle"],"campfire_rested":5,"item_purchase_floors":[24,24,24,36,36],"current_hp_per_floor":[51,28,25,25,25,47,45,13,13,35,53,48,45,50,74,34,69,64,43,17,33,33,33,33,33,38,62,56,56,29,34,58,41,70,68,68,44,39,39,60,53,77,77,77,37,40,45,33,57,29,0],"gold":131,"neow_bonus":"BOSS_RELIC","is_prod":false,"is_daily":false,"chose_seed":false,"campfire_upgraded":2,"win_rate":0,"timestamp":1557770026,"path_taken":["M","?","?","?","?","R","M","E","T","R","?","M","M","?","R","BOSS","M","?","M","?","?","?","$","?","T","R","?","?","E","M","R","BOSS","M","$","M","M","?","R","E","R","T","?","?","M","M","?","R","BOSS","BOSS"],"build_version":"2019-01-23","purchased_purges":1,"victory":false,"max_hp_per_floor":[75,75,75,75,75,75,75,75,75,75,75,75,75,80,80,80,80,80,80,80,80,80,80,80,80,80,80,80,80,80,80,80,80,80,80,80,80,80,80,80,80,80,80,80,80,80,80,80,80,80,80],"card_choices":[{"not_picked":["Twin Strike","Havoc"],"picked":"Perfected Strike","floor":1.0},{"not_picked":["Cleave","Infernal Blade"],"picked":"Ghostly Armor","floor":2.0},{"not_picked":["Entrench","Flex"],"picked":"Anger","floor":3.0},{"not_picked":["Bloodletting","Entrench"],"picked":"Impervious","floor":6.0},{"not_picked":["Havoc","Heavy Blade"],"picked":"Pommel Strike","floor":7.0},{"not_picked":["Flex","Body Slam"],"picked":"Wild Strike","floor":8.0},{"not_picked":["Intimidate","Iron Wave"],"picked":"Headbutt","floor":10.0},{"not_picked":["Clash","Armaments"],"picked":"Wild Strike","floor":12.0},{"not_picked":["Heavy Blade","Armaments"],"picked":"Body Slam","floor":13.0},{"not_picked":["Warcry","Heavy Blade"],"picked":"Shrug It Off","floor":15.0},{"not_picked":["Fiend Fire","Brutality"],"picked":"Barricade","floor":16.0},{"not_picked":["Thunderclap","Sword Boomerang","Flex"],"picked":"SKIP","floor":18.0},{"not_picked":["Thunderclap+1","Fire Breathing"],"picked":"Bloodletting+1","floor":20.0},{"not_picked":["Havoc","Body Slam"],"picked":"Pommel Strike","floor":27.0},{"not_picked":["Dark Embrace","Iron Wave+1"],"picked":"Sever Soul","floor":28.0},{"not_picked":["Anger","Flex"],"picked":"Evolve","floor":30.0},{"not_picked":["Armaments","Blood for Blood"],"picked":"Shockwave","floor":31.0},{"not_picked":["Uppercut","Warcry"],"picked":"Perfected Strike","floor":32.0},{"not_picked":["Dark Embrace","Barricade"],"picked":"Bludgeon","floor":33.0},{"not_picked":["Infernal Blade","Ghostly Armor+1"],"picked":"Perfected Strike","floor":35.0},{"not_picked":["True Grit","Heavy Blade","Warcry"],"picked":"SKIP","floor":37.0},{"not_picked":["Wild Strike","Shrug It Off"],"picked":"Clothesline","floor":38.0},{"not_picked":["Fiend Fire","Clash+1"],"picked":"Wild Strike","floor":41.0},{"not_picked":["Spot Weakness","Shrug It Off","Rampage"],"picked":"Perfected Strike","floor":45.0},{"not_picked":["Rage","Ghostly Armor","Iron Wave+1"],"picked":"Reaper","floor":46.0},{"not_picked":["Blood for Blood","Flame Barrier","Hemokinesis"],"picked":"Warcry+1","floor":47.0},{"not_picked":["Heavy Blade","Rupture+1","Infernal Blade"],"picked":"Feel No Pain+1","floor":48.0}],"player_experience":5018268,"relics_obtained":[{"floor":0.0,"key":"Dream Catcher"},{"floor":0.0,"key":"Kunai"},{"floor":0.0,"key":"StoneCalendar"},{"floor":8.0,"key":"Bronze Scales"},{"floor":19.0,"key":"Necronomicon"},{"floor":26.0,"key":"Whetstone"},{"floor":30.0,"key":"Ornamental Fan"},{"floor":41.0,"key":"Question Card"},{"floor":43.0,"key":"Lantern"},{"floor":48.0,"key":"Du-Vu Doll"}],"event_choices":[{"cards_removed":["Regret"],"damage_healed":0.0,"max_hp_gain":0.0,"max_hp_loss":0.0,"gold_gain":0.0,"event_name":"The Cleric","player_choice":"Card Removal","floor":4.0,"gold_loss":75.0,"damage_taken":0.0},{"damage_healed":0.0,"max_hp_gain":0.0,"max_hp_loss":0.0,"gold_gain":0.0,"event_name":"Golden Idol","player_choice":"Take Wound","floor":5.0,"gold_loss":0.0,"damage_taken":0.0,"relics_obtained":["Golden Idol"],"cards_obtained":["Injury"]},{"damage_healed":18.0,"max_hp_gain":0.0,"max_hp_loss":0.0,"gold_gain":0.0,"event_name":"Mushrooms","player_choice":"Healed and dodged fight","floor":11.0,"gold_loss":0.0,"damage_taken":0.0,"cards_obtained":["Parasite"]},{"damage_healed":0.0,"max_hp_gain":5.0,"max_hp_loss":0.0,"gold_gain":0.0,"event_name":"Big Fish","player_choice":"Donut","floor":14.0,"gold_loss":0.0,"damage_taken":0.0},{"damage_healed":0.0,"max_hp_gain":0.0,"max_hp_loss":0.0,"gold_gain":0.0,"event_name":"Cursed Tome","player_choice":"Obtained Book","floor":19.0,"gold_loss":0.0,"damage_taken":21.0},{"damage_healed":16.0,"max_hp_gain":0.0,"max_hp_loss":0.0,"gold_gain":0.0,"event_name":"The Library","player_choice":"Heal","floor":21.0,"gold_loss":0.0,"damage_taken":0.0},{"damage_healed":0.0,"max_hp_gain":0.0,"max_hp_loss":0.0,"gold_gain":0.0,"event_name":"Forgotten Altar","player_choice":"Gave Idol","floor":23.0,"relics_lost":["Golden Idol"],"gold_loss":0.0,"damage_taken":0.0,"relics_obtained":["Bloody Idol"]},{"damage_healed":0.0,"max_hp_gain":0.0,"max_hp_loss":0.0,"gold_gain":0.0,"event_name":"Wheel of Change","player_choice":"Cursed","floor":25.0,"gold_loss":0.0,"damage_taken":0.0,"cards_obtained":["Decay"]},{"cards_removed":["Doubt"],"damage_healed":0.0,"max_hp_gain":0.0,"max_hp_loss":0.0,"gold_gain":0.0,"event_name":"Purifier","player_choice":"Purged","floor":29.0,"gold_loss":0.0,"damage_taken":0.0},{"damage_healed":0.0,"max_hp_gain":0.0,"max_hp_loss":0.0,"gold_gain":0.0,"event_name":"WeMeetAgain","player_choice":"Paid Gold","floor":44.0,"gold_loss":59.0,"damage_taken":0.0,"relics_obtained":["Frozen Egg 2"]},{"damage_healed":0.0,"max_hp_gain":0.0,"max_hp_loss":0.0,"gold_gain":0.0,"event_name":"Mysterious Sphere","player_choice":"Fight","floor":48.0,"gold_loss":0.0,"damage_taken":0.0}],"is_beta":false,"boss_relics":[{"not_picked":["Ectoplasm","Empty Cage"],"picked":"Mark of Pain"},{"not_picked":["Lizard Tail","Philosopher\u0027s Stone"],"picked":"Eternal Feather"}],"items_purged_floors":[24],"is_endless":false,"potions_floor_spawned":[2,3,13,18,28,30,31,37,38,41,46,47],"killed_by":"Donu and Deca","ascension_level":20}