{"gold_per_floor":[112,37,49,199,10,45,45,71,125,154,154,154,165,240,240,313,313,325,325,375,385,385,414,74,101,127,142,154,154,40,40,40,116,116,127,127,2,2,13,13,40,59,113,146,246,246,261,274,274,274,274,274,274,54,79,79],"floor_reached":56,"playtime":1850,"items_purged":["Doubt","Strike_R","Strike_R"],"score":2118,"play_id":"b0767a0d-5b5c-4879-8d09-e03dcdc74479","local_time":"20190617011001","is_ascension_mode":true,"campfire_choices":[{"data":"Armaments","floor":7.0,"key":"SMITH"},{"data":"Deep Breath","floor":11.0,"key":"SMITH"},{"data":"Battle Trance","floor":15.0,"key":"SMITH"},{"floor":32.0,"key":"REST"},{"floor":40.0,"key":"RECALL"},{"data":"Body Slam","floor":46.0,"key":"SMITH"},{"data":"Bash","floor":49.0,"key":"SMITH"},{"floor":53.0,"key":"REST"}],"neow_cost":"","seed_source_timestamp":195318243560400,"circlet_count":0,"master_deck":["AscendersBane","Defend_R","Defend_R","Defend_R","Defend_R","Bash+1","Carnage","Armaments+1","Deep Breath+1","Blood for Blood","Whirlwind","Power Through","Battle Trance+1","Feed","Combust","Spot Weakness","Body Slam+1","Shrug It Off","Impervious","Dark Shackles","Burning Pact+1","Sentinel","Deep Breath+1"],"special_seed":0,"relics":["Burning Blood","Sundial","Pocketwatch","Mercury Hourglass","Oddly Smooth Stone","PreservedInsect","Tiny Chest","Juzu Bracelet","Runic Dome","Shuriken","Bag of Preparation","Art of War","Centennial Puzzle","Charon\u0027s Ashes","Busted Crown","Orichalcum","Ancient Tea Set","Bronze Scales","Dead Branch","DollysMirror","Nunchaku"],"potions_floor_usage":[56],"damage_taken":[{"damage":3.0,"enemies":"2 Louse","floor":1.0,"turns":3.0},{"damage":7.0,"enemies":"Small Slimes","floor":3.0,"turns":2.0},{"damage":20.0,"enemies":"3 Sentries","floor":6.0,"turns":9.0},{"damage":2.0,"enemies":"Lagavulin","floor":8.0,"turns":6.0},{"damage":8.0,"enemies":"3 Sentries","floor":10.0,"turns":4.0},{"damage":0.0,"enemies":"Cultist","floor":13.0,"turns":3.0},{"damage":0.0,"enemies":"The Guardian","floor":16.0,"turns":13.0},{"damage":3.0,"enemies":"Shell Parasite","floor":18.0,"turns":4.0},{"damage":1.0,"enemies":"Spheric Guardian","floor":21.0,"turns":4.0},{"damage":27.0,"enemies":"Gremlin Leader","floor":23.0,"turns":4.0},{"damage":20.0,"enemies":"Slavers","floor":25.0,"turns":2.0},{"damage":9.0,"enemies":"Centurion and Healer","floor":27.0,"turns":4.0},{"damage":8.0,"enemies":"Snake Plant","floor":28.0,"turns":3.0},{"damage":31.0,"enemies":"Champ","floor":33.0,"turns":9.0},{"damage":0.0,"enemies":"Orb Walker","floor":35.0,"turns":3.0},{"damage":5.0,"enemies":"3 Shapes","floor":39.0,"turns":3.0},{"damage":1.0,"enemies":"Giant Head","floor":41.0,"turns":5.0},{"damage":0.0,"enemies":"Jaw Worm Horde","floor":42.0,"turns":1.0},{"damage":0.0,"enemies":"Nemesis","floor":44.0,"turns":3.0},{"damage":4.0,"enemies":"Mind Bloom Boss Battle","floor":45.0,"turns":7.0},{"damage":6.0,"enemies":"Writhing Mass","floor":47.0,"turns":3.0},{"damage":0.0,"enemies":"4 Shapes","floor":48.0,"turns":3.0},{"damage":54.0,"enemies":"Awakened One","floor":50.0,"turns":10.0},{"damage":51.0,"enemies":"Donu and Deca","floor":51.0,"turns":7.0},{"damage":53.0,"enemies":"Shield and Spear","floor":55.0,"turns":6.0},{"damage":66,"enemies":"The Heart","floor":56,"turns":2}],"seed_played":"2591659078748557842","potions_obtained":[{"floor":1.0,"key":"FearPotion"},{"floor":8.0,"key":"AttackPotion"},{"floor":23.0,"key":"BloodPotion"},{"floor":33.0,"key":"Block Potion"},{"floor":35.0,"key":"Energy Potion"},{"floor":42.0,"key":"Fire Potion"},{"floor":45.0,"key":"Weak Potion"},{"floor":48.0,"key":"FearPotion"},{"floor":55.0,"key":"LiquidBronze"}],"is_trial":true,"path_per_floor":["M","?","M","?","$","E","R","E","T","E","R","?","M","?","R","B",null,"M","?","?","M","T","E","$","E","T","M","M","T","$","$","R","B",null,"M","?","$","?","M","R","E","M","T","E","?","R","M","M","R","B","B",null,"R","$","E","B"],"character_chosen":"IRONCLAD","items_purchased":["Armaments","Deep Breath","Combust","Bag of Preparation","Body Slam","Shrug It Off","DollysMirror"],"campfire_rested":2,"item_purchase_floors":[5,5,24,24,30,30,54],"current_hp_per_floor":[71,71,70,70,70,56,56,60,60,58,58,58,64,53,53,59,71,78,78,71,76,76,55,55,48,48,45,43,43,43,43,66,45,74,80,70,70,70,74,74,83,89,89,94,98,98,98,101,101,53,8,78,101,101,58,0],"gold":79,"neow_bonus":"","is_prod":false,"is_daily":false,"chose_seed":false,"campfire_upgraded":5,"win_rate":0,"timestamp":1560701401,"path_taken":["M","?","M","?","$","E","R","E","T","E","R","?","M","?","R","BOSS","M","?","?","M","?","E","$","E","T","M","M","?","?","$","R","BOSS","M","?","$","?","M","R","E","M","T","E","?","R","M","M","R","BOSS","BOSS","R","$","E","BOSS"],"build_version":"2019-01-23","purchased_purges":3,"victory":false,"max_hp_per_floor":[75,75,75,75,75,75,75,75,75,75,75,75,75,75,75,75,75,79,79,79,79,79,79,79,79,79,79,79,79,79,79,79,83,83,83,83,83,83,86,86,90,90,90,94,98,98,98,101,101,101,101,101,101,101,105,105],"card_choices":[{"not_picked":["Thunderclap","Metallicize","Infernal Blade"],"picked":"SKIP","floor":1.0},{"not_picked":["Hemokinesis","Iron Wave"],"picked":"Carnage","floor":3.0},{"not_picked":["Feel No Pain","Anger"],"picked":"Blood for Blood","floor":6.0},{"not_picked":["Wild Strike","Clothesline"],"picked":"Whirlwind","floor":8.0},{"not_picked":["Spot Weakness","Carnage"],"picked":"Power Through","floor":10.0},{"not_picked":["Pommel Strike","Searing Blow"],"picked":"Battle Trance","floor":13.0},{"not_picked":["Juggernaut","Demon Form"],"picked":"Feed","floor":16.0},{"not_picked":["Infernal Blade","Flex","Havoc"],"picked":"SKIP","floor":18.0},{"not_picked":["Cleave","Armaments","Thunderclap"],"picked":"SKIP","floor":21.0},{"not_picked":["Cleave","Sword Boomerang","Headbutt"],"picked":"SKIP","floor":23.0},{"not_picked":["Whirlwind","Metallicize"],"picked":"Spot Weakness","floor":25.0},{"not_picked":["Thunderclap","Perfected Strike","Clash+1"],"picked":"SKIP","floor":27.0},{"not_picked":["Anger","Spot Weakness","Clash"],"picked":"SKIP","floor":28.0},{"not_picked":["Immolate","Berserk"],"picked":"Impervious","floor":33.0},{"not_picked":["Warcry"],"picked":"SKIP","floor":35.0},{"not_picked":[],"picked":"Dark Shackles","floor":36.0},{"not_picked":[],"picked":"Burning Pact+1","floor":39.0},{"not_picked":["Inflame"],"picked":"SKIP","floor":41.0},{"not_picked":["Warcry"],"picked":"SKIP","floor":42.0},{"not_picked":["Hemokinesis+1"],"picked":"SKIP","floor":44.0},{"not_picked":[],"picked":"Sentinel","floor":45.0},{"not_picked":["Shrug It Off"],"picked":"SKIP","floor":47.0},{"not_picked":["Rage"],"picked":"SKIP","floor":48.0},{"not_picked":["Anger"],"picked":"SKIP","floor":55.0}],"player_experience":5381934,"relics_obtained":[{"floor":6.0,"key":"Oddly Smooth Stone"},{"floor":8.0,"key":"PreservedInsect"},{"floor":9.0,"key":"Tiny Chest"},{"floor":10.0,"key":"Juzu Bracelet"},{"floor":23.0,"key":"Shuriken"},{"floor":25.0,"key":"Art of War"},{"floor":26.0,"key":"Centennial Puzzle"},{"floor":29.0,"key":"Charon\u0027s Ashes"},{"floor":41.0,"key":"Orichalcum"},{"floor":43.0,"key":"Ancient Tea Set"},{"floor":44.0,"key":"Bronze Scales"},{"floor":45.0,"key":"Dead Branch"},{"floor":55.0,"key":"Nunchaku"}],"event_choices":[{"cards_removed":["Strike_R"],"damage_healed":0.0,"max_hp_gain":0.0,"max_hp_loss":0.0,"gold_gain":0.0,"event_name":"The Cleric","player_choice":"Card Removal","floor":2.0,"gold_loss":75.0,"damage_taken":0.0},{"damage_healed":0.0,"max_hp_gain":0.0,"max_hp_loss":0.0,"gold_gain":150.0,"event_name":"Liars Game","player_choice":"AGREE","floor":4.0,"gold_loss":0.0,"damage_taken":0.0,"cards_obtained":["Doubt"]},{"cards_removed":["Strike_R"],"damage_healed":0.0,"max_hp_gain":0.0,"max_hp_loss":0.0,"gold_gain":0.0,"event_name":"Purifier","player_choice":"Purged","floor":12.0,"gold_loss":0.0,"damage_taken":0.0},{"damage_healed":0.0,"max_hp_gain":0.0,"max_hp_loss":0.0,"gold_gain":75.0,"event_name":"World of Goop","player_choice":"Gather Gold","floor":14.0,"gold_loss":0.0,"damage_taken":11.0},{"damage_healed":0.0,"max_hp_gain":0.0,"max_hp_loss":0.0,"gold_gain":0.0,"event_name":"Match and Keep!","player_choice":"0 cards matched","floor":19.0,"gold_loss":0.0,"damage_taken":0.0,"cards_obtained":[]},{"damage_healed":0.0,"max_hp_gain":0.0,"max_hp_loss":0.0,"gold_gain":50.0,"event_name":"FaceTrader","player_choice":"Touch","floor":20.0,"gold_loss":0.0,"damage_taken":7.0},{"damage_healed":0.0,"max_hp_gain":0.0,"max_hp_loss":0.0,"gold_gain":0.0,"event_name":"SensoryStone","player_choice":"Memory 3","floor":36.0,"gold_loss":0.0,"damage_taken":10.0},{"cards_removed":["Strike_R"],"damage_healed":0.0,"max_hp_gain":0.0,"max_hp_loss":0.0,"gold_gain":0.0,"event_name":"Falling","player_choice":"Removed Attack","floor":38.0,"gold_loss":0.0,"damage_taken":0.0},{"damage_healed":0.0,"max_hp_gain":0.0,"max_hp_loss":0.0,"gold_gain":0.0,"event_name":"MindBloom","player_choice":"Fight","floor":45.0,"gold_loss":0.0,"damage_taken":0.0}],"is_beta":false,"boss_relics":[{"not_picked":["Runic Cube","Snecko Eye"],"picked":"Runic Dome"},{"not_picked":["Eternal Feather","Black Blood"],"picked":"Busted Crown"}],"items_purged_floors":[5,24,37],"is_endless":false,"potions_floor_spawned":[1,8,10,23,33,35,42,45,48,55],"killed_by":"The Heart","ascension_level":20}