{"gold_per_floor":[115,129,139,154,169,184,184,212,212,240,255,280,355,389,389,463,463,481,531,548,748,760,786,786,818,818,818,349,382,382,392,392,471,471,484,484,498,512,462,490,506,506,506,534,549,566,666,684,684,684,684,684,684,66,92,92],"floor_reached":57,"playtime":2629,"items_purged":["Doubt"],"score":3762,"play_id":"316f5b34-d91e-4b70-9686-7940aad1c36b","local_time":"20190410000154","is_ascension_mode":true,"campfire_choices":[{"data":"Finisher","floor":7.0,"key":"SMITH"},{"data":"Acrobatics","floor":15.0,"key":"SMITH"},{"data":"Calculated Gamble","floor":24.0,"key":"SMITH"},{"data":"Tactician","floor":27.0,"key":"SMITH"},{"data":"Expertise","floor":30.0,"key":"SMITH"},{"data":"Backflip","floor":32.0,"key":"SMITH"},{"data":"Prepared","floor":42,"key":"SMITH"},{"floor":49,"key":"RECALL"},{"data":"Blur","floor":53,"key":"SMITH"}],"neow_cost":"","seed_source_timestamp":0,"circlet_count":0,"master_deck":["Distraction+1","Distraction+1","Distraction+1","Infernal Blade+1","Infernal Blade+1","Infernal Blade+1","White Noise+1","White Noise+1","White Noise+1","Backflip+1","Finisher+1","PiercingWail","After Image","Acrobatics+1","Calculated Gamble+1","Backflip+1","Tactician+1","Expertise+1","Grand Finale+1","Eviscerate+1","Prepared+1","Blur+1","PiercingWail+1","Well Laid Plans+1"],"special_seed":0,"relics":["Ring of the Snake","Frozen Eye","Meat on the Bone","Pantograph","Bottled Tornado","Dodecahedron","Paper Crane","Sozu","Anchor","Whetstone","Ornamental Fan","Medical Kit","PreservedInsect","Darkstone Periapt","Cursed Key","Kunai","Snake Skull","Turnip","Mango","Toy Ornithopter","Sundial"],"potions_floor_usage":[56],"damage_taken":[{"damage":1.0,"enemies":"Cultist","floor":1.0,"turns":3.0},{"damage":7.0,"enemies":"Small Slimes","floor":2.0,"turns":2.0},{"damage":0.0,"enemies":"Jaw Worm","floor":3.0,"turns":1.0},{"damage":0.0,"enemies":"Exordium Thugs","floor":4.0,"turns":2.0},{"damage":0.0,"enemies":"Lots of Slimes","floor":5.0,"turns":1.0},{"damage":2.0,"enemies":"Blue Slaver","floor":6.0,"turns":2.0},{"damage":0.0,"enemies":"Lagavulin","floor":8.0,"turns":4.0},{"damage":0.0,"enemies":"Gremlin Nob","floor":10.0,"turns":2.0},{"damage":0.0,"enemies":"Gremlin Gang","floor":11.0,"turns":3.0},{"damage":5.0,"enemies":"Lagavulin","floor":12.0,"turns":5.0},{"damage":0.0,"enemies":"3 Sentries","floor":14.0,"turns":3.0},{"damage":0.0,"enemies":"Hexaghost","floor":16.0,"turns":6.0},{"damage":0.0,"enemies":"Spheric Guardian","floor":18.0,"turns":1.0},{"damage":0.0,"enemies":"Chosen","floor":20.0,"turns":2.0},{"damage":0.0,"enemies":"Shelled Parasite and Fungi","floor":22.0,"turns":3.0},{"damage":0.0,"enemies":"Book of Stabbing","floor":23.0,"turns":3.0},{"damage":0.0,"enemies":"Gremlin Leader","floor":25.0,"turns":3.0},{"damage":0.0,"enemies":"Slavers","floor":29.0,"turns":1.0},{"damage":0.0,"enemies":"Centurion and Healer","floor":31.0,"turns":1.0},{"damage":0,"enemies":"Automaton","floor":33,"turns":2},{"damage":0,"enemies":"3 Darklings","floor":35,"turns":1},{"damage":0,"enemies":"3 Shapes","floor":37,"turns":1},{"damage":0,"enemies":"Sphere and 2 Shapes","floor":38,"turns":2},{"damage":0,"enemies":"Reptomancer","floor":40,"turns":2},{"damage":0,"enemies":"Writhing Mass","floor":41,"turns":1},{"damage":0,"enemies":"Nemesis","floor":44,"turns":3},{"damage":0,"enemies":"4 Shapes","floor":45,"turns":3},{"damage":0,"enemies":"Maw","floor":46,"turns":3},{"damage":0,"enemies":"Mind Bloom Boss Battle","floor":47,"turns":3},{"damage":0,"enemies":"Sphere and 2 Shapes","floor":48,"turns":1},{"damage":0,"enemies":"Time Eater","floor":50,"turns":10},{"damage":0,"enemies":"Awakened One","floor":51,"turns":5},{"damage":0,"enemies":"Shield and Spear","floor":55,"turns":2},{"damage":0,"enemies":"The Heart","floor":56,"turns":7}],"seed_played":"-5778404040131407514","potions_obtained":[{"floor":2.0,"key":"GamblersBrew"},{"floor":6.0,"key":"Block Potion"},{"floor":16.0,"key":"SpeedPotion"}],"is_trial":true,"path_per_floor":["M","M","M","M","M","M","R","E","T","E","M","E","?","E","R","B",null,"M","?","M","?","M","E","R","E","T","R","$","E","R","M","R","B",null,"M","$","M","M","?","E","M","R","T","E","M","M","?","M","R","B","B",null,"R","$","E","B",null],"character_chosen":"THE_SILENT","items_purchased":["Medical Kit","Expertise","PreservedInsect","Mango","Toy Ornithopter"],"campfire_rested":0,"item_purchase_floors":[28,28,28,54,54],"current_hp_per_floor":[58,51,51,51,51,49,49,49,49,49,49,44,33,45,45,66,66,66,66,66,66,66,66,66,66,66,66,66,66,66,66,66,66,66,66,66,66,66,66,66,66,66,72,72,72,72,72,72,72,72,72,72,72,86,86,86],"gold":92,"neow_bonus":"","is_prod":false,"is_daily":false,"chose_seed":false,"campfire_upgraded":8,"win_rate":0,"timestamp":1554822114,"path_taken":["M","M","?","M","M","M","R","E","T","E","M","E","?","E","R","BOSS","M","?","M","?","?","E","R","E","T","R","?","E","R","M","R","BOSS","M","$","M","M","?","E","M","R","T","E","?","M","?","M","R","BOSS","BOSS","R","$","E","BOSS"],"build_version":"2019-01-23","purchased_purges":1,"victory":true,"max_hp_per_floor":[66,66,66,66,66,66,66,66,66,66,66,66,66,66,66,66,66,66,66,66,66,66,66,66,66,66,66,66,66,66,66,66,66,66,66,66,66,66,66,66,66,66,72,72,72,72,72,72,72,72,72,72,72,86,86,86],"card_choices":[{"not_picked":["Flying Knee","Deadly Poison"],"picked":"Backflip","floor":1.0},{"not_picked":["PiercingWail","Flying Knee","Dagger Spray"],"picked":"SKIP","floor":2.0},{"not_picked":["Deadly Poison","Prepared"],"picked":"Finisher","floor":3.0},{"not_picked":["Blur","PiercingWail","Flying Knee"],"picked":"SKIP","floor":4.0},{"not_picked":["Quick Slash","All Out Attack"],"picked":"PiercingWail","floor":5.0},{"not_picked":["Poisoned Stab","Heel Hook","All Out Attack"],"picked":"SKIP","floor":6.0},{"not_picked":["Deflect","Cloak And Dagger"],"picked":"After Image","floor":8.0},{"not_picked":["Terror","Slice"],"picked":"Acrobatics","floor":10.0},{"not_picked":["PiercingWail","Dagger Throw","Dagger Spray"],"picked":"SKIP","floor":11.0},{"not_picked":["Outmaneuver","Well Laid Plans","Calculated Gamble"],"picked":"SKIP","floor":12.0},{"not_picked":["Outmaneuver","Well Laid Plans"],"picked":"Calculated Gamble","floor":12.0},{"not_picked":["Bullet Time","Acrobatics","Deadly Poison"],"picked":"SKIP","floor":14.0},{"not_picked":["Bane+1","Finisher","Dagger Spray"],"picked":"SKIP","floor":18.0},{"not_picked":["Endless Agony","Footwork","Deflect+1"],"picked":"SKIP","floor":20.0},{"not_picked":["Footwork","Underhanded Strike"],"picked":"Backflip+1","floor":22.0},{"not_picked":["Dodge and Roll+1","All Out Attack"],"picked":"Tactician","floor":23.0},{"not_picked":["Backstab+1","Dodge and Roll","Caltrops"],"picked":"SKIP","floor":25.0},{"not_picked":["Tactician","Deadly Poison","Quick Slash+1"],"picked":"SKIP","floor":29.0},{"not_picked":["Finisher","Underhanded Strike+1","Leg Sweep"],"picked":"SKIP","floor":31.0},{"not_picked":["Bullet Time","Malaise"],"picked":"Grand Finale","floor":33},{"not_picked":["Quick Slash","Blur"],"picked":"Eviscerate+1","floor":35},{"not_picked":["PiercingWail","Slice","Blade Dance"],"picked":"SKIP","floor":37},{"not_picked":["Heel Hook","Blade Dance","Bullet Time"],"picked":"SKIP","floor":38},{"not_picked":["Backflip","Skewer"],"picked":"Prepared","floor":40},{"not_picked":["Noxious Fumes+1","Bane","Deadly Poison"],"picked":"SKIP","floor":41},{"not_picked":["Slice","Corpse Explosion"],"picked":"Blur","floor":44},{"not_picked":["Acrobatics","Dodge and Roll","Deadly Poison"],"picked":"SKIP","floor":45},{"not_picked":["Backflip","Blade Dance+1"],"picked":"PiercingWail+1","floor":46},{"not_picked":["Finisher","Acrobatics","Underhanded Strike+1"],"picked":"SKIP","floor":48},{"not_picked":["Well Laid Plans+1","Dagger Spray","Backflip"],"picked":"SKIP","floor":55},{"not_picked":["Dagger Spray","Backflip"],"picked":"Well Laid Plans+1","floor":55}],"player_experience":4737253,"relics_obtained":[{"floor":8.0,"key":"Meat on the Bone"},{"floor":9.0,"key":"Pantograph"},{"floor":10.0,"key":"Bottled Tornado"},{"floor":12.0,"key":"Dodecahedron"},{"floor":14.0,"key":"Paper Crane"},{"floor":23.0,"key":"Anchor"},{"floor":25.0,"key":"Whetstone"},{"floor":26.0,"key":"Ornamental Fan"},{"floor":29.0,"key":"Darkstone Periapt"},{"floor":40,"key":"Kunai"},{"floor":44,"key":"Snake Skull"},{"floor":47,"key":"Turnip"},{"floor":55,"key":"Sundial"}],"event_choices":[{"damage_healed":0.0,"max_hp_gain":0.0,"max_hp_loss":0.0,"gold_gain":75.0,"event_name":"World of Goop","player_choice":"Gather Gold","floor":13.0,"gold_loss":0.0,"damage_taken":11.0},{"damage_healed":0.0,"max_hp_gain":0.0,"max_hp_loss":0.0,"gold_gain":50.0,"event_name":"Nest","player_choice":"Stole From Cult","floor":19.0,"gold_loss":0.0,"damage_taken":0.0},{"damage_healed":0.0,"max_hp_gain":0.0,"max_hp_loss":0.0,"gold_gain":250.0,"event_name":"The Joust","player_choice":"Bet on Owner","floor":21.0,"gold_loss":50.0,"damage_taken":0.0},{"damage_healed":0,"gold_gain":0,"player_choice":"Upgrade","damage_taken":0,"max_hp_gain":0,"max_hp_loss":0,"event_name":"Designer","floor":39,"gold_loss":50,"cards_upgraded":["Grand Finale"]},{"damage_healed":0,"gold_gain":0,"player_choice":"Fight","damage_taken":0,"max_hp_gain":0,"max_hp_loss":0,"event_name":"MindBloom","floor":47,"gold_loss":0}],"is_beta":false,"boss_relics":[{"not_picked":["Ring of the Serpent","Ectoplasm"],"picked":"Sozu"},{"not_picked":["Eternal Feather","White Beast Statue"],"picked":"Cursed Key"}],"items_purged_floors":[54],"is_endless":false,"potions_floor_spawned":[2,6,10,14,16,23,25,31,35,37,41,46,47],"ascension_level":20}