{"gold_per_floor":[119,119,139,139,54,89,89,89,89,106,140,140,158,77,77,77],"floor_reached":16,"playtime":299,"items_purged":["Strike_R"],"score":216,"play_id":"fa026800-cc3b-4213-b93c-31d63b88ff53","local_time":"20190422023036","is_ascension_mode":true,"campfire_choices":[{"data":"Wild Strike","floor":8.0,"key":"SMITH"},{"data":"True Grit","floor":15.0,"key":"SMITH"}],"neow_cost":"PERCENT_DAMAGE","seed_source_timestamp":84267641077800,"circlet_count":0,"master_deck":["AscendersBane","Strike_R","Defend_R","Defend_R","Defend_R","Defend_R","Bash","Reckless Charge","Wild Strike+1","Shockwave","Second Wind","Evolve","Battle Trance","True Grit+1"],"special_seed":0,"relics":["Burning Blood","Dead Branch","The Courier","Bronze Scales"],"potions_floor_usage":[16],"damage_taken":[{"damage":0.0,"enemies":"Small Slimes","floor":1.0,"turns":2.0},{"damage":0.0,"enemies":"2 Louse","floor":3.0,"turns":2.0},{"damage":24.0,"enemies":"Gremlin Nob","floor":6.0,"turns":4.0},{"damage":7.0,"enemies":"Jaw Worm","floor":10.0,"turns":4.0},{"damage":31.0,"enemies":"Lagavulin","floor":11.0,"turns":7.0},{"damage":4.0,"enemies":"Red Slaver","floor":13.0,"turns":2.0},{"damage":21,"enemies":"The Guardian","floor":16,"turns":6}],"seed_played":"-5315568166123113725","potions_obtained":[{"floor":1.0,"key":"GamblersBrew"},{"floor":10.0,"key":"LiquidBronze"},{"floor":13.0,"key":"SpeedPotion"}],"is_trial":false,"path_per_floor":["M","?","M","?","$","E","?","R","T","M","E","?","M","$","R","B"],"character_chosen":"IRONCLAD","items_purchased":["Second Wind","True Grit"],"campfire_rested":0,"item_purchase_floors":[5,14],"current_hp_per_floor":[56,56,62,62,62,44,44,44,44,43,18,18,20,20,20,0],"gold":77,"neow_bonus":"TRANSFORM_TWO_CARDS","is_prod":false,"is_daily":false,"chose_seed":false,"campfire_upgraded":2,"win_rate":0,"timestamp":1555867836,"path_taken":["M","?","M","?","$","E","?","R","T","M","E","?","?","?","R","BOSS"],"build_version":"2019-01-23","purchased_purges":1,"victory":false,"max_hp_per_floor":[75,75,75,75,75,75,75,75,75,75,75,75,75,75,75,75],"card_choices":[{"not_picked":["Whirlwind","Cleave","True Grit"],"picked":"SKIP","floor":1.0},{"not_picked":["Perfected Strike","True Grit"],"picked":"Shockwave","floor":3.0},{"not_picked":["Flex","Clash","Perfected Strike"],"picked":"SKIP","floor":6.0},{"not_picked":["Shrug It Off","Blood for Blood"],"picked":"Evolve","floor":10.0},{"not_picked":["Clash","Bludgeon"],"picked":"Battle Trance","floor":11.0},{"not_picked":["Headbutt","Perfected Strike","Flex"],"picked":"SKIP","floor":13.0}],"player_experience":4860103,"relics_obtained":[{"floor":6.0,"key":"Dead Branch"},{"floor":9.0,"key":"The Courier"},{"floor":11.0,"key":"Bronze Scales"}],"event_choices":[{"cards_removed":["Strike_R"],"damage_healed":0.0,"max_hp_gain":0.0,"max_hp_loss":0.0,"gold_gain":0.0,"event_name":"Living Wall","player_choice":"Forget","floor":2.0,"gold_loss":0.0,"damage_taken":0.0},{"damage_healed":0.0,"max_hp_gain":0.0,"max_hp_loss":0.0,"gold_gain":0.0,"event_name":"Liars Game","player_choice":"Ignored","floor":4.0,"gold_loss":0.0,"damage_taken":0.0},{"damage_healed":0.0,"max_hp_gain":0.0,"max_hp_loss":0.0,"gold_gain":0.0,"event_name":"Scrap Ooze","player_choice":"Fled","floor":7.0,"gold_loss":0.0,"damage_taken":0.0},{"damage_healed":0.0,"max_hp_gain":0.0,"max_hp_loss":0.0,"gold_gain":0.0,"event_name":"Dead Adventurer","player_choice":"Searched \u00271\u0027 times","floor":12.0,"gold_loss":0.0,"damage_taken":0.0}],"is_beta":false,"boss_relics":[],"items_purged_floors":[14],"is_endless":false,"potions_floor_spawned":[1,10,13],"killed_by":"The Guardian","ascension_level":20}