{"gold_per_floor":[20,39,52,68,68,68,68,99,123,123,156,176,209,209,209,283,283,293,243,256,8,25,25,44,58,108,121,10,10,30,57,57,133,133,146,96,106,106,118,145,145,163,188,42,71,88,88,135,135,135,135,135,135,26,55,55],"floor_reached":57,"playtime":2046,"items_purged":["Defend_G","All Out Attack","Cloak And Dagger"],"score":2833,"play_id":"6005575b-0cc4-4a9c-acb0-113cc2e79e08","local_time":"20190412003343","is_ascension_mode":true,"campfire_choices":[{"data":"Bane","floor":6,"key":"SMITH"},{"data":"Neutralize","floor":10,"key":"SMITH"},{"floor":15,"key":"REST"},{"data":"Wraith Form v2","floor":23,"key":"SMITH"},{"data":"Catalyst","floor":29,"key":"SMITH"},{"data":"Noxious Fumes","floor":32,"key":"SMITH"},{"data":"Well Laid Plans","floor":41,"key":"SMITH"},{"data":"Catalyst","floor":47,"key":"SMITH"},{"floor":49,"key":"RECALL"},{"data":"Night Terror","floor":53,"key":"SMITH"}],"neow_cost":"NO_GOLD","seed_source_timestamp":952068611900,"circlet_count":0,"master_deck":["AscendersBane","Survivor","Neutralize+1","Poisoned Stab","Noxious Fumes+1","Bane+1","Bouncing Flask+1","Leg Sweep","Burst","Crippling Poison+1","Backflip","Calculated Gamble","Wraith Form v2+1","Dodge and Roll","PiercingWail","Catalyst+1","Tactician","Crippling Poison","Wraith Form v2+1","Calculated Gamble","Malaise","Riddle With Holes","Backflip","Acrobatics","Well Laid Plans+1","Predator","Deflect","Skewer","Reflex+1","Adrenaline","Night Terror+1","Catalyst+1","Acrobatics+1"],"relics":["Ring of the Snake","Paper Crane","Mango","Boot","Prayer Wheel","Bag of Marbles","Runic Dome","Membership Card","PreservedInsect","DollysMirror","Orichalcum","Pandora\u0027s Box","Strawberry","Bag of Preparation","Lantern","Ginger","TwistedFunnel","FossilizedHelix"],"potions_floor_usage":[8,50,56],"damage_taken":[{"damage":0,"enemies":"2 Louse","floor":1,"turns":3},{"damage":0,"enemies":"Jaw Worm","floor":2,"turns":4},{"damage":1,"enemies":"Cultist","floor":3,"turns":4},{"damage":16,"enemies":"Blue Slaver","floor":4,"turns":6},{"damage":18,"enemies":"3 Sentries","floor":8,"turns":8},{"damage":25,"enemies":"Gremlin Nob","floor":11,"turns":4},{"damage":12,"enemies":"Large Slime","floor":12,"turns":6},{"damage":8,"enemies":"Lagavulin","floor":13,"turns":6},{"damage":7,"enemies":"Hexaghost","floor":16,"turns":7},{"damage":0,"enemies":"3 Byrds","floor":18,"turns":4},{"damage":4,"enemies":"Shell Parasite","floor":20,"turns":6},{"damage":0,"enemies":"3 Cultists","floor":22,"turns":4},{"damage":3,"enemies":"Snake Plant","floor":24,"turns":5},{"damage":5,"enemies":"Centurion and Healer","floor":25,"turns":8},{"damage":0,"enemies":"Sentry and Sphere","floor":27,"turns":3},{"damage":0,"enemies":"Snecko","floor":30,"turns":3},{"damage":10,"enemies":"Book of Stabbing","floor":31,"turns":4},{"damage":9,"enemies":"Champ","floor":33,"turns":9},{"damage":1,"enemies":"3 Shapes","floor":35,"turns":4},{"damage":0,"enemies":"3 Darklings","floor":37,"turns":6},{"damage":0,"enemies":"Maw","floor":39,"turns":4},{"damage":0,"enemies":"Nemesis","floor":40,"turns":5},{"damage":0,"enemies":"Spire Growth","floor":42,"turns":5},{"damage":2,"enemies":"Reptomancer","floor":45,"turns":6},{"damage":0,"enemies":"Sphere and 2 Shapes","floor":46,"turns":4},{"damage":0,"enemies":"2 Orb Walkers","floor":48,"turns":3},{"damage":4,"enemies":"Donu and Deca","floor":50,"turns":8},{"damage":7,"enemies":"Awakened One","floor":51,"turns":14},{"damage":0,"enemies":"Shield and Spear","floor":55,"turns":4},{"damage":16,"enemies":"The Heart","floor":56,"turns":8}],"seed_played":"-4084178284693789722","potions_obtained":[{"floor":2,"key":"SkillPotion"},{"floor":11,"key":"Strength Potion"},{"floor":13,"key":"Weak Potion"},{"floor":22,"key":"Fire Potion"},{"floor":33,"key":"Block Potion"},{"floor":48,"key":"Weak Potion"}],"is_trial":false,"path_per_floor":["M","M","M","M","?","R","T","E","T","R","E","M","E","?","R","B",null,"M","?","M","$","M","R","M","M","T","M","$","R","M","E","R","B",null,"M","$","M","?","M","E","R","M","T","$","E","M","R","?","R","B","B",null,"R","$","E","B",null],"character_chosen":"THE_SILENT","items_purchased":["Membership Card","DollysMirror","Bag of Preparation","TwistedFunnel"],"campfire_rested":1,"item_purchase_floors":[21,28,44,54],"current_hp_per_floor":[71,71,70,54,78,78,78,74,74,74,49,37,29,1,28,21,74,74,74,70,70,70,70,67,62,62,62,62,62,62,52,52,43,80,79,79,79,79,79,86,86,86,86,86,84,84,84,84,84,80,73,89,89,89,89,73],"gold":55,"neow_bonus":"TWENTY_PERCENT_HP_BONUS","is_prod":false,"is_daily":false,"chose_seed":false,"campfire_upgraded":8,"win_rate":0,"timestamp":1554996823,"path_taken":["M","M","M","M","?","R","?","E","T","R","E","M","E","?","R","BOSS","M","?","M","$","M","R","M","M","T","M","$","R","M","E","R","BOSS","M","$","?","?","M","E","R","M","T","$","E","M","R","?","R","BOSS","BOSS","R","$","E","BOSS"],"build_version":"2019-01-23","purchased_purges":3,"victory":true,"max_hp_per_floor":[78,78,78,78,78,78,78,92,92,92,92,92,92,92,92,92,92,92,92,92,92,92,92,92,92,92,92,92,92,92,92,92,92,92,92,92,92,87,87,94,94,94,94,94,94,94,94,94,94,94,94,94,94,94,94,94],"card_choices":[{"not_picked":["Deflect","Dagger Throw"],"picked":"Poisoned Stab","floor":1},{"not_picked":["Underhanded Strike","Prepared"],"picked":"Noxious Fumes","floor":2},{"not_picked":["Predator","Escape Plan"],"picked":"Bane","floor":3},{"not_picked":["Underhanded Strike","Flechettes"],"picked":"Bouncing Flask","floor":4},{"not_picked":["Outmaneuver","Dagger Throw"],"picked":"Leg Sweep","floor":8},{"not_picked":["Backflip","Dodge and Roll"],"picked":"Burst","floor":11},{"not_picked":["Masterful Stab","PiercingWail"],"picked":"Crippling Poison","floor":12},{"not_picked":["Caltrops","Prepared"],"picked":"Backflip","floor":12},{"not_picked":["Endless Agony","Outmaneuver","Sucker Punch"],"picked":"SKIP","floor":13},{"not_picked":["Blade Dance","Underhanded Strike+1"],"picked":"Calculated Gamble","floor":18},{"not_picked":["PiercingWail","Quick Slash+1","Riddle With Holes"],"picked":"SKIP","floor":18},{"not_picked":["PiercingWail","Quick Slash+1","Riddle With Holes"],"picked":"SKIP","floor":18},{"not_picked":["Bane","Backflip"],"picked":"Wraith Form v2","floor":20},{"not_picked":["Skewer","Dagger Spray"],"picked":"Dodge and Roll","floor":20},{"not_picked":["Sucker Punch","Deadly Poison"],"picked":"PiercingWail","floor":22},{"not_picked":["Cloak And Dagger","Accuracy","Deflect"],"picked":"SKIP","floor":22},{"not_picked":["Outmaneuver","Bane","Setup"],"picked":"SKIP","floor":24},{"not_picked":["Eviscerate+1","Reflex","Bane"],"picked":"SKIP","floor":24},{"not_picked":["Skewer","Heel Hook"],"picked":"Catalyst","floor":25},{"not_picked":["Sucker Punch","Deadly Poison"],"picked":"Tactician","floor":25},{"not_picked":["Glass Knife","Cloak And Dagger"],"picked":"Crippling Poison","floor":27},{"not_picked":["Deadly Poison","Poisoned Stab","Sucker Punch+1"],"picked":"SKIP","floor":27},{"not_picked":["Poisoned Stab","Tactician"],"picked":"Calculated Gamble","floor":30},{"not_picked":["Quick Slash","Deflect","PiercingWail"],"picked":"SKIP","floor":30},{"not_picked":["Quick Slash","Deflect","PiercingWail"],"picked":"SKIP","floor":30},{"not_picked":["Eviscerate","Accuracy","Reflex"],"picked":"SKIP","floor":31},{"not_picked":["Die Die Die","Phantasmal Killer"],"picked":"Malaise","floor":33},{"not_picked":["Deadly Poison","Terror"],"picked":"Reflex+1","floor":35},{"not_picked":["Dagger Throw","Noxious Fumes","Sucker Punch"],"picked":"SKIP","floor":35},{"not_picked":["Dodge and Roll+1","Deflect+1","Acrobatics"],"picked":"SKIP","floor":37},{"not_picked":["Bane+1","Poisoned Stab","Accuracy"],"picked":"SKIP","floor":37},{"not_picked":["Dagger Spray","Deadly Poison"],"picked":"Adrenaline","floor":39},{"not_picked":["Underhanded Strike+1","Dodge and Roll","PiercingWail"],"picked":"SKIP","floor":39},{"not_picked":["Underhanded Strike+1","Dodge and Roll","PiercingWail"],"picked":"SKIP","floor":39},{"not_picked":["Leg Sweep","Outmaneuver","Bane"],"picked":"SKIP","floor":40},{"not_picked":["Noxious Fumes","Skewer"],"picked":"Night Terror","floor":42},{"not_picked":["Slice+1","Acrobatics","Blur"],"picked":"SKIP","floor":42},{"not_picked":["Acrobatics","Dagger Spray+1"],"picked":"Catalyst","floor":45},{"not_picked":["Dash","Dodge and Roll+1","Deadly Poison"],"picked":"SKIP","floor":46},{"not_picked":["Choke","Predator","Bouncing Flask"],"picked":"SKIP","floor":46},{"not_picked":["Bane+1","Slice"],"picked":"Acrobatics+1","floor":48},{"not_picked":["Infinite Blades+1","Bane","Bullet Time"],"picked":"SKIP","floor":55}],"player_experience":4754709,"relics_obtained":[{"floor":7,"key":"Paper Crane"},{"floor":8,"key":"Mango"},{"floor":9,"key":"Boot"},{"floor":11,"key":"Prayer Wheel"},{"floor":13,"key":"Bag of Marbles"},{"floor":26,"key":"PreservedInsect"},{"floor":31,"key":"Orichalcum"},{"floor":40,"key":"Strawberry"},{"floor":45,"key":"Lantern"},{"floor":48,"key":"Ginger"},{"floor":55,"key":"FossilizedHelix"}],"event_choices":[{"damage_healed":26,"gold_gain":0,"player_choice":"Banana","damage_taken":0,"max_hp_gain":0,"max_hp_loss":0,"event_name":"Big Fish","floor":5,"gold_loss":0},{"damage_healed":0,"gold_gain":0,"player_choice":"Entered Light","damage_taken":28,"max_hp_gain":0,"max_hp_loss":0,"event_name":"Shining Light","floor":14,"gold_loss":0,"cards_upgraded":["Bouncing Flask","Crippling Poison"]},{"damage_healed":0,"gold_gain":0,"player_choice":"Bet on Murderer","damage_taken":0,"max_hp_gain":0,"max_hp_loss":0,"event_name":"The Joust","floor":19,"gold_loss":50},{"damage_healed":0,"gold_gain":0,"player_choice":"Max HP","damage_taken":0,"max_hp_gain":0,"max_hp_loss":5,"event_name":"Winding Halls","floor":38,"gold_loss":0},{"damage_healed":0,"gold_gain":0,"player_choice":"Fight","damage_taken":0,"max_hp_gain":0,"max_hp_loss":0,"event_name":"Mysterious Sphere","floor":48,"gold_loss":0}],"is_beta":false,"boss_relics":[{"not_picked":["Fusion Hammer","Ring of the Serpent"],"picked":"Runic Dome"},{"not_picked":["Runic Pyramid","WristBlade"],"picked":"Pandora\u0027s Box"}],"items_purged_floors":[21,36,44],"is_endless":false,"potions_floor_spawned":[2,11,13,22,24,25,33,39,40,48],"ascension_level":20}