{"gold_per_floor":[399,399,399,335,335,335,335,335,335,335,335,335,335,335,335,335,335,335,335,335,335,335,335,335,335,335,335,335,335,335,335,335,335,335,335,335,335,335,335,335,295,203,203,203,41,41,41,41,41,41,41,41,41,9,9,9],"floor_reached":57,"playtime":1201,"items_purged":["Pain","Pain"],"score":3519,"play_id":"13de9e37-dd83-4ec1-bacb-d15bf0f12147","local_time":"20190620032048","is_ascension_mode":true,"campfire_choices":[{"data":"1","floor":6.0,"key":"LIFT"},{"data":"2","floor":11.0,"key":"LIFT"},{"data":"3","floor":15.0,"key":"LIFT"},{"floor":24.0,"key":"DIG"},{"floor":32,"key":"RECALL"},{"floor":49,"key":"DIG"},{"floor":53,"key":"DIG"}],"neow_cost":"","seed_source_timestamp":0,"circlet_count":22,"master_deck":["AscendersBane","Survivor","Neutralize","Survivor","Crippling Poison+1","Cloak And Dagger+1","Leg Sweep+1","Footwork+1","Expertise+1","Infinite Blades+1","Adrenaline+1","Heavy Blade+1","Night Terror+1","PiercingWail+1","Skim+1","Blade Dance+1","Feed+1","Skewer+1","Decay","Corruption+1","Havoc+1","Purity+1","Clumsy","Footwork+1","Crippling Poison+1","Backflip+1","Dodge and Roll+1","PiercingWail+1","Writhe","Calculated Gamble+1","Double Energy+1"],"special_seed":0,"relics":["Ring of the Snake","Emotion Chip","Black Star","Old Coin","Gremlin Horn","Vajra","Singing Bowl","Molten Egg 2","Ninja Scroll","Anchor","DataDisk","Lizard Tail","Gambling Chip","DollysMirror","TwistedFunnel","Dream Catcher","Strawberry","Dodecahedron","Runic Capacitor","Runic Cube","Lee\u0027s Waffle","Magic Flower","Matryoshka","Dead Branch","Mango","Oddly Smooth Stone","Membership Card","Unceasing Top","Question Card","Mummified Hand","Smiling Mask","Pear","The Courier","Centennial Puzzle","Ring of the Snake","Bottled Lightning","Bottled Flame","Art of War","Busted Crown","Cracked Core","Omamori","Burning Blood","Red Skull","Empty Cage","Shovel","Bird Faced Urn","Ginger","StoneCalendar","Sozu","WristBlade","Kunai","Mercury Hourglass","Turnip","Whetstone","Snecko Eye","Snake Skull","MealTicket","Thread and Needle","Nunchaku","MawBank","Ice Cream","Frozen Eye","Frozen Egg 2","Juzu Bracelet","Eternal Feather","OrangePellets","Orichalcum","Ectoplasm","Sling","War Paint","WingedGreaves","Toxic Egg 2","Brimstone","Strange Spoon","Self Forming Clay","Tiny Chest","Toy Ornithopter","Ornamental Fan","Boot","Du-Vu Doll","Cursed Key","Prayer Wheel","Lantern","FossilizedHelix","Paper Frog","Paper Crane","TheAbacus","Bag of Preparation","Tough Bandages","Champion Belt","Bronze Scales","Charon\u0027s Ashes","Calipers","Coffee Dripper","Chemical X","ClockworkSouvenir","Torii","Inserter","Girya","Tingsha","Cables","Pantograph","Pen Nib","Letter Opener","Potion Belt","The Specimen","Shuriken","Blue Candle","PrismaticShard","Blood Vial","White Beast Statue","Sundial","Nuclear Battery","Fusion Hammer","HandDrill","Happy Flower","Incense Burner","Philosopher\u0027s Stone","Regal Pillow","Pocketwatch","Darkstone Periapt","Meat on the Bone","Ancient Tea Set","Mark of Pain","PreservedInsect","Toolbox","Symbiotic Virus","Medical Kit","Ring of the Serpent","Bag of Marbles","Pandora\u0027s Box","Circlet","Sozu","Red Mask","Philosopher\u0027s Stone","WarpedTongs"],"potions_floor_usage":[],"damage_taken":[{"damage":0.0,"enemies":"Cultist","floor":1.0,"turns":1.0},{"damage":0.0,"enemies":"Small Slimes","floor":7.0,"turns":1.0},{"damage":0.0,"enemies":"Lagavulin","floor":8.0,"turns":1.0},{"damage":0.0,"enemies":"Gremlin Nob","floor":12.0,"turns":1.0},{"damage":0.0,"enemies":"2 Louse","floor":13.0,"turns":1.0},{"damage":0.0,"enemies":"The Guardian","floor":16.0,"turns":1.0},{"damage":0.0,"enemies":"2 Thieves","floor":18.0,"turns":1.0},{"damage":0.0,"enemies":"Spheric Guardian","floor":19.0,"turns":1.0},{"damage":0.0,"enemies":"Snake Plant","floor":20.0,"turns":1.0},{"damage":0.0,"enemies":"Cultist and Chosen","floor":21.0,"turns":1.0},{"damage":0.0,"enemies":"Centurion and Healer","floor":22.0,"turns":1.0},{"damage":0.0,"enemies":"Book of Stabbing","floor":23.0,"turns":1.0},{"damage":0.0,"enemies":"Masked Bandits","floor":25.0,"turns":2.0},{"damage":0,"enemies":"Slavers","floor":30,"turns":2},{"damage":0,"enemies":"Snake Plant","floor":31,"turns":1},{"damage":0,"enemies":"Automaton","floor":33,"turns":1},{"damage":0,"enemies":"3 Darklings","floor":35,"turns":1},{"damage":0,"enemies":"2 Orb Walkers","floor":37,"turns":1},{"damage":0,"enemies":"Orb Walker","floor":39,"turns":1},{"damage":0,"enemies":"Nemesis","floor":48,"turns":1},{"damage":0,"enemies":"Donu and Deca","floor":50,"turns":1},{"damage":0,"enemies":"Time Eater","floor":51,"turns":2},{"damage":0,"enemies":"Shield and Spear","floor":55,"turns":1},{"damage":0,"enemies":"The Heart","floor":56,"turns":5}],"seed_played":"7817068134199135265","potions_obtained":[],"is_trial":true,"path_per_floor":["M","$","?","$","?","R","M","E","T","T","R","E","M","?","R","B",null,"M","M","M","M","M","E","R","?","T","?","T","?","E","M","R","B",null,"M","?","?","T","M","?","?","$","T","?","$","?","?","E","R","B","B",null,"R","$","E","B",null],"character_chosen":"THE_SILENT","items_purchased":["Night Terror+1","Purity+1","Footwork+1","Crippling Poison+1","Backflip+1","Dodge and Roll+1","PiercingWail+1","Calculated Gamble+1"],"campfire_rested":0,"item_purchase_floors":[4,42,45,45,45,45,45,54],"current_hp_per_floor":[106,106,111,111,100,106,113,113,113,113,113,113,117,117,117,117,117,125,129,133,135,139,145,145,159,165,165,165,165,179,183,183,185,185,187,187,189,195,201,207,207,207,213,213,213,219,219,225,225,229,229,229,229,229,233,237],"gold":9,"neow_bonus":"","is_prod":false,"is_daily":false,"chose_seed":false,"campfire_upgraded":0,"win_rate":0,"timestamp":1560968448,"path_taken":["M","?","?","$","?","R","M","E","T","?","R","E","M","?","R","BOSS","M","M","M","M","M","E","R","?","T","?","?","?","E","M","R","BOSS","M","?","?","?","M","?","?","?","T","?","?","?","?","E","R","BOSS","BOSS","R","$","E","BOSS"],"build_version":"2019-01-23","purchased_purges":2,"victory":true,"max_hp_per_floor":[106,106,111,111,111,111,113,113,113,113,113,113,117,117,117,117,117,125,129,133,135,139,145,145,159,165,165,165,165,179,183,183,185,185,187,187,189,195,201,207,207,207,213,213,213,219,219,225,225,229,229,229,229,229,233,237],"card_choices":[{"not_picked":["Flame Barrier+1","Cold Snap+1"],"picked":"Singing Bowl","floor":1.0},{"not_picked":["Poisoned Stab+1"],"picked":"Heavy Blade+1","floor":1.0},{"not_picked":["White Noise+1","Double Energy+1"],"picked":"Singing Bowl","floor":7.0},{"not_picked":["Dagger Throw+1"],"picked":"PiercingWail+1","floor":7.0},{"not_picked":["Cloak And Dagger+1"],"picked":"Skim+1","floor":8.0},{"not_picked":["Chill+1"],"picked":"Blade Dance+1","floor":12.0},{"not_picked":["Prepared+1","Madness+1"],"picked":"Singing Bowl","floor":13.0},{"not_picked":["Calculated Gamble+1","Bloodletting+1"],"picked":"Singing Bowl","floor":13.0},{"not_picked":["Thinking Ahead+1"],"picked":"Feed+1","floor":16.0},{"not_picked":["Thunderclap+1","Skewer+1"],"picked":"Singing Bowl","floor":18.0},{"not_picked":["Turbo+1","Deadly Poison+1"],"picked":"Singing Bowl","floor":18.0},{"not_picked":["All For One+1","Dual Wield+1"],"picked":"Singing Bowl","floor":19.0},{"not_picked":["Flex+1","Bane+1"],"picked":"Singing Bowl","floor":19.0},{"not_picked":["Skim+1","Sucker Punch+1"],"picked":"Singing Bowl","floor":20.0},{"not_picked":["Blade Dance+1","FTL+1"],"picked":"Singing Bowl","floor":20.0},{"not_picked":["Armaments+1"],"picked":"Skewer+1","floor":21.0},{"not_picked":["Glacier+1","Dodge and Roll+1"],"picked":"Singing Bowl","floor":21.0},{"not_picked":["Pommel Strike+1","Deadly Poison+1"],"picked":"Singing Bowl","floor":22.0},{"not_picked":["Stack+1","PiercingWail+1"],"picked":"Singing Bowl","floor":22.0},{"not_picked":["Anger+1","Storm+1"],"picked":"Singing Bowl","floor":23.0},{"not_picked":["Sucker Punch+1","Reflex+1"],"picked":"Singing Bowl","floor":25.0},{"not_picked":["Consume+1","Glass Knife+1"],"picked":"Singing Bowl","floor":30},{"not_picked":["Bane+1","Gash+1"],"picked":"Singing Bowl","floor":31},{"not_picked":["Bouncing Flask+1","Coolheaded+1"],"picked":"Singing Bowl","floor":31},{"not_picked":["Secret Technique+1","Multi-Cast+1"],"picked":"Singing Bowl","floor":33},{"not_picked":["Ghostly Armor+1","Rebound+1"],"picked":"Singing Bowl","floor":35},{"not_picked":["Capacitor+1"],"picked":"Corruption+1","floor":35},{"not_picked":["Leap+1","Cleave+1"],"picked":"Singing Bowl","floor":37},{"not_picked":["PiercingWail+1"],"picked":"Havoc+1","floor":39},{"not_picked":["Masterful Stab+1","Dramatic Entrance+1"],"picked":"Singing Bowl","floor":39},{"not_picked":["Clothesline+1","Cleave+1"],"picked":"Singing Bowl","floor":48},{"not_picked":["All For One+1"],"picked":"Double Energy+1","floor":55}],"player_experience":5427689,"relics_obtained":[{"floor":8.0,"key":"Circlet"},{"floor":8.0,"key":"Circlet"},{"floor":9.0,"key":"Circlet"},{"floor":10.0,"key":"Circlet"},{"floor":10.0,"key":"Circlet"},{"floor":12.0,"key":"Circlet"},{"floor":12.0,"key":"Circlet"},{"floor":23.0,"key":"Circlet"},{"floor":23.0,"key":"Circlet"},{"floor":24.0,"key":"Circlet"},{"floor":25.0,"key":"Red Mask"},{"floor":26.0,"key":"Circlet"},{"floor":30,"key":"Circlet"},{"floor":30,"key":"Circlet"},{"floor":37,"key":"Circlet"},{"floor":38,"key":"Circlet"},{"floor":43,"key":"Circlet"},{"floor":48,"key":"Circlet"},{"floor":48,"key":"Circlet"},{"floor":49,"key":"Circlet"},{"floor":53,"key":"Circlet"},{"floor":55,"key":"Circlet"},{"floor":55,"key":"Circlet"}],"event_choices":[{"damage_healed":0.0,"max_hp_gain":5.0,"max_hp_loss":0.0,"gold_gain":0.0,"event_name":"Big Fish","player_choice":"Donut","floor":3.0,"gold_loss":0.0,"damage_taken":0.0},{"damage_healed":0.0,"max_hp_gain":0.0,"max_hp_loss":0.0,"gold_gain":75.0,"event_name":"World of Goop","player_choice":"Gather Gold","floor":5.0,"gold_loss":0.0,"damage_taken":11.0},{"damage_healed":0.0,"max_hp_gain":0.0,"max_hp_loss":0.0,"gold_gain":100.0,"event_name":"Wheel of Change","player_choice":"Gold","floor":14.0,"gold_loss":0.0,"damage_taken":0.0},{"damage_healed":0.0,"max_hp_gain":0.0,"max_hp_loss":0.0,"gold_gain":0.0,"event_name":"Masked Bandits","player_choice":"Fought Bandits","floor":25.0,"gold_loss":0.0,"damage_taken":0.0},{"damage_healed":0.0,"max_hp_gain":0.0,"max_hp_loss":0.0,"gold_gain":0.0,"event_name":"Ghosts","player_choice":"Ignored","floor":27.0,"gold_loss":0.0,"damage_taken":0.0},{"damage_healed":0,"gold_gain":0,"player_choice":"Ignored","damage_taken":0,"max_hp_gain":0,"max_hp_loss":0,"event_name":"The Mausoleum","floor":29,"gold_loss":0},{"cards_removed":["Deadly Poison"],"damage_healed":0,"gold_gain":0,"player_choice":"Removed Skill","damage_taken":0,"max_hp_gain":0,"max_hp_loss":0,"event_name":"Falling","floor":36,"gold_loss":0},{"damage_healed":0,"gold_gain":0,"player_choice":"Fight","damage_taken":0,"max_hp_gain":0,"max_hp_loss":0,"event_name":"Mysterious Sphere","floor":37,"gold_loss":0},{"damage_healed":0,"gold_gain":0,"player_choice":"Rummage","damage_taken":0,"relics_obtained":["WarpedTongs"],"max_hp_gain":0,"max_hp_loss":0,"event_name":"Accursed Blacksmith","floor":40,"gold_loss":0,"cards_obtained":["Pain"]},{"damage_healed":0,"gold_gain":0,"player_choice":"Bought 3 Potions","damage_taken":0,"max_hp_gain":0,"max_hp_loss":0,"event_name":"The Woman in Blue","floor":41,"gold_loss":0},{"damage_healed":0,"gold_gain":0,"player_choice":"Full Heal","damage_taken":0,"max_hp_gain":0,"max_hp_loss":0,"event_name":"Wheel of Change","floor":44,"gold_loss":0},{"damage_healed":43,"gold_gain":0,"player_choice":"Writhe","damage_taken":0,"max_hp_gain":0,"max_hp_loss":0,"event_name":"Winding Halls","floor":46,"gold_loss":0,"cards_obtained":["Writhe"]},{"damage_healed":0,"gold_gain":222,"player_choice":"Wore Mask","damage_taken":0,"max_hp_gain":0,"max_hp_loss":0,"event_name":"Tomb of Lord Red Mask","floor":47,"gold_loss":0}],"is_beta":false,"boss_relics":[{"not_picked":["Pandora\u0027s Box","Runic Dome"],"picked":"Sozu"},{"not_picked":["Empty Cage","Calling Bell"],"picked":"Philosopher\u0027s Stone"}],"items_purged_floors":[42,45],"is_endless":false,"potions_floor_spawned":[1,7,12,13,16,18,19,20,21,22,23,25,30,31,33,35,37,39,48,55],"ascension_level":20}