{"gold_per_floor":[113,113,188,198,123,123,123,133,157,186,211],"floor_reached":11,"playtime":207,"items_purged":["Strike_G"],"score":71,"play_id":"afc2ec5e-e3a4-4fb0-be44-4c48f1831748","local_time":"20190403010851","is_ascension_mode":false,"campfire_choices":[{"data":"Acrobatics","floor":6.0,"key":"SMITH"}],"neow_cost":"","seed_source_timestamp":0,"circlet_count":0,"master_deck":["Defend_G","Defend_G","Defend_G","Defend_G","Defend_G","Strike_G","Strike_G","Strike_G","Survivor","Neutralize","Underhanded Strike","Acrobatics+1","Underhanded Strike","Underhanded Strike","All Out Attack"],"special_seed":0,"relics":["Ring of the Snake","Vajra","Ginger","Odd Mushroom"],"potions_floor_usage":[],"damage_taken":[{"damage":1.0,"enemies":"2 Louse","floor":1.0,"turns":3.0},{"damage":0.0,"enemies":"Jaw Worm","floor":4.0,"turns":3.0},{"damage":0.0,"enemies":"Small Slimes","floor":8.0,"turns":3.0},{"damage":14,"enemies":"Gremlin Nob","floor":10,"turns":3},{"damage":0,"enemies":"The Mushroom Lair","floor":11,"turns":2}],"seed_played":"-9143963863525827044","potions_obtained":[{"floor":11,"key":"FearPotion"}],"is_trial":true,"path_per_floor":["M","?","?","M","$","R","?","M","T","E","?"],"character_chosen":"THE_SILENT","items_purchased":[],"campfire_rested":0,"item_purchase_floors":[],"current_hp_per_floor":[69,69,58,58,58,58,51,51,51,37,37],"gold":211,"neow_bonus":"","is_prod":false,"is_daily":false,"chose_seed":false,"campfire_upgraded":1,"win_rate":0,"timestamp":1554221331,"path_taken":["M","?","?","M","?","R","?","M","T","E","?"],"build_version":"2019-01-23","purchased_purges":1,"victory":false,"max_hp_per_floor":[70,70,70,70,70,70,70,70,70,70,70],"card_choices":[{"not_picked":["Blade Dance","Underhanded Strike"],"picked":"Acrobatics","floor":1.0},{"not_picked":["Poisoned Stab","Deadly Poison"],"picked":"Underhanded Strike","floor":4.0},{"not_picked":["Terror","Slice"],"picked":"Underhanded Strike","floor":8},{"not_picked":["Caltrops","Escape Plan"],"picked":"All Out Attack","floor":10}],"player_experience":4690947,"relics_obtained":[{"floor":9,"key":"Vajra"},{"floor":10,"key":"Ginger"},{"floor":11,"key":"Odd Mushroom"}],"event_choices":[{"damage_healed":0.0,"max_hp_gain":0.0,"max_hp_loss":0.0,"gold_gain":0.0,"event_name":"Liars Game","player_choice":"Ignored","floor":2.0,"gold_loss":0.0,"damage_taken":0.0},{"damage_healed":0.0,"max_hp_gain":0.0,"max_hp_loss":0.0,"gold_gain":75.0,"event_name":"World of Goop","player_choice":"Gather Gold","floor":3.0,"gold_loss":0.0,"damage_taken":11.0},{"cards_removed":["Strike_G"],"damage_healed":0.0,"max_hp_gain":0.0,"max_hp_loss":0.0,"gold_gain":0.0,"event_name":"Golden Wing","player_choice":"Card Removal","floor":7.0,"gold_loss":0.0,"damage_taken":7.0},{"damage_healed":0,"gold_gain":0,"player_choice":"Fought Mushrooms","damage_taken":0,"max_hp_gain":0,"max_hp_loss":0,"event_name":"Mushrooms","floor":11,"gold_loss":0}],"is_beta":false,"boss_relics":[],"items_purged_floors":[5],"is_endless":false,"potions_floor_spawned":[11],"killed_by":"The Mushroom Lair","ascension_level":0}