{"gold_per_floor":[115,115,131,131,145,145,180,192,192,222,237,251,251,28,28,105,155,166,166,91,91,101,135,35,35,35,70,81,93,50,67,67,140,140,155,168,188,208,208,208,208,208,235,235,13,113,12,42,42,42],"floor_reached":50,"playtime":2604,"items_purged":["Strike_R","Bash"],"score":1140,"play_id":"907141e9-61b0-44fd-8165-001d79382624","local_time":"20190427010838","is_ascension_mode":true,"campfire_choices":[{"floor":6.0,"key":"REST"},{"data":"Inflame","floor":13.0,"key":"SMITH"},{"data":"Fire Breathing","floor":15.0,"key":"SMITH"},{"floor":25.0,"key":"REST"},{"data":"Anger","floor":32.0,"key":"SMITH"},{"data":"Anger","floor":40.0,"key":"SMITH"},{"data":"Pommel Strike","floor":42.0,"key":"SMITH"},{"floor":44.0,"key":"RECALL"},{"data":"Defend_R","floor":49,"key":"SMITH"}],"neow_cost":"PERCENT_DAMAGE","seed_source_timestamp":509161035553300,"circlet_count":0,"master_deck":["AscendersBane","Strike_R","Strike_R","Defend_R+1","Defend_R","Defend_R+1","Defend_R","Pommel Strike+1","Anger+1","Inflame+1","Shrug It Off+1","Flex+1","Fire Breathing+1","Shrug It Off+1","Blind+1","Clash+1","Writhe","Ghostly+1","Ghostly+1","Ghostly+1","Flex+1","Dual Wield+1","Anger+1","Burning Pact+1","Seeing Red+1","Warcry+1","Exhume+1","Disarm+1","Flex+1","Body Slam+1","Bloodletting+1","Madness+1","Madness+1","Madness+1"],"special_seed":0,"relics":["Burning Blood","Unceasing Top","Thread and Needle","Toxic Egg 2","Blue Candle","Mummified Hand","Tiny House","Bag of Preparation","Happy Flower","Centennial Puzzle","PreservedInsect","Orrery","Strange Spoon","FossilizedHelix","Champion Belt"],"potions_floor_usage":[50,50],"damage_taken":[{"damage":20.0,"enemies":"Small Slimes","floor":1.0,"turns":4.0},{"damage":8.0,"enemies":"Jaw Worm","floor":3.0,"turns":5.0},{"damage":2.0,"enemies":"Cultist","floor":5.0,"turns":3.0},{"damage":4.0,"enemies":"Gremlin Nob","floor":7.0,"turns":3.0},{"damage":6.0,"enemies":"Exordium Wildlife","floor":8.0,"turns":5.0},{"damage":16.0,"enemies":"3 Sentries","floor":10.0,"turns":7.0},{"damage":0.0,"enemies":"Large Slime","floor":11.0,"turns":3.0},{"damage":0.0,"enemies":"Blue Slaver","floor":12.0,"turns":3.0},{"damage":22.0,"enemies":"The Guardian","floor":16.0,"turns":12.0},{"damage":19.0,"enemies":"2 Thieves","floor":18.0,"turns":4.0},{"damage":0.0,"enemies":"Chosen","floor":22.0,"turns":7.0},{"damage":34.0,"enemies":"Slavers","floor":23.0,"turns":9.0},{"damage":1.0,"enemies":"Book of Stabbing","floor":27.0,"turns":6.0},{"damage":6.0,"enemies":"Snecko","floor":28.0,"turns":9.0},{"damage":17.0,"enemies":"Cultist and Chosen","floor":29.0,"turns":6.0},{"damage":2.0,"enemies":"Sentry and Sphere","floor":31.0,"turns":4.0},{"damage":10.0,"enemies":"Automaton","floor":33.0,"turns":8.0},{"damage":2.0,"enemies":"Orb Walker","floor":35.0,"turns":4.0},{"damage":3.0,"enemies":"3 Darklings","floor":36.0,"turns":5.0},{"damage":6.0,"enemies":"Jaw Worm Horde","floor":37.0,"turns":4.0},{"damage":8.0,"enemies":"Writhing Mass","floor":38.0,"turns":5.0},{"damage":4.0,"enemies":"Mind Bloom Boss Battle","floor":46.0,"turns":7.0},{"damage":6,"enemies":"Nemesis","floor":48,"turns":5},{"damage":44,"enemies":"Time Eater","floor":50,"turns":12}],"seed_played":"-831171221913270457","potions_obtained":[{"floor":3.0,"key":"Poison Potion"},{"floor":8.0,"key":"Explosive Potion"},{"floor":12.0,"key":"Explosive Potion"},{"floor":17.0,"key":"SteroidPotion"},{"floor":23.0,"key":"SkillPotion"},{"floor":27.0,"key":"Regen Potion"},{"floor":31.0,"key":"EntropicBrew"},{"floor":36.0,"key":"BloodPotion"},{"floor":37.0,"key":"GamblersBrew"}],"is_trial":false,"path_per_floor":["M","?","M","?","M","R","E","M","T","E","M","M","R","$","R","B",null,"M","?","?","?","M","E","$","R","T","E","M","M","$","M","R","B",null,"M","M","M","M","?","R","?","R","T","R","$","?","$","E","R","B"],"character_chosen":"IRONCLAD","items_purchased":["Shrug It Off+1","Blind+1","Seeing Red+1","Strange Spoon","Madness+1"],"campfire_rested":2,"item_purchase_floors":[14,14,30,45,47],"current_hp_per_floor":[36,18,16,9,13,35,37,37,37,27,33,39,39,39,39,23,67,54,54,54,40,40,12,12,24,24,29,40,29,29,33,33,29,37,40,40,40,38,38,38,31,31,31,31,31,33,33,33,33,0],"gold":42,"neow_bonus":"ONE_RARE_RELIC","is_prod":false,"is_daily":false,"chose_seed":false,"campfire_upgraded":6,"win_rate":0,"timestamp":1556294918,"path_taken":["M","?","M","?","M","R","E","M","T","E","M","M","R","$","R","BOSS","M","?","?","?","?","E","?","R","T","E","M","M","$","M","R","BOSS","M","M","M","M","?","R","?","R","T","R","$","?","?","E","R","BOSS"],"build_version":"2019-01-23","purchased_purges":2,"victory":false,"max_hp_per_floor":[75,75,75,75,75,75,75,75,75,75,75,75,75,75,75,75,80,80,80,80,40,40,40,40,40,40,40,40,40,40,40,40,40,40,40,40,40,40,40,40,40,40,40,40,40,40,40,40,40,40],"card_choices":[{"not_picked":["Cleave","Dropkick","Searing Blow"],"picked":"SKIP","floor":1.0},{"not_picked":["Rupture","Searing Blow"],"picked":"Pommel Strike","floor":3.0},{"not_picked":["Pommel Strike","Blood for Blood"],"picked":"Anger","floor":5.0},{"not_picked":["Evolve","Cleave"],"picked":"Inflame","floor":7.0},{"not_picked":["Feel No Pain","Sword Boomerang"],"picked":"Shrug It Off+1","floor":8.0},{"not_picked":["Evolve","Shrug It Off+1"],"picked":"Flex+1","floor":10.0},{"not_picked":["Sever Soul","Sword Boomerang","Perfected Strike"],"picked":"SKIP","floor":11.0},{"not_picked":["Thunderclap","Sword Boomerang"],"picked":"Fire Breathing","floor":12.0},{"not_picked":["Metallicize","Body Slam"],"picked":"Clash+1","floor":18.0},{"not_picked":["Thunderclap","Rage+1"],"picked":"Flex+1","floor":22.0},{"not_picked":["Rupture","Armaments+1","Thunderclap+1"],"picked":"SKIP","floor":23.0},{"not_picked":["Shrug It Off+1","Burning Pact+1"],"picked":"Dual Wield+1","floor":27.0},{"not_picked":["Cleave","Juggernaut"],"picked":"Anger","floor":28.0},{"not_picked":["Pommel Strike","Reckless Charge"],"picked":"Burning Pact+1","floor":29.0},{"not_picked":["True Grit+1","Perfected Strike"],"picked":"Warcry+1","floor":31.0},{"not_picked":["Feed","Reaper"],"picked":"Exhume+1","floor":33.0},{"not_picked":["Pummel","Dropkick"],"picked":"Disarm+1","floor":34.0},{"not_picked":["Thunderclap+1","Body Slam"],"picked":"Flex+1","floor":34.0},{"not_picked":["Headbutt+1","Anger"],"picked":"Body Slam+1","floor":34.0},{"not_picked":["Fire Breathing","Warcry+1"],"picked":"Bloodletting+1","floor":35.0},{"not_picked":["Searing Blow","Iron Wave","Body Slam"],"picked":"SKIP","floor":36.0},{"not_picked":["Pommel Strike","Twin Strike","Cleave"],"picked":"SKIP","floor":37.0},{"not_picked":["Entrench+1","Hemokinesis+1","Sever Soul"],"picked":"SKIP","floor":38.0},{"not_picked":["Entrench+1","Hemokinesis+1","Sever Soul"],"picked":"SKIP","floor":38.0},{"not_picked":["Pommel Strike+1","Sentinel+1","Feed"],"picked":"SKIP","floor":48}],"player_experience":4851193,"relics_obtained":[{"floor":7.0,"key":"Toxic Egg 2"},{"floor":9.0,"key":"Blue Candle"},{"floor":10.0,"key":"Mummified Hand"},{"floor":23.0,"key":"Happy Flower"},{"floor":26.0,"key":"Centennial Puzzle"},{"floor":27.0,"key":"PreservedInsect"},{"floor":46.0,"key":"FossilizedHelix"},{"floor":48,"key":"Champion Belt"}],"event_choices":[{"damage_healed":0.0,"max_hp_gain":0.0,"max_hp_loss":0.0,"gold_gain":0.0,"event_name":"Scrap Ooze","player_choice":"Success","floor":2.0,"gold_loss":0.0,"damage_taken":18.0,"relics_obtained":["Thread and Needle"]},{"cards_removed":["Strike_R"],"damage_healed":0.0,"max_hp_gain":0.0,"max_hp_loss":0.0,"gold_gain":0.0,"event_name":"Golden Wing","player_choice":"Card Removal","floor":4.0,"gold_loss":0.0,"damage_taken":7.0},{"damage_healed":0.0,"max_hp_gain":0.0,"max_hp_loss":0.0,"gold_gain":0.0,"event_name":"The Mausoleum","player_choice":"Opened","floor":19.0,"gold_loss":0.0,"damage_taken":0.0,"relics_obtained":["Bag of Preparation"],"cards_obtained":["Writhe"]},{"cards_removed":["Strike_R"],"damage_healed":0.0,"max_hp_gain":0.0,"max_hp_loss":0.0,"gold_gain":0.0,"event_name":"Beggar","player_choice":"Gave Gold","floor":20.0,"gold_loss":75.0,"damage_taken":0.0},{"damage_healed":0.0,"max_hp_gain":0.0,"max_hp_loss":40.0,"gold_gain":0.0,"event_name":"Ghosts","player_choice":"Became a Ghost","floor":21.0,"gold_loss":0.0,"damage_taken":0.0,"cards_obtained":["Ghostly","Ghostly","Ghostly"]},{"damage_healed":0.0,"max_hp_gain":0.0,"max_hp_loss":0.0,"gold_gain":0.0,"event_name":"Tomb of Lord Red Mask","player_choice":"Ignored","floor":39.0,"gold_loss":0.0,"damage_taken":0.0},{"damage_healed":0.0,"max_hp_gain":0.0,"max_hp_loss":0.0,"gold_gain":0.0,"event_name":"Winding Halls","player_choice":"Embrace Madness","floor":41.0,"gold_loss":0.0,"damage_taken":7.0,"cards_obtained":["Madness","Madness"]},{"damage_healed":0.0,"max_hp_gain":0.0,"max_hp_loss":0.0,"gold_gain":0.0,"event_name":"MindBloom","player_choice":"Fight","floor":46.0,"gold_loss":0.0,"damage_taken":0.0}],"is_beta":false,"boss_relics":[{"not_picked":["Snecko Eye","Runic Pyramid"],"picked":"Tiny House"},{"not_picked":["Lizard Tail","Busted Crown"],"picked":"Orrery"}],"items_purged_floors":[14,24],"is_endless":false,"potions_floor_spawned":[3,8,12,23,27,31,36,37],"killed_by":"Time Eater","ascension_level":20}