{"gold_per_floor":[118,118,128,15,32,32,57,57,57,89,107,137,137,10,10,10],"floor_reached":16,"playtime":300,"items_purged":["Strike_G"],"score":236,"play_id":"a59dc4f9-61be-4e37-be95-7dcf3158bd7d","local_time":"20190618014909","is_ascension_mode":true,"campfire_choices":[{"data":"Bouncing Flask","floor":6,"key":"SMITH"},{"floor":8,"key":"REST"},{"floor":15,"key":"REST"}],"neow_cost":"","seed_source_timestamp":287839069391200,"circlet_count":0,"master_deck":["Survivor","Defend_G+1","Defend_G+1","Defend_G","Defend_G","Defend_G+1","Strike_G","Strike_G","Strike_G","Neutralize","Blade Dance+1","Bouncing Flask+1","Dagger Spray","Predator","All Out Attack","Cloak And Dagger","Dodge and Roll","Dagger Spray"],"relics":["Ring of the Snake","Strawberry","Sundial","PreservedInsect","War Paint","Blue Candle"],"potions_floor_usage":[7,10],"damage_taken":[{"damage":4,"enemies":"Small Slimes","floor":1,"turns":5},{"damage":0,"enemies":"Cultist","floor":3,"turns":3},{"damage":1,"enemies":"Jaw Worm","floor":5,"turns":3},{"damage":26,"enemies":"Gremlin Nob","floor":7,"turns":4},{"damage":11,"enemies":"Lagavulin","floor":10,"turns":5},{"damage":0,"enemies":"3 Louse","floor":11,"turns":2},{"damage":2,"enemies":"3 Sentries","floor":12,"turns":4},{"damage":42,"enemies":"Slime Boss","floor":16,"turns":7}],"seed_played":"782708281532743975","potions_obtained":[{"floor":3,"key":"EssenceOfSteel"}],"is_trial":true,"path_per_floor":["M","?","M","$","M","R","E","R","T","E","M","E","?","$","R","B"],"character_chosen":"THE_SILENT","items_purchased":["Dagger Spray","Poison Potion","Dagger Spray"],"campfire_rested":2,"item_purchase_floors":[4,4,14],"current_hp_per_floor":[62,40,40,40,39,39,13,34,34,23,23,21,21,21,42,0],"gold":10,"neow_bonus":"","is_prod":false,"is_daily":false,"chose_seed":false,"campfire_upgraded":1,"win_rate":0,"timestamp":1560790149,"path_taken":["M","?","M","$","M","R","E","R","T","E","M","E","?","$","R","BOSS"],"build_version":"2019-01-23","purchased_purges":1,"victory":false,"max_hp_per_floor":[73,73,73,73,73,73,73,73,73,73,73,73,73,73,73,73],"card_choices":[{"not_picked":["Acrobatics","Bane"],"picked":"Blade Dance","floor":1},{"not_picked":["Escape Plan","Slice"],"picked":"Bouncing Flask","floor":3},{"not_picked":["Dagger Throw","Dodge and Roll"],"picked":"Predator","floor":5},{"not_picked":["Flying Knee","Adrenaline","Outmaneuver"],"picked":"SKIP","floor":7},{"not_picked":["Endless Agony","Acrobatics"],"picked":"All Out Attack","floor":10},{"not_picked":["Outmaneuver","Backflip"],"picked":"Cloak And Dagger","floor":11},{"not_picked":["Skewer","Escape Plan"],"picked":"Dodge and Roll","floor":12}],"player_experience":5401869,"relics_obtained":[{"floor":7,"key":"Sundial"},{"floor":9,"key":"PreservedInsect"},{"floor":10,"key":"War Paint"},{"floor":12,"key":"Blue Candle"}],"event_choices":[{"damage_healed":0,"gold_gain":0,"player_choice":"Entered Light","damage_taken":22,"max_hp_gain":0,"max_hp_loss":0,"event_name":"Shining Light","floor":2,"gold_loss":0,"cards_upgraded":["Defend_G","Blade Dance"]},{"cards_removed":["Strike_G"],"damage_healed":0,"gold_gain":0,"player_choice":"Purged","damage_taken":0,"max_hp_gain":0,"max_hp_loss":0,"event_name":"Purifier","floor":13,"gold_loss":0}],"is_beta":false,"boss_relics":[],"items_purged_floors":[14],"is_endless":false,"potions_floor_spawned":[3],"killed_by":"Slime Boss","ascension_level":20}