{"gold_per_floor":[111,124,124,124,134,134,161,161,161,161,195,195,16,36,36,113,113,130,147,161,161,61,89,117,129,167,197,226,27,77,111,111,190,190,208,227,102,116,135,135,154,180,180,210,224,224,224,224,224,224,224,224,224,52,84,84],"floor_reached":57,"playtime":2572,"items_purged":["Strike_R","Defend_R","Defend_R"],"score":2774,"play_id":"59e3d627-5225-48a8-bb86-1a07ddbd40ac","local_time":"20190713024309","is_ascension_mode":true,"campfire_choices":[{"data":"Whirlwind","floor":6.0,"key":"SMITH"},{"data":"Feel No Pain","floor":8.0,"key":"SMITH"},{"data":"Battle Trance","floor":10.0,"key":"SMITH"},{"data":"True Grit","floor":15.0,"key":"SMITH"},{"data":"Barricade","floor":25.0,"key":"SMITH"},{"data":"Apotheosis","floor":32.0,"key":"SMITH"},{"data":"Offering","floor":40.0,"key":"SMITH"},{"floor":46.0,"key":"RECALL"},{"floor":49.0,"key":"REST"},{"floor":53,"key":"REST"}],"neow_cost":"PERCENT_DAMAGE","seed_source_timestamp":202508140169000,"circlet_count":0,"master_deck":["AscendersBane","Defend_R","Bash","Metallicize","Spot Weakness","Battle Trance+1","Whirlwind+1","Reckless Charge","Feel No Pain+1","Fiend Fire","True Grit+1","Inflame","Evolve","Barricade+1","Disarm","Second Wind","Seeing Red","Warcry","Wild Strike","Apotheosis+1","Impervious","Offering+1","Body Slam+1","Feel No Pain","Panacea+1","PanicButton+1","Disarm+1"],"special_seed":0,"relics":["Burning Blood","Gremlin Horn","Potion Belt","Orichalcum","White Beast Statue","MawBank","PreservedInsect","Philosopher\u0027s Stone","Dream Catcher","Paper Frog","Toxic Egg 2","Bag of Preparation","Bottled Lightning"],"potions_floor_usage":[51,55,56,56,56],"damage_taken":[{"damage":8.0,"enemies":"Small Slimes","floor":1.0,"turns":4.0},{"damage":7.0,"enemies":"Jaw Worm","floor":2.0,"turns":3.0},{"damage":1.0,"enemies":"Cultist","floor":5.0,"turns":3.0},{"damage":11.0,"enemies":"3 Sentries","floor":7.0,"turns":3.0},{"damage":11.0,"enemies":"Lagavulin","floor":11.0,"turns":6.0},{"damage":0.0,"enemies":"Large Slime","floor":14.0,"turns":3.0},{"damage":12.0,"enemies":"Hexaghost","floor":16.0,"turns":9.0},{"damage":2.0,"enemies":"Chosen","floor":18.0,"turns":7.0},{"damage":10.0,"enemies":"2 Thieves","floor":19.0,"turns":4.0},{"damage":22.0,"enemies":"Snake Plant","floor":20.0,"turns":6.0},{"damage":41.0,"enemies":"Book of Stabbing","floor":23.0,"turns":7.0},{"damage":9.0,"enemies":"Centurion and Healer","floor":24.0,"turns":6.0},{"damage":0.0,"enemies":"Snecko","floor":27.0,"turns":7.0},{"damage":4.0,"enemies":"Sentry and Sphere","floor":28.0,"turns":6.0},{"damage":15.0,"enemies":"Gremlin Leader","floor":31.0,"turns":8.0},{"damage":5.0,"enemies":"Automaton","floor":33.0,"turns":10.0},{"damage":6.0,"enemies":"3 Darklings","floor":35.0,"turns":3.0},{"damage":6.0,"enemies":"3 Shapes","floor":36.0,"turns":3.0},{"damage":17.0,"enemies":"Writhing Mass","floor":38.0,"turns":6.0},{"damage":32.0,"enemies":"Spire Growth","floor":39.0,"turns":5.0},{"damage":6.0,"enemies":"Maw","floor":41.0,"turns":5.0},{"damage":14.0,"enemies":"Reptomancer","floor":42.0,"turns":3.0},{"damage":6.0,"enemies":"Giant Head","floor":44.0,"turns":5.0},{"damage":14.0,"enemies":"3 Darklings","floor":45.0,"turns":3.0},{"damage":30,"enemies":"Awakened One","floor":50,"turns":7},{"damage":24,"enemies":"Time Eater","floor":51,"turns":6},{"damage":45,"enemies":"Shield and Spear","floor":55,"turns":5},{"damage":12,"enemies":"The Heart","floor":56,"turns":8}],"seed_played":"-4576984298088615289","potions_obtained":[{"floor":1.0,"key":"FearPotion"},{"floor":5.0,"key":"Fire Potion"},{"floor":14.0,"key":"Fire Potion"},{"floor":18.0,"key":"Regen Potion"},{"floor":19.0,"key":"BloodPotion"},{"floor":20.0,"key":"Fire Potion"},{"floor":23.0,"key":"SneckoOil"},{"floor":24.0,"key":"SteroidPotion"},{"floor":27.0,"key":"Energy Potion"},{"floor":28.0,"key":"BloodPotion"},{"floor":31.0,"key":"FearPotion"},{"floor":35.0,"key":"Strength Potion"},{"floor":36.0,"key":"Energy Potion"},{"floor":39.0,"key":"SkillPotion"},{"floor":41.0,"key":"Weak Potion"},{"floor":42.0,"key":"Strength Potion"},{"floor":44.0,"key":"Ancient Potion"},{"floor":45.0,"key":"Ancient Potion"},{"floor":55,"key":"Ancient Potion"}],"is_trial":false,"path_per_floor":["M","M","?","?","M","R","E","R","T","R","E","?","$","M","R","B",null,"M","M","M","?","$","E","M","R","T","M","M","$","?","E","R","B",null,"M","M","$","M","M","R","M","E","T","E","M","R","$","?","R","B","B",null,"R","$","E","B",null],"character_chosen":"IRONCLAD","items_purchased":["True Grit","Inflame","Apotheosis","Bag of Preparation"],"campfire_rested":2,"item_purchase_floors":[13,13,29,54],"current_hp_per_floor":[48,47,47,40,45,45,40,40,40,40,35,40,40,46,46,40,70,74,70,68,68,68,33,30,30,30,36,58,58,58,49,49,50,73,73,73,73,62,56,56,56,48,48,48,40,40,40,30,54,30,12,63,80,80,41,35],"gold":84,"neow_bonus":"TRANSFORM_TWO_CARDS","is_prod":false,"is_daily":false,"chose_seed":false,"campfire_upgraded":7,"win_rate":0,"timestamp":1562953389,"path_taken":["M","M","?","?","M","R","E","R","T","R","E","?","?","M","R","BOSS","M","?","M","?","?","E","M","R","T","M","M","$","?","E","R","BOSS","M","M","$","M","M","R","M","E","T","E","M","R","$","?","R","BOSS","BOSS","R","$","E","BOSS"],"build_version":"2019-07-05","purchased_purges":3,"victory":true,"max_hp_per_floor":[75,75,75,75,75,75,75,75,75,75,75,80,80,80,80,80,80,80,80,80,80,80,80,80,80,80,80,80,80,80,80,80,80,80,80,80,80,80,80,80,80,80,80,80,80,80,80,80,80,80,80,80,80,80,80,80],"card_choices":[{"not_picked":["Sword Boomerang","Headbutt"],"picked":"Battle Trance","floor":1.0},{"not_picked":["Flame Barrier","Pommel Strike"],"picked":"Whirlwind","floor":2.0},{"not_picked":["Headbutt","Shockwave"],"picked":"Feel No Pain","floor":5.0},{"not_picked":["Anger","Twin Strike","Pommel Strike"],"picked":"SKIP","floor":7.0},{"not_picked":["Disarm","Heavy Blade"],"picked":"Fiend Fire","floor":11.0},{"not_picked":["Wild Strike","Uppercut"],"picked":"Evolve","floor":14.0},{"not_picked":["Fiend Fire","Exhume"],"picked":"Barricade","floor":16.0},{"not_picked":["Havoc","Clothesline"],"picked":"Disarm","floor":18.0},{"not_picked":["Body Slam","Iron Wave"],"picked":"Second Wind","floor":19.0},{"not_picked":["Corruption","Clothesline","Anger"],"picked":"SKIP","floor":20.0},{"not_picked":["Wild Strike","Immolate","Dropkick"],"picked":"SKIP","floor":23.0},{"not_picked":["Spot Weakness","Whirlwind"],"picked":"Seeing Red","floor":24.0},{"not_picked":["Shrug It Off","Pommel Strike"],"picked":"Warcry","floor":27.0},{"not_picked":["Anger","Thunderclap"],"picked":"Wild Strike","floor":28.0},{"not_picked":["Iron Wave","Heavy Blade"],"picked":"Impervious","floor":31.0},{"not_picked":["Immolate","Brutality"],"picked":"Offering","floor":33.0},{"not_picked":["Seeing Red","Perfected Strike","Armaments"],"picked":"SKIP","floor":35.0},{"not_picked":["Iron Wave","Shrug It Off","Carnage"],"picked":"SKIP","floor":36.0},{"not_picked":["Seeing Red+1","Perfected Strike"],"picked":"Body Slam+1","floor":38.0},{"not_picked":["Hemokinesis","Heavy Blade+1","Body Slam+1"],"picked":"SKIP","floor":39.0},{"not_picked":["Pummel","Havoc","Spot Weakness"],"picked":"SKIP","floor":41.0},{"not_picked":["Spot Weakness","Infernal Blade+1","Flex"],"picked":"SKIP","floor":42.0},{"not_picked":["Sentinel","Pommel Strike"],"picked":"Feel No Pain","floor":44.0},{"not_picked":["Searing Blow","Thunderclap","Infernal Blade+1"],"picked":"SKIP","floor":45.0},{"not_picked":["Blind+1","Trip+1"],"picked":"Panacea+1","floor":48.0},{"not_picked":["Mind Blast","Panache"],"picked":"PanicButton+1","floor":48.0},{"not_picked":["Reckless Charge","Ghostly Armor+1"],"picked":"Disarm+1","floor":53},{"not_picked":["Pommel Strike","Sentinel+1","Hemokinesis"],"picked":"SKIP","floor":55}],"player_experience":5665105,"relics_obtained":[{"floor":7.0,"key":"Gremlin Horn"},{"floor":9.0,"key":"Potion Belt"},{"floor":11.0,"key":"Orichalcum"},{"floor":23.0,"key":"MawBank"},{"floor":31.0,"key":"PreservedInsect"},{"floor":42.0,"key":"Dream Catcher"},{"floor":43.0,"key":"Paper Frog"},{"floor":44.0,"key":"Toxic Egg 2"},{"floor":55,"key":"Bottled Lightning"}],"event_choices":[{"damage_healed":0.0,"max_hp_gain":0.0,"max_hp_loss":0.0,"gold_gain":0.0,"cards_transformed":["Strike_R"],"event_name":"Living Wall","player_choice":"Change","floor":3.0,"gold_loss":0.0,"damage_taken":0.0,"cards_obtained":["Reckless Charge"]},{"cards_removed":["Strike_R"],"damage_healed":0.0,"max_hp_gain":0.0,"max_hp_loss":0.0,"gold_gain":0.0,"event_name":"Golden Wing","player_choice":"Card Removal","floor":4.0,"gold_loss":0.0,"damage_taken":7.0},{"damage_healed":0.0,"max_hp_gain":5.0,"max_hp_loss":0.0,"gold_gain":0.0,"event_name":"Big Fish","player_choice":"Donut","floor":12.0,"gold_loss":0.0,"damage_taken":0.0},{"cards_removed":["Defend_R"],"damage_healed":0.0,"max_hp_gain":0.0,"max_hp_loss":0.0,"gold_gain":0.0,"event_name":"Back to Basics","player_choice":"Elegance","floor":21.0,"gold_loss":0.0,"damage_taken":0.0},{"damage_healed":0.0,"max_hp_gain":0.0,"max_hp_loss":0.0,"gold_gain":50.0,"event_name":"Nest","player_choice":"Stole From Cult","floor":30.0,"gold_loss":0.0,"damage_taken":0.0},{"damage_healed":0.0,"max_hp_gain":0.0,"max_hp_loss":0.0,"gold_gain":0.0,"event_name":"SensoryStone","player_choice":"Memory 3","floor":48.0,"gold_loss":0.0,"damage_taken":10.0}],"is_beta":false,"boss_relics":[{"not_picked":["Orrery","Eternal Feather"],"picked":"White Beast Statue"},{"not_picked":["Tiny House","Black Star"],"picked":"Philosopher\u0027s Stone"}],"items_purged_floors":[13,22,37],"is_endless":false,"potions_floor_spawned":[1,5,14,18,19,20,23,24,27,28,31,33,35,36,38,39,41,42,44,45,55],"ascension_level":20}