{"gold_per_floor":[110,130,146,146,157,157,191,201,224,237,237,237,280,98,98,192,192,217,236,236,257,280,280,298,298,298,213,213,213,257,276,276,370,370,389,412,428,452,477,477,33,73,143,478,478,513,527,570,570,570,570,570,570,126,169,169],"floor_reached":57,"playtime":1409,"items_purged":["Loop"],"score":3762,"play_id":"a236ead4-3de7-46c4-af68-21c384599052","local_time":"20190702024336","is_ascension_mode":true,"campfire_choices":[{"floor":6,"key":"RECALL"},{"floor":15,"key":"REST"},{"data":"Good Instincts","floor":23,"key":"SMITH"},{"data":"Gash","floor":25,"key":"SMITH"},{"data":"Dualcast","floor":29,"key":"PURGE"},{"data":"Redo","floor":32,"key":"PURGE"},{"data":"Zap","floor":40,"key":"PURGE"},{"data":"BootSequence","floor":49,"key":"SMITH"},{"data":"Fission+1","floor":53,"key":"PURGE"}],"neow_cost":"","seed_source_timestamp":0,"circlet_count":0,"master_deck":["Good Instincts+1","Gash+1","Recycle+1","Gash+1","Defragment+1","Good Instincts+1","BootSequence+1"],"relics":["Cracked Core","Unceasing Top","FrozenCore","Peace Pipe","Strawberry","Golden Idol","PreservedInsect","Coffee Dripper","Pen Nib","Lantern","Centennial Puzzle","White Beast Statue","Membership Card","Ginger","Whetstone","Letter Opener","Old Coin","War Paint","Pear","Kunai","FossilizedHelix","Runic Capacitor","Orichalcum"],"potions_floor_usage":[38,56,56],"damage_taken":[{"damage":0,"enemies":"2 Louse","floor":1,"turns":1},{"damage":0,"enemies":"Cultist","floor":2,"turns":1},{"damage":0,"enemies":"Small Slimes","floor":3,"turns":1},{"damage":0,"enemies":"Looter","floor":5,"turns":1},{"damage":0,"enemies":"Lagavulin","floor":7,"turns":1},{"damage":0,"enemies":"2 Fungi Beasts","floor":8,"turns":1},{"damage":0,"enemies":"Blue Slaver","floor":10,"turns":1},{"damage":0,"enemies":"3 Sentries","floor":13,"turns":1},{"damage":0,"enemies":"Slime Boss","floor":16,"turns":1},{"damage":0,"enemies":"Shell Parasite","floor":18,"turns":1},{"damage":0,"enemies":"2 Thieves","floor":19,"turns":1},{"damage":0,"enemies":"Cultist and Chosen","floor":21,"turns":1},{"damage":0,"enemies":"Snake Plant","floor":22,"turns":1},{"damage":0,"enemies":"Snecko","floor":24,"turns":1},{"damage":0,"enemies":"Gremlin Leader","floor":30,"turns":3},{"damage":0,"enemies":"3 Cultists","floor":31,"turns":3},{"damage":0,"enemies":"Automaton","floor":33,"turns":4},{"damage":0,"enemies":"Orb Walker","floor":35,"turns":1},{"damage":0,"enemies":"3 Darklings","floor":36,"turns":1},{"damage":0,"enemies":"Jaw Worm Horde","floor":37,"turns":1},{"damage":0,"enemies":"Transient","floor":38,"turns":1},{"damage":0,"enemies":"Writhing Mass","floor":39,"turns":1},{"damage":0,"enemies":"Nemesis","floor":42,"turns":1},{"damage":0,"enemies":"Reptomancer","floor":44,"turns":1},{"damage":0,"enemies":"Nemesis","floor":46,"turns":1},{"damage":0,"enemies":"4 Shapes","floor":47,"turns":1},{"damage":0,"enemies":"Reptomancer","floor":48,"turns":1},{"damage":0,"enemies":"Awakened One","floor":50,"turns":2},{"damage":0,"enemies":"Donu and Deca","floor":51,"turns":1},{"damage":0,"enemies":"Shield and Spear","floor":55,"turns":1},{"damage":38,"enemies":"The Heart","floor":56,"turns":9}],"seed_played":"7017323000175800","potions_obtained":[{"floor":2,"key":"Strength Potion"},{"floor":7,"key":"SteroidPotion"},{"floor":38,"key":"LiquidBronze"},{"floor":48,"key":"FocusPotion"}],"is_trial":true,"path_per_floor":["M","M","M","?","M","R","E","M","T","M","?","?","E","$","R","B",null,"M","M","?","M","M","R","M","R","T","?","?","R","E","M","R","B",null,"M","M","M","M","M","R","$","E","T","E","?","E","M","E","R","B","B",null,"R","$","E","B",null],"character_chosen":"DEFECT","items_purchased":["Good Instincts","Membership Card","Good Instincts","Ginger","Kunai","Dexterity Potion","FossilizedHelix","Runic Capacitor"],"campfire_rested":1,"item_purchase_floors":[14,41,41,41,54,54,54,54],"current_hp_per_floor":[64,64,64,64,64,64,64,64,64,64,53,26,26,26,49,49,71,71,71,71,71,71,71,71,71,71,71,88,88,88,88,88,88,88,88,88,88,88,88,88,88,88,88,88,88,88,88,98,98,98,98,98,98,98,98,60],"gold":169,"neow_bonus":"","is_prod":false,"is_daily":false,"chose_seed":false,"campfire_upgraded":3,"win_rate":0,"timestamp":1562003016,"path_taken":["M","M","M","?","M","R","E","M","T","?","?","?","E","$","R","BOSS","M","M","?","M","M","R","M","R","T","?","?","R","E","M","R","BOSS","M","M","M","M","M","R","$","E","T","E","?","E","?","E","R","BOSS","BOSS","R","$","E","BOSS"],"build_version":"2019-01-23","purchased_purges":1,"victory":true,"max_hp_per_floor":[71,71,71,71,71,71,71,71,71,71,78,78,78,78,78,78,78,78,78,78,78,78,78,78,78,78,78,88,88,88,88,88,88,88,88,88,88,88,88,88,88,88,88,88,88,88,88,98,98,98,98,98,98,98,98,98],"card_choices":[{"not_picked":["Beam Cell","Go for the Eyes","Sweeping Beam"],"picked":"SKIP","floor":1},{"not_picked":["Skim","Hologram","Barrage"],"picked":"SKIP","floor":2},{"not_picked":["Chill","Steam"],"picked":"Redo","floor":3},{"not_picked":["Conserve Battery","Darkness","Double Energy"],"picked":"SKIP","floor":5},{"not_picked":["Barrage","Thunder Strike"],"picked":"Loop","floor":7},{"not_picked":["Hologram","Sweeping Beam","Cold Snap"],"picked":"SKIP","floor":8},{"not_picked":["Darkness","Beam Cell","Go for the Eyes"],"picked":"SKIP","floor":10},{"not_picked":["Meteor Strike","Gash","Hologram"],"picked":"SKIP","floor":13},{"not_picked":["Turbo","Beam Cell+1","Go for the Eyes"],"picked":"SKIP","floor":18},{"not_picked":["Rebound","Coolheaded+1"],"picked":"Gash","floor":19},{"not_picked":["Biased Cognition","Beam Cell","Redo"],"picked":"SKIP","floor":21},{"not_picked":["Rebound","Turbo","Storm"],"picked":"SKIP","floor":22},{"not_picked":["Lockon","Go for the Eyes","Conserve Battery"],"picked":"SKIP","floor":24},{"not_picked":["Multi-Cast","Go for the Eyes","Stack+1"],"picked":"SKIP","floor":30},{"not_picked":["Double Energy","Ball Lightning","Reprogram"],"picked":"SKIP","floor":31},{"not_picked":["Conserve Battery","Barrage"],"picked":"Recycle+1","floor":35},{"not_picked":["Rebound","Steam","Turbo"],"picked":"SKIP","floor":36},{"not_picked":["Glacier","Leap"],"picked":"Gash","floor":37},{"not_picked":["Conserve Battery","Coolheaded","Chaos"],"picked":"SKIP","floor":38},{"not_picked":["Ball Lightning","Coolheaded"],"picked":"Defragment+1","floor":39},{"not_picked":["Self Repair","Cold Snap+1","Scrape"],"picked":"SKIP","floor":42},{"not_picked":["Turbo","Reprogram"],"picked":"BootSequence","floor":44},{"not_picked":["Hologram","Capacitor+1","Tempest+1"],"picked":"SKIP","floor":46},{"not_picked":["Electrodynamics","Leap","Chaos+1"],"picked":"SKIP","floor":47},{"not_picked":["Barrage","Hyperbeam","Reboot"],"picked":"SKIP","floor":48},{"not_picked":["Force Field","Storm","Rip and Tear+1"],"picked":"SKIP","floor":55}],"player_experience":5553404,"relics_obtained":[{"floor":7,"key":"Peace Pipe"},{"floor":13,"key":"PreservedInsect"},{"floor":26,"key":"Pen Nib"},{"floor":30,"key":"Centennial Puzzle"},{"floor":42,"key":"Whetstone"},{"floor":43,"key":"Letter Opener"},{"floor":44,"key":"Old Coin"},{"floor":46,"key":"War Paint"},{"floor":48,"key":"Pear"},{"floor":55,"key":"Orichalcum"}],"event_choices":[{"damage_healed":0,"gold_gain":0,"player_choice":"Upgraded","damage_taken":0,"max_hp_gain":0,"max_hp_loss":0,"event_name":"Upgrade Shrine","floor":4,"gold_loss":0,"cards_upgraded":["Apotheosis"]},{"damage_healed":0,"gold_gain":0,"player_choice":"Success","damage_taken":18,"relics_obtained":["Strawberry"],"max_hp_gain":0,"max_hp_loss":0,"event_name":"Scrap Ooze","floor":11,"gold_loss":0},{"damage_healed":0,"gold_gain":0,"player_choice":"Take Damage","damage_taken":27,"relics_obtained":["Golden Idol"],"max_hp_gain":0,"max_hp_loss":0,"event_name":"Golden Idol","floor":12,"gold_loss":0},{"damage_healed":0,"gold_gain":0,"player_choice":"Ignored","damage_taken":0,"max_hp_gain":0,"max_hp_loss":0,"event_name":"Cursed Tome","floor":20,"gold_loss":0},{"damage_healed":0,"gold_gain":0,"player_choice":"Obtained Relic","damage_taken":0,"relics_obtained":["Lantern"],"max_hp_gain":0,"max_hp_loss":0,"event_name":"Addict","floor":27,"gold_loss":85},{"cards_removed":["Apotheosis"],"damage_healed":7,"gold_gain":0,"player_choice":"Offered Rare","damage_taken":0,"max_hp_gain":10,"max_hp_loss":0,"event_name":"Bonfire Elementals","floor":28,"gold_loss":0},{"damage_healed":0,"gold_gain":0,"player_choice":"1 cards matched","damage_taken":0,"max_hp_gain":0,"max_hp_loss":0,"event_name":"Match and Keep!","floor":45,"gold_loss":0,"cards_obtained":["Fission"]}],"is_beta":false,"boss_relics":[{"not_picked":["Runic Pyramid","Orrery"],"picked":"Coffee Dripper"},{"not_picked":["Snecko Eye","Pandora\u0027s Box"],"picked":"White Beast Statue"}],"items_purged_floors":[14],"is_endless":false,"potions_floor_spawned":[2,7,8,10,19,31,35,36,37,38,39,42,44,46,47,48,55],"ascension_level":20}