{"gold_per_floor":[109,123,133,133,148,148,175,200,200,211,93,111,111,121,121,196,246,256,48,48,98,13,13,32,32,32,32,32,50,79,79,79,79],"floor_reached":33,"playtime":908,"items_purged":["Strike_G","Defend_G"],"score":530,"play_id":"c96f1b27-9524-4fee-9ba0-106b472d8e5c","local_time":"20190507020741","is_ascension_mode":true,"campfire_choices":[{"floor":6.0,"key":"REST"},{"floor":13,"key":"REST"},{"data":"Noxious Fumes","floor":15,"key":"SMITH"},{"data":"Concentrate","floor":23,"key":"SMITH"},{"data":"Deep Breath","floor":25,"key":"SMITH"},{"data":"Skewer","floor":28,"key":"SMITH"},{"data":"Acrobatics","floor":32,"key":"SMITH"}],"neow_cost":"PERCENT_DAMAGE","seed_source_timestamp":114940440494800,"circlet_count":0,"master_deck":["AscendersBane","Defend_G","Defend_G","Defend_G","Strike_G","Strike_G","Strike_G+1","Survivor","Neutralize","Choke+1","All Out Attack+1","Flying Knee","Crippling Poison","Skewer+1","PiercingWail","Noxious Fumes+1","Backflip","PiercingWail","Adrenaline","Slice","Concentrate+1","Deep Breath+1","Backflip","Acrobatics+1"],"special_seed":0,"relics":["Ring of the Snake","Regal Pillow","Potion Belt","Bag of Preparation","Tiny House","Nunchaku","Letter Opener","Whetstone"],"potions_floor_usage":[16,16,24,24,24,29,30,30,30,33,33,33,33],"damage_taken":[{"damage":1.0,"enemies":"Small Slimes","floor":1.0,"turns":4.0},{"damage":9.0,"enemies":"Jaw Worm","floor":2.0,"turns":6.0},{"damage":0.0,"enemies":"Cultist","floor":3.0,"turns":3.0},{"damage":3.0,"enemies":"Blue Slaver","floor":5.0,"turns":5.0},{"damage":23.0,"enemies":"3 Sentries","floor":8.0,"turns":5.0},{"damage":0.0,"enemies":"3 Louse","floor":10.0,"turns":2.0},{"damage":0,"enemies":"2 Fungi Beasts","floor":12,"turns":3},{"damage":0,"enemies":"Lots of Slimes","floor":14,"turns":3},{"damage":31,"enemies":"Slime Boss","floor":16,"turns":10},{"damage":13,"enemies":"Spheric Guardian","floor":18,"turns":4},{"damage":22,"enemies":"Shell Parasite","floor":24,"turns":4},{"damage":0,"enemies":"Chosen and Byrds","floor":29,"turns":2},{"damage":11,"enemies":"Book of Stabbing","floor":30,"turns":5},{"damage":16,"enemies":"Champ","floor":33,"turns":11}],"seed_played":"-8981541897690926174","potions_obtained":[{"floor":3.0,"key":"LiquidBronze"},{"floor":5.0,"key":"Explosive Potion"},{"floor":12,"key":"SkillPotion"},{"floor":14,"key":"Strength Potion"},{"floor":17,"key":"EntropicBrew"},{"floor":27,"key":"Fire Potion"},{"floor":27,"key":"FairyPotion"},{"floor":30,"key":"EssenceOfSteel"}],"is_trial":false,"path_per_floor":["M","M","M","?","M","R","T","E","T","M","$","M","R","M","R","B",null,"M","$","?","?","?","R","M","R","T","?","R","M","E","$","R","B"],"character_chosen":"THE_SILENT","items_purchased":["Noxious Fumes","Deep Breath"],"campfire_rested":2,"item_purchase_floors":[11,19],"current_hp_per_floor":[43,34,34,8,5,39,39,16,16,16,16,16,50,50,50,19,59,46,46,46,46,46,46,24,24,24,24,24,24,13,13,13,0],"gold":79,"neow_bonus":"REMOVE_TWO","is_prod":false,"is_daily":false,"chose_seed":false,"campfire_upgraded":5,"win_rate":0,"timestamp":1557162461,"path_taken":["M","M","M","?","M","R","?","E","T","M","?","M","R","M","R","BOSS","M","$","?","?","?","R","M","R","T","?","R","?","E","?","R","BOSS"],"build_version":"2019-01-23","purchased_purges":2,"victory":false,"max_hp_per_floor":[66,66,66,66,66,66,66,66,66,66,66,66,66,66,66,66,71,71,71,71,71,71,71,71,71,71,71,71,71,71,71,71,71],"card_choices":[{"not_picked":["Acrobatics","Leg Sweep"],"picked":"Choke","floor":1.0},{"not_picked":["Flying Knee","Skewer"],"picked":"All Out Attack","floor":2.0},{"not_picked":["Acrobatics","Blur"],"picked":"Flying Knee","floor":3.0},{"not_picked":["Riddle With Holes","Dagger Throw"],"picked":"Crippling Poison","floor":5.0},{"not_picked":["Flechettes","Blade Dance"],"picked":"Skewer","floor":8.0},{"not_picked":["Footwork","Blur"],"picked":"PiercingWail","floor":10.0},{"not_picked":["Well Laid Plans","Dagger Throw"],"picked":"Backflip","floor":12},{"not_picked":["Acrobatics","Sucker Punch"],"picked":"PiercingWail","floor":14},{"not_picked":["Night Terror","After Image"],"picked":"Adrenaline","floor":16},{"not_picked":["Quick Slash","Deadly Poison"],"picked":"Slice","floor":17},{"not_picked":["Cloak And Dagger","Underhanded Strike"],"picked":"Concentrate","floor":18},{"not_picked":["PiercingWail","Bane"],"picked":"Backflip","floor":24},{"not_picked":["Dagger Spray","Prepared","Caltrops"],"picked":"SKIP","floor":29},{"not_picked":["Terror","Cloak And Dagger"],"picked":"Acrobatics","floor":30}],"player_experience":4934497,"relics_obtained":[{"floor":7.0,"key":"Potion Belt"},{"floor":8.0,"key":"Bag of Preparation"},{"floor":26,"key":"Letter Opener"},{"floor":30,"key":"Whetstone"}],"event_choices":[{"damage_healed":0.0,"max_hp_gain":0.0,"max_hp_loss":0.0,"gold_gain":0.0,"event_name":"Scrap Ooze","player_choice":"Success","floor":4.0,"gold_loss":0.0,"damage_taken":26.0,"relics_obtained":["Regal Pillow"]},{"damage_healed":0,"gold_gain":0,"player_choice":"Ignored","damage_taken":0,"max_hp_gain":0,"max_hp_loss":0,"event_name":"Vampires","floor":20,"gold_loss":0},{"damage_healed":0,"gold_gain":50,"player_choice":"Stole From Cult","damage_taken":0,"max_hp_gain":0,"max_hp_loss":0,"event_name":"Nest","floor":21,"gold_loss":0},{"damage_healed":0,"gold_gain":0,"player_choice":"Obtained Relic","damage_taken":0,"relics_obtained":["Nunchaku"],"max_hp_gain":0,"max_hp_loss":0,"event_name":"Addict","floor":22,"gold_loss":85},{"damage_healed":0,"gold_gain":0,"player_choice":"Got Potions","damage_taken":0,"max_hp_gain":0,"max_hp_loss":0,"event_name":"Lab","floor":27,"gold_loss":0}],"is_beta":false,"boss_relics":[{"not_picked":["Eternal Feather","Black Star"],"picked":"Tiny House"}],"items_purged_floors":[11,19],"is_endless":false,"potions_floor_spawned":[3,5,12,14,30],"killed_by":"Champ","ascension_level":20}