{"gold_per_floor":[109,109,123,123,143,143,174,174,174,213,213,213,238,256,256,380,380,401,401,424,424,424,459,459,459,459,477,34,34],"floor_reached":29,"playtime":1506,"items_purged":["Defend_B"],"score":289,"play_id":"26ef7a66-a095-4144-90bf-0a291045f672","local_time":"20190720182412","is_ascension_mode":true,"campfire_choices":[{"floor":6,"key":"RECALL"},{"data":"Glacier","floor":8,"key":"SMITH"},{"data":"Hello World","floor":11,"key":"SMITH"},{"floor":15,"key":"REST"},{"floor":24,"key":"REST"}],"neow_cost":"NONE","seed_source_timestamp":864451776169100,"circlet_count":0,"master_deck":["Defend_B","Defend_B","Defend_B","Zap","Dualcast","Coolheaded","Injury","Ball Lightning","Glacier+1","Reprogram","Hello World+1","Rainbow","Loop","Reboot","Tempest","Hello World","Sunder","Tempest","Lockon","Hello World+1","Glacier","Bite","Bite","Bite","Bite","Bite","Self Repair","RitualDagger","Sunder"],"relics":["Black Star","Golden Idol","Symbiotic Virus","Darkstone Periapt","Bottled Flame","PreservedInsect","Bottled Lightning","Orrery","Shuriken","Smiling Mask","Potion Belt","Kunai","Bottled Tornado","Lantern"],"potions_floor_usage":[7,13,23,23,23,29],"damage_taken":[{"damage":4,"enemies":"Jaw Worm","floor":1,"turns":6},{"damage":6,"enemies":"Small Slimes","floor":3,"turns":5},{"damage":0,"enemies":"2 Louse","floor":5,"turns":2},{"damage":11,"enemies":"Gremlin Nob","floor":7,"turns":5},{"damage":10,"enemies":"3 Sentries","floor":10,"turns":9},{"damage":1,"enemies":"Gremlin Gang","floor":13,"turns":5},{"damage":5,"enemies":"Blue Slaver","floor":14,"turns":4},{"damage":31,"enemies":"The Guardian","floor":16,"turns":17},{"damage":0,"enemies":"Shell Parasite","floor":18,"turns":6},{"damage":15,"enemies":"Spheric Guardian","floor":20,"turns":7},{"damage":36,"enemies":"Slavers","floor":23,"turns":5},{"damage":28,"enemies":"Cultist and Chosen","floor":27,"turns":9},{"damage":23,"enemies":"Shelled Parasite and Fungi","floor":29,"turns":3}],"seed_played":"3075734731519341972","potions_obtained":[{"floor":1,"key":"FocusPotion"},{"floor":10,"key":"FocusPotion"},{"floor":16,"key":"Ancient Potion"},{"floor":18,"key":"LiquidBronze"},{"floor":20,"key":"Energy Potion"},{"floor":27,"key":"FocusPotion"}],"is_trial":false,"path_per_floor":["M","?","M","?","M","R","E","R","T","E","R","?","M","M","R","B",null,"M","?","M","?","?","E","R","?","T","M","$","M"],"character_chosen":"DEFECT","items_purchased":["Bottled Tornado","Lantern"],"campfire_rested":2,"item_purchase_floors":[28,28],"current_hp_per_floor":[71,71,65,47,47,47,36,36,36,26,26,26,25,20,42,11,75,75,61,46,46,46,14,30,24,24,11,11,0],"gold":34,"neow_bonus":"BOSS_RELIC","is_prod":false,"is_daily":false,"chose_seed":false,"campfire_upgraded":2,"win_rate":0,"timestamp":1563665052,"path_taken":["M","?","M","?","M","R","E","R","T","E","R","?","?","M","R","BOSS","M","?","M","?","?","E","R","?","T","M","?","?"],"build_version":"2019-07-17","purchased_purges":1,"victory":false,"max_hp_per_floor":[75,75,75,75,75,75,75,75,75,75,75,75,75,75,75,75,75,75,80,80,56,56,56,56,56,56,56,56,56],"card_choices":[{"not_picked":["Compile Driver","Go for the Eyes"],"picked":"Coolheaded","floor":1},{"not_picked":["Rebound","Turbo"],"picked":"Ball Lightning","floor":3},{"not_picked":["Sweeping Beam","Cold Snap"],"picked":"Glacier","floor":5},{"not_picked":["Sweeping Beam","Compile Driver"],"picked":"Reprogram","floor":7},{"not_picked":["Ball Lightning","Cold Snap"],"picked":"Hello World","floor":10},{"not_picked":["Cold Snap","Barrage","Ball Lightning"],"picked":"SKIP","floor":13},{"not_picked":["Coolheaded","Sweeping Beam"],"picked":"Loop","floor":14},{"not_picked":["All For One","Hyperbeam"],"picked":"Reboot","floor":16},{"not_picked":["Redo","Sweeping Beam"],"picked":"Tempest","floor":17},{"not_picked":["Rebound","Cold Snap"],"picked":"Hello World","floor":17},{"not_picked":["Redo","Turbo"],"picked":"Sunder","floor":17},{"not_picked":["Gash","Conserve Battery"],"picked":"Tempest","floor":17},{"not_picked":["Compile Driver","Self Repair"],"picked":"Lockon","floor":17},{"not_picked":["Turbo","Sweeping Beam"],"picked":"Hello World+1","floor":18},{"not_picked":["Buffer","Hello World"],"picked":"Glacier","floor":20},{"not_picked":["Reboot","Steam"],"picked":"Self Repair","floor":23},{"not_picked":["Hologram","Stack"],"picked":"Sunder","floor":27}],"player_experience":122812,"relics_obtained":[{"floor":7,"key":"Darkstone Periapt"},{"floor":7,"key":"Bottled Flame"},{"floor":10,"key":"PreservedInsect"},{"floor":10,"key":"Bottled Lightning"},{"floor":23,"key":"Smiling Mask"},{"floor":23,"key":"Potion Belt"},{"floor":26,"key":"Kunai"}],"event_choices":[{"damage_healed":0,"gold_gain":0,"player_choice":"Take Wound","damage_taken":0,"relics_obtained":["Golden Idol"],"max_hp_gain":0,"max_hp_loss":0,"event_name":"Golden Idol","floor":2,"gold_loss":0,"cards_obtained":["Injury"]},{"damage_healed":0,"gold_gain":0,"player_choice":"Success","damage_taken":18,"relics_obtained":["Symbiotic Virus"],"max_hp_gain":0,"max_hp_loss":0,"event_name":"Scrap Ooze","floor":4,"gold_loss":0},{"damage_healed":0,"gold_gain":0,"player_choice":"1 cards matched","damage_taken":0,"max_hp_gain":0,"max_hp_loss":0,"event_name":"Match and Keep!","floor":12,"gold_loss":0,"cards_obtained":["Rainbow"]},{"damage_healed":0,"gold_gain":0,"player_choice":"Shed Blood","damage_taken":19,"max_hp_gain":5,"max_hp_loss":0,"event_name":"Forgotten Altar","floor":19,"gold_loss":0},{"damage_healed":0,"gold_gain":0,"player_choice":"Became a vampire","damage_taken":0,"max_hp_gain":0,"max_hp_loss":24,"event_name":"Vampires","floor":21,"gold_loss":0,"cards_obtained":["Bite","Bite","Bite","Bite","Bite"]},{"damage_healed":0,"gold_gain":0,"player_choice":"Opened","damage_taken":0,"relics_obtained":["Shuriken"],"max_hp_gain":0,"max_hp_loss":0,"event_name":"The Mausoleum","floor":22,"gold_loss":0},{"damage_healed":0,"gold_gain":0,"player_choice":"Joined the Cult","damage_taken":6,"max_hp_gain":0,"max_hp_loss":0,"event_name":"Nest","floor":25,"gold_loss":0,"cards_obtained":["RitualDagger"]}],"is_beta":false,"boss_relics":[{"not_picked":["Ectoplasm","Lizard Tail"],"picked":"Orrery"}],"items_purged_floors":[28],"is_endless":false,"potions_floor_spawned":[1,10,16,18,20,27],"killed_by":"Shelled Parasite and Fungi","ascension_level":1}