{"gold_per_floor":[110,110,65,82,82,113,129,159,206,48,75,85,95,105,105,207,207,227,227,247,257,132,158,158,188,240,240,254,104,48,66,66,165,165,184,89,106,106,123,123,223,77,77,77,130,130,142,161,161,161],"floor_reached":51,"playtime":4214,"items_purged":["Shame"],"score":878,"play_id":"63ca7cd2-6209-47d5-879d-71ad293c52ce","local_time":"20190711150240","is_ascension_mode":true,"campfire_choices":[{"data":"Uppercut","floor":15.0,"key":"SMITH"},{"floor":24.0,"key":"REST"},{"data":"Hemokinesis","floor":27.0,"key":"SMITH"},{"data":"Bludgeon","floor":32.0,"key":"SMITH"},{"data":"Hemokinesis","floor":40.0,"key":"SMITH"},{"data":"Evolve","floor":44.0,"key":"SMITH"},{"floor":46.0,"key":"REST"},{"data":"Bloodletting","floor":49,"key":"SMITH"}],"neow_cost":"NONE","seed_source_timestamp":46757943718700,"circlet_count":0,"master_deck":["Strike_R","Strike_R","Strike_R","Strike_R","Strike_R","Defend_R","Defend_R","Defend_R","Defend_R","Bash","Reckless Charge","Shrug It Off","Perfected Strike","Cleave","Shrug It Off","Headbutt","Metallicize","Uppercut+1","Bloodletting+1","Bludgeon+1","Iron Wave+1","Power Through","Hemokinesis+1","Rupture","Inflame","Shrug It Off+1","Sword Boomerang+1","Brutality","Hemokinesis+1","Power Through+1","Shame","Battle Trance","Hemokinesis+1","Evolve+1","Pummel+1","Pain","Parasite","Limit Break"],"special_seed":0,"relics":["Burning Blood","Pantograph","Potion Belt","Bag of Preparation","Gremlin Horn","Cursed Key","Anchor","Kunai","Orichalcum","Mercury Hourglass","Runic Cube","Molten Egg 2","Du-Vu Doll","Lantern","Pocketwatch"],"potions_floor_usage":[50,50,50],"damage_taken":[{"damage":5.0,"enemies":"Small Slimes","floor":1.0,"turns":4.0},{"damage":4.0,"enemies":"2 Louse","floor":4.0,"turns":3.0},{"damage":33.0,"enemies":"Lagavulin","floor":6.0,"turns":6.0},{"damage":6.0,"enemies":"Cultist","floor":7.0,"turns":3.0},{"damage":16.0,"enemies":"Gremlin Nob","floor":8.0,"turns":3.0},{"damage":12.0,"enemies":"3 Sentries","floor":11.0,"turns":5.0},{"damage":2.0,"enemies":"Red Slaver","floor":12.0,"turns":3.0},{"damage":1.0,"enemies":"Exordium Wildlife","floor":13.0,"turns":6.0},{"damage":12.0,"enemies":"Gremlin Gang","floor":14.0,"turns":6.0},{"damage":47.0,"enemies":"Hexaghost","floor":16.0,"turns":11.0},{"damage":21.0,"enemies":"Shell Parasite","floor":18.0,"turns":4.0},{"damage":20.0,"enemies":"2 Thieves","floor":20.0,"turns":3.0},{"damage":4.0,"enemies":"Cultist and Chosen","floor":21.0,"turns":4.0},{"damage":16.0,"enemies":"Gremlin Leader","floor":23.0,"turns":4.0},{"damage":6.0,"enemies":"Slavers","floor":25.0,"turns":6.0},{"damage":5.0,"enemies":"3 Cultists","floor":28.0,"turns":5.0},{"damage":6.0,"enemies":"Snake Plant","floor":31.0,"turns":3.0},{"damage":55.0,"enemies":"Automaton","floor":33.0,"turns":9.0},{"damage":9.0,"enemies":"3 Darklings","floor":35.0,"turns":5.0},{"damage":20.0,"enemies":"Orb Walker","floor":37.0,"turns":3.0},{"damage":12.0,"enemies":"4 Shapes","floor":39.0,"turns":4.0},{"damage":13.0,"enemies":"Mind Bloom Boss Battle","floor":41.0,"turns":6.0},{"damage":17.0,"enemies":"2 Orb Walkers","floor":45.0,"turns":4.0},{"damage":29.0,"enemies":"Writhing Mass","floor":47.0,"turns":5.0},{"damage":4,"enemies":"Spire Growth","floor":48,"turns":2},{"damage":56,"enemies":"Time Eater","floor":50,"turns":7}],"seed_played":"5727832128140290431","potions_obtained":[{"floor":0.0,"key":"Fire Potion"},{"floor":0.0,"key":"Dexterity Potion"},{"floor":0.0,"key":"PowerPotion"},{"floor":1.0,"key":"SkillPotion"},{"floor":6.0,"key":"Explosive Potion"},{"floor":14.0,"key":"Weak Potion"},{"floor":25.0,"key":"SpeedPotion"},{"floor":31.0,"key":"GamblersBrew"},{"floor":33.0,"key":"Poison Potion"},{"floor":37.0,"key":"Swift Potion"},{"floor":39.0,"key":"Swift Potion"},{"floor":48,"key":"Dexterity Potion"}],"is_trial":false,"path_per_floor":["M","?","$","M","?","E","M","E","T","$","E","M","M","M","R","B",null,"M","?","M","M","$","E","R","E","T","R","M","$","?","M","R","B",null,"M","$","M","T","M","R","?","$","T","R","?","R","M","M","R","B",null],"character_chosen":"IRONCLAD","items_purchased":["Shrug It Off","Regen Potion","Block Potion","Metallicize","BloodPotion","Explosive Potion","EssenceOfSteel","SneckoOil","Evolve","Pummel+1"],"campfire_rested":2,"item_purchase_floors":[3,10,10,10,22,22,29,36,42,42],"current_hp_per_floor":[80,80,80,80,80,53,53,43,43,43,51,55,60,54,54,38,70,55,31,17,19,19,29,53,53,53,53,54,54,54,54,54,30,68,65,65,51,51,45,45,63,63,63,63,52,76,53,55,55,30],"gold":161,"neow_bonus":"THREE_SMALL_POTIONS","is_prod":false,"is_daily":false,"chose_seed":false,"campfire_upgraded":6,"win_rate":0,"timestamp":1562871760,"path_taken":["M","?","$","M","?","E","M","E","T","$","E","M","M","M","R","BOSS","M","?","?","M","?","E","R","E","T","R","M","$","?","M","R","BOSS","M","$","?","?","M","R","?","$","T","R","?","R","M","M","R","BOSS"],"build_version":"2019-07-05","purchased_purges":1,"victory":true,"max_hp_per_floor":[80,80,80,80,80,80,80,80,80,80,80,80,80,80,80,80,80,80,80,80,80,80,80,80,80,80,80,80,80,80,80,80,80,80,80,80,80,80,80,80,80,80,80,80,80,80,80,80,80,80],"card_choices":[{"not_picked":["Body Slam","Perfected Strike"],"picked":"Reckless Charge","floor":1.0},{"not_picked":["Flex","Searing Blow"],"picked":"Perfected Strike","floor":4.0},{"not_picked":["Clash","Shrug It Off"],"picked":"Cleave","floor":6.0},{"not_picked":["Warcry","Flex"],"picked":"Shrug It Off","floor":7.0},{"not_picked":["Fiend Fire","Heavy Blade"],"picked":"Headbutt","floor":8.0},{"not_picked":["Rupture","Wild Strike"],"picked":"Uppercut","floor":11.0},{"not_picked":["Shockwave","Body Slam","Evolve"],"picked":"SKIP","floor":12.0},{"not_picked":["Twin Strike","Reckless Charge"],"picked":"Bloodletting","floor":13.0},{"not_picked":["Wild Strike","Whirlwind","Feel No Pain"],"picked":"SKIP","floor":14.0},{"not_picked":["Fiend Fire","Exhume"],"picked":"Bludgeon","floor":16.0},{"not_picked":["Clothesline","Wild Strike+1"],"picked":"Iron Wave+1","floor":18.0},{"not_picked":["Warcry","Entrench"],"picked":"Power Through","floor":20.0},{"not_picked":["Twin Strike","Reckless Charge"],"picked":"Hemokinesis","floor":21.0},{"not_picked":["Heavy Blade+1","Feel No Pain"],"picked":"Rupture","floor":23.0},{"not_picked":["Second Wind","Barricade"],"picked":"Inflame","floor":25.0},{"not_picked":["Pummel","Pommel Strike"],"picked":"Shrug It Off+1","floor":28.0},{"not_picked":["Armaments","Twin Strike"],"picked":"Sword Boomerang+1","floor":31.0},{"not_picked":["Dark Embrace","Barricade"],"picked":"Brutality","floor":33.0},{"not_picked":["Entrench+1","Warcry"],"picked":"Hemokinesis","floor":35.0},{"not_picked":["Armaments+1","Shockwave+1"],"picked":"Power Through+1","floor":37.0},{"not_picked":["Body Slam+1","Thunderclap+1"],"picked":"Battle Trance","floor":39.0},{"not_picked":["Rampage+1","Body Slam+1"],"picked":"Hemokinesis+1","floor":41.0},{"not_picked":["Infernal Blade+1","Thunderclap+1"],"picked":"Limit Break","floor":47.0},{"not_picked":["Clothesline+1","Cleave+1","Reckless Charge+1"],"picked":"SKIP","floor":48}],"player_experience":204711,"relics_obtained":[{"floor":6.0,"key":"Pantograph"},{"floor":8.0,"key":"Potion Belt"},{"floor":9.0,"key":"Bag of Preparation"},{"floor":11.0,"key":"Gremlin Horn"},{"floor":23.0,"key":"Anchor"},{"floor":25.0,"key":"Kunai"},{"floor":26.0,"key":"Orichalcum"},{"floor":38.0,"key":"Molten Egg 2"},{"floor":41.0,"key":"Du-Vu Doll"},{"floor":43.0,"key":"Lantern"},{"floor":45.0,"key":"Pocketwatch"}],"event_choices":[{"damage_healed":0.0,"max_hp_gain":0.0,"max_hp_loss":0.0,"gold_gain":0.0,"event_name":"Golden Idol","player_choice":"Ignored","floor":2.0,"gold_loss":0.0,"damage_taken":0.0},{"damage_healed":0.0,"max_hp_gain":0.0,"max_hp_loss":0.0,"gold_gain":0.0,"event_name":"Scrap Ooze","player_choice":"Fled","floor":5.0,"gold_loss":0.0,"damage_taken":0.0},{"damage_healed":0.0,"max_hp_gain":0.0,"max_hp_loss":0.0,"gold_gain":0.0,"event_name":"Knowing Skull","player_choice":"POTION POTION ","floor":19.0,"potions_obtained":["PowerPotion","EssenceOfSteel"],"gold_loss":0.0,"damage_taken":24.0,"cards_obtained":[]},{"damage_healed":0.0,"max_hp_gain":0.0,"max_hp_loss":0.0,"gold_gain":0.0,"event_name":"WeMeetAgain","player_choice":"Paid Gold","floor":30.0,"gold_loss":56.0,"damage_taken":0.0,"relics_obtained":["Mercury Hourglass"]},{"damage_healed":0.0,"max_hp_gain":0.0,"max_hp_loss":0.0,"gold_gain":0.0,"event_name":"MindBloom","player_choice":"Fight","floor":41.0,"gold_loss":0.0,"damage_taken":0.0},{"damage_healed":0.0,"max_hp_gain":0.0,"max_hp_loss":0.0,"gold_gain":0.0,"event_name":"Mysterious Sphere","player_choice":"Fight","floor":45.0,"gold_loss":0.0,"damage_taken":0.0}],"is_beta":false,"boss_relics":[{"not_picked":["Empty Cage","Tiny House"],"picked":"Cursed Key"},{"not_picked":["Astrolabe","Philosopher\u0027s Stone"],"picked":"Runic Cube"}],"items_purged_floors":[29],"is_endless":false,"potions_floor_spawned":[1,6,14,25,31,33,37,39,45,48],"ascension_level":5}