{"gold_per_floor":[109,109,125,40,58,58,108,133,159,159,172,185,196,35,35,112,112,125,125,142,142,142,142,29,29,52,72,83,114,114,124,124,200,200,213,233,233,233,233,233,248,248,248,48,48,94,119,137,137,137,137],"floor_reached":52,"playtime":2861,"items_purged":["Strike_R"],"score":2875,"play_id":"52eeb00b-a3a3-4ff8-ac8a-e137b1fdb7d1","local_time":"20190724234454","is_ascension_mode":true,"campfire_choices":[{"floor":6.0,"key":"REST"},{"data":"Corruption","floor":10.0,"key":"SMITH"},{"data":"Feel No Pain","floor":15.0,"key":"SMITH"},{"data":"Barricade","floor":23.0,"key":"SMITH"},{"data":"Feel No Pain","floor":30.0,"key":"SMITH"},{"data":"Feel No Pain","floor":32.0,"key":"SMITH"},{"floor":40.0,"key":"REST"},{"data":"Armaments","floor":42.0,"key":"SMITH"},{"data":"Juggernaut","floor":45,"key":"SMITH"},{"floor":49,"key":"REST"}],"neow_cost":"","seed_source_timestamp":2884194353788963,"circlet_count":0,"master_deck":["AscendersBane","Strike_R","Defend_R","Defend_R","Defend_R","Defend_R","Bash","Corruption+1","True Grit","Armaments+1","Sword Boomerang","Ghostly Armor","Feel No Pain+1","Impervious","Shrug It Off+1","Intimidate+1","Shrug It Off","Seeing Red","Barricade+1","Shockwave","Body Slam","Feel No Pain+1","Feel No Pain+1","Shrug It Off","Shockwave","Shrug It Off","Juggernaut+1","Disarm+1","Limit Break","Armaments+1","Magnetism","Purity","Panacea","Madness","Madness","Sever Soul","Shrug It Off","Shockwave","Burning Pact"],"special_seed":0,"relics":["Burning Blood","Dead Branch","Turnip","Mummified Hand","Orichalcum","War Paint","Red Skull","Empty Cage","Enchiridion","Bag of Preparation","Bottled Flame","Cursed Key","Vajra","Peace Pipe","Oddly Smooth Stone"],"potions_floor_usage":[],"damage_taken":[{"damage":8.0,"enemies":"Small Slimes","floor":1.0,"turns":4.0},{"damage":3.0,"enemies":"Cultist","floor":3.0,"turns":3.0},{"damage":0.0,"enemies":"2 Louse","floor":5.0,"turns":4.0},{"damage":0.0,"enemies":"Gremlin Nob","floor":8.0,"turns":4.0},{"damage":0.0,"enemies":"Red Slaver","floor":11.0,"turns":4.0},{"damage":0.0,"enemies":"3 Louse","floor":12.0,"turns":3.0},{"damage":0.0,"enemies":"Large Slime","floor":13.0,"turns":7.0},{"damage":0.0,"enemies":"Slime Boss","floor":16.0,"turns":6.0},{"damage":0.0,"enemies":"Spheric Guardian","floor":18.0,"turns":6.0},{"damage":3.0,"enemies":"Chosen","floor":20.0,"turns":6.0},{"damage":0.0,"enemies":"Snake Plant","floor":27.0,"turns":2.0},{"damage":0.0,"enemies":"Snecko","floor":28.0,"turns":6.0},{"damage":1.0,"enemies":"Gremlin Leader","floor":29.0,"turns":4.0},{"damage":0.0,"enemies":"Chosen and Byrds","floor":31.0,"turns":4.0},{"damage":55.0,"enemies":"Champ","floor":33.0,"turns":5.0},{"damage":16.0,"enemies":"3 Darklings","floor":35.0,"turns":2.0},{"damage":1.0,"enemies":"Orb Walker","floor":36.0,"turns":4.0},{"damage":3.0,"enemies":"4 Shapes","floor":41.0,"turns":2.0},{"damage":0,"enemies":"2 Orb Walkers","floor":46,"turns":1},{"damage":54,"enemies":"Reptomancer","floor":47,"turns":6},{"damage":8,"enemies":"Jaw Worm Horde","floor":48,"turns":2},{"damage":0,"enemies":"Time Eater","floor":50,"turns":10},{"damage":0,"enemies":"Donu and Deca","floor":51,"turns":6}],"seed_played":"8886058547582080249","potions_obtained":[{"floor":8.0,"key":"Dexterity Potion"},{"floor":12.0,"key":"Strength Potion"}],"is_trial":false,"path_per_floor":["M","?","M","$","M","R","?","E","T","R","M","M","M","$","R","B",null,"M","?","M","?","?","R","$","?","T","M","M","E","R","M","R","B",null,"M","M","?","?","?","R","M","R","T","$","R","?","E","M","R","B","B",null],"character_chosen":"IRONCLAD","items_purchased":["Dead Branch","Corruption","Fruit Juice","Turnip","Mummified Hand","Orichalcum","True Grit","Armaments","Ancient Potion","Sword Boomerang","Impervious","Seeing Red","Feel No Pain","Shrug It Off","Vajra","Sever Soul"],"campfire_rested":3,"item_purchase_floors":[0,0,0,0,0,0,0,0,0,0,4,14,24,24,44,44],"current_hp_per_floor":[23,23,26,26,32,56,56,62,62,62,68,74,80,80,80,80,80,80,80,80,59,59,59,59,59,59,65,71,76,76,80,80,31,68,58,63,53,39,39,63,66,66,66,66,66,72,24,22,46,52,58],"gold":137,"neow_bonus":"","is_prod":false,"is_daily":false,"chose_seed":false,"campfire_upgraded":7,"win_rate":0,"timestamp":1564004694,"path_taken":["M","?","M","$","?","R","?","E","T","R","M","?","M","$","R","BOSS","M","?","M","?","?","R","$","?","T","M","M","E","R","M","R","BOSS","M","M","?","?","?","R","M","R","T","$","R","?","E","?","R","BOSS","BOSS"],"build_version":"2019-07-17","purchased_purges":1,"victory":true,"max_hp_per_floor":[80,80,80,80,80,80,80,80,80,80,80,80,80,80,80,80,80,80,80,80,80,80,80,80,80,80,80,80,80,80,80,80,80,80,80,80,80,80,80,80,80,80,80,80,80,80,80,80,80,80,80],"card_choices":[{"not_picked":["Headbutt","Body Slam"],"picked":"Ghostly Armor","floor":1.0},{"not_picked":["Searing Blow","Thunderclap"],"picked":"Feel No Pain","floor":3.0},{"not_picked":["Thunderclap","Clash"],"picked":"Shrug It Off","floor":5.0},{"not_picked":["Sword Boomerang","Blood for Blood"],"picked":"Intimidate","floor":8.0},{"not_picked":["Clash","Pommel Strike","Searing Blow"],"picked":"SKIP","floor":11.0},{"not_picked":["Clash","Clothesline","Perfected Strike"],"picked":"SKIP","floor":12.0},{"not_picked":["Wild Strike","Blood for Blood"],"picked":"Shrug It Off","floor":13.0},{"not_picked":["Brutality","Double Tap"],"picked":"Barricade","floor":16.0},{"not_picked":["Fire Breathing","Havoc"],"picked":"Shockwave","floor":18.0},{"not_picked":["Combust","Clothesline"],"picked":"Body Slam","floor":20.0},{"not_picked":["Armaments","Flex"],"picked":"Shockwave","floor":27.0},{"not_picked":["Sword Boomerang","Cleave+1"],"picked":"Shrug It Off","floor":28.0},{"not_picked":["Intimidate+1","Sword Boomerang"],"picked":"Juggernaut","floor":29.0},{"not_picked":["Thunderclap","True Grit"],"picked":"Disarm+1","floor":31.0},{"not_picked":["Fiend Fire","Demon Form"],"picked":"Limit Break","floor":33.0},{"not_picked":["Carnage","Uppercut","Twin Strike"],"picked":"SKIP","floor":35.0},{"not_picked":["Flex","Headbutt"],"picked":"Armaments+1","floor":36.0},{"not_picked":["Deep Breath","Swift Strike"],"picked":"Magnetism","floor":37.0},{"not_picked":["Discovery","Secret Technique"],"picked":"Purity","floor":37.0},{"not_picked":["Master of Strategy","Swift Strike"],"picked":"Panacea","floor":37.0},{"not_picked":["Heavy Blade","Perfected Strike","Shrug It Off"],"picked":"SKIP","floor":41.0},{"not_picked":["Pommel Strike","Ghostly Armor"],"picked":"Shrug It Off","floor":46},{"not_picked":["Armaments","Flex"],"picked":"Shockwave","floor":47},{"not_picked":["Whirlwind","Thunderclap"],"picked":"Burning Pact","floor":48}],"player_experience":595687,"relics_obtained":[{"floor":8.0,"key":"War Paint"},{"floor":9.0,"key":"Red Skull"},{"floor":21.0,"key":"Enchiridion"},{"floor":26.0,"key":"Bag of Preparation"},{"floor":29.0,"key":"Bottled Flame"},{"floor":46,"key":"Peace Pipe"},{"floor":47,"key":"Oddly Smooth Stone"}],"event_choices":[{"damage_healed":0.0,"max_hp_gain":0.0,"max_hp_loss":0.0,"gold_gain":0.0,"event_name":"Match and Keep!","player_choice":"0 cards matched","floor":2.0,"gold_loss":0.0,"damage_taken":0.0,"cards_obtained":[]},{"damage_healed":0.0,"max_hp_gain":0.0,"max_hp_loss":0.0,"gold_gain":50.0,"event_name":"Golden Shrine","player_choice":"Pray","floor":7.0,"gold_loss":0.0,"damage_taken":0.0},{"damage_healed":0.0,"max_hp_gain":0.0,"max_hp_loss":0.0,"gold_gain":0.0,"event_name":"Ghosts","player_choice":"Ignored","floor":19.0,"gold_loss":0.0,"damage_taken":0.0},{"damage_healed":0.0,"max_hp_gain":0.0,"max_hp_loss":0.0,"gold_gain":0.0,"event_name":"Cursed Tome","player_choice":"Obtained Book","floor":21.0,"gold_loss":0.0,"damage_taken":21.0},{"damage_healed":0.0,"max_hp_gain":0.0,"max_hp_loss":0.0,"gold_gain":0.0,"event_name":"The Library","player_choice":"Read","floor":22.0,"gold_loss":0.0,"damage_taken":0.0,"cards_obtained":["Feel No Pain"]},{"damage_healed":0.0,"max_hp_gain":0.0,"max_hp_loss":0.0,"gold_gain":0.0,"event_name":"Vampires","player_choice":"Ignored","floor":25.0,"gold_loss":0.0,"damage_taken":0.0},{"damage_healed":0.0,"max_hp_gain":0.0,"max_hp_loss":0.0,"gold_gain":0.0,"event_name":"SensoryStone","player_choice":"Memory 3","floor":37.0,"gold_loss":0.0,"damage_taken":10.0},{"damage_healed":0.0,"max_hp_gain":0.0,"max_hp_loss":0.0,"gold_gain":0.0,"event_name":"Winding Halls","player_choice":"Embrace Madness","floor":38.0,"gold_loss":0.0,"damage_taken":14.0,"cards_obtained":["Madness","Madness"]},{"cards_removed":["Strike_R"],"damage_healed":0.0,"max_hp_gain":0.0,"max_hp_loss":0.0,"gold_gain":0.0,"event_name":"Falling","player_choice":"Removed Attack","floor":39.0,"gold_loss":0.0,"damage_taken":0.0},{"damage_healed":0,"gold_gain":0,"player_choice":"Fight","damage_taken":0,"max_hp_gain":0,"max_hp_loss":0,"event_name":"Mysterious Sphere","floor":46,"gold_loss":0}],"is_beta":false,"boss_relics":[{"not_picked":["White Beast Statue","Lizard Tail"],"picked":"Empty Cage"},{"not_picked":["Pandora\u0027s Box","Tiny House"],"picked":"Cursed Key"}],"items_purged_floors":[14],"is_endless":false,"potions_floor_spawned":[8,12,18,29,35,41,47],"ascension_level":20}