{"gold_per_floor":[112,112,112,139,289,317,317,3,3,19,19,37,37,37,37,109,109,121,121,10,10,10,10,42,42,42,21,21,40,53,73,73,73],"floor_reached":33,"playtime":674,"items_purged":["Doubt"],"score":725,"play_id":"66c1e48d-9af7-4948-acf5-dc82914303c2","local_time":"20190717013714","is_ascension_mode":true,"campfire_choices":[{"floor":7,"key":"REST"},{"data":"1","floor":11,"key":"LIFT"},{"data":"2","floor":15,"key":"LIFT"},{"data":"3","floor":23,"key":"LIFT"},{"floor":25,"key":"REST"},{"floor":32,"key":"REST"}],"neow_cost":"","seed_source_timestamp":2201893665830009,"circlet_count":0,"master_deck":["AscendersBane","Strike_R","Strike_R","Strike_R","Strike_R","Defend_R","Defend_R","Defend_R","Defend_R","Bash+1","Rage+1","Perfected Strike","Pommel Strike","Berserk+1","Perfected Strike","Normality","Spot Weakness","Dagger Spray+1","Perfected Strike","Perfected Strike+1"],"special_seed":0,"relics":["Burning Blood","Membership Card","Juzu Bracelet","Oddly Smooth Stone","Frozen Egg 2","PreservedInsect","Bag of Marbles","Sling","Girya","Cursed Key","PrismaticShard","Unceasing Top","Magic Flower"],"potions_floor_usage":[6,6,16,33],"damage_taken":[{"damage":0.0,"enemies":"Cultist","floor":1.0,"turns":4.0},{"damage":69,"enemies":"Gremlin Nob","floor":6,"turns":6},{"damage":2,"enemies":"Small Slimes","floor":10,"turns":4},{"damage":3,"enemies":"Jaw Worm","floor":12,"turns":2},{"damage":34,"enemies":"The Guardian","floor":16,"turns":12},{"damage":25,"enemies":"Spheric Guardian","floor":18,"turns":4},{"damage":15,"enemies":"Slavers","floor":24,"turns":4},{"damage":12,"enemies":"Chosen","floor":29,"turns":3},{"damage":30,"enemies":"Sentry and Sphere","floor":30,"turns":5},{"damage":6,"enemies":"Snecko","floor":31,"turns":3},{"damage":50,"enemies":"Champ","floor":33,"turns":8}],"seed_played":"-2064648832586360137","potions_obtained":[{"floor":1.0,"key":"Strength Potion"},{"floor":10,"key":"Weak Potion"},{"floor":24,"key":"EssenceOfSteel"},{"floor":29,"key":"EssenceOfSteel"},{"floor":31,"key":"SpeedPotion"}],"is_trial":false,"path_per_floor":["M","?","?","T","?","E","R","$","T","M","R","M","?","?","R","B",null,"M","?","$","?","?","R","E","R","T","$","T","M","M","M","R","B"],"character_chosen":"IRONCLAD","items_purchased":["Membership Card","Juzu Bracelet","Oddly Smooth Stone","Regen Potion","PreservedInsect","Bag of Marbles","Sling","PrismaticShard","Spot Weakness"],"campfire_rested":3,"item_purchase_floors":[0,0,0,0,8,8,8,20,27],"current_hp_per_floor":[59,75,75,75,75,18,40,40,40,44,44,47,47,47,47,19,61,42,42,42,42,31,31,22,44,44,44,44,41,20,23,45,0],"gold":73,"neow_bonus":"","is_prod":false,"is_daily":false,"chose_seed":false,"campfire_upgraded":0,"win_rate":0,"timestamp":1563320234,"path_taken":["M","?","?","?","?","E","R","$","T","M","R","M","?","?","R","BOSS","M","?","$","?","?","R","E","R","T","?","?","M","M","M","R","BOSS"],"build_version":"2019-07-05","purchased_purges":1,"victory":false,"max_hp_per_floor":[75,75,75,75,75,75,75,75,75,75,75,75,75,75,75,75,75,75,75,75,75,75,75,75,75,75,75,75,75,75,75,75,75],"card_choices":[{"not_picked":["Sword Boomerang","Flex"],"picked":"Rage","floor":1.0},{"not_picked":["Headbutt","Wild Strike","Heavy Blade"],"picked":"SKIP","floor":6},{"not_picked":["Reckless Charge","Wild Strike"],"picked":"Perfected Strike","floor":10},{"not_picked":["Havoc","Ghostly Armor"],"picked":"Pommel Strike","floor":12},{"not_picked":["Immolate","Brutality+1"],"picked":"Berserk+1","floor":16},{"not_picked":["Thunderclap+1","Armaments"],"picked":"Perfected Strike","floor":18},{"not_picked":["Clash+1","Dropkick","Calculated Gamble"],"picked":"SKIP","floor":24},{"not_picked":["Poisoned Stab","Expertise"],"picked":"Dagger Spray+1","floor":29},{"not_picked":["Warcry+1","Rage"],"picked":"Perfected Strike","floor":30},{"not_picked":["Spot Weakness","Dagger Throw"],"picked":"Perfected Strike+1","floor":31}],"player_experience":460752,"relics_obtained":[{"floor":6,"key":"Frozen Egg 2"},{"floor":9,"key":"Girya"},{"floor":24,"key":"Unceasing Top"},{"floor":26,"key":"Magic Flower"}],"event_choices":[{"damage_healed":16.0,"max_hp_gain":0.0,"max_hp_loss":0.0,"gold_gain":0.0,"event_name":"Wheel of Change","player_choice":"Full Heal","floor":2.0,"gold_loss":0.0,"damage_taken":0.0},{"cards_removed":["Strike_R"],"damage_healed":0.0,"max_hp_gain":0.0,"max_hp_loss":0.0,"gold_gain":0.0,"event_name":"Bonfire Elementals","player_choice":"Offered Basic","floor":3.0,"gold_loss":0.0,"damage_taken":0.0},{"damage_healed":0.0,"max_hp_gain":0.0,"max_hp_loss":0.0,"gold_gain":150.0,"event_name":"Liars Game","player_choice":"AGREE","floor":5.0,"gold_loss":0.0,"damage_taken":0.0,"cards_obtained":["Doubt"]},{"damage_healed":0,"gold_gain":0,"player_choice":"Grow","damage_taken":0,"max_hp_gain":0,"max_hp_loss":0,"event_name":"Living Wall","floor":13,"gold_loss":0,"cards_upgraded":["Bash"]},{"damage_healed":0,"gold_gain":0,"player_choice":"Ignored","damage_taken":0,"max_hp_gain":0,"max_hp_loss":0,"event_name":"Transmorgrifier","floor":14,"gold_loss":0},{"damage_healed":0,"gold_gain":0,"player_choice":"Ignored","damage_taken":0,"max_hp_gain":0,"max_hp_loss":0,"event_name":"Ghosts","floor":19,"gold_loss":0},{"damage_healed":0,"gold_gain":0,"player_choice":"Upgraded","damage_taken":0,"max_hp_gain":0,"max_hp_loss":0,"event_name":"Upgrade Shrine","floor":21,"gold_loss":0,"cards_upgraded":["Rage"]},{"damage_healed":0,"gold_gain":0,"player_choice":"Damaged","damage_taken":11,"max_hp_gain":0,"max_hp_loss":0,"event_name":"Wheel of Change","floor":22,"gold_loss":0}],"is_beta":false,"boss_relics":[{"not_picked":["Mark of Pain","White Beast Statue"],"picked":"Cursed Key"}],"items_purged_floors":[8],"is_endless":false,"potions_floor_spawned":[1,10,24,29,31],"killed_by":"Champ","ascension_level":19}