{"gold_per_floor":[109,126,51,61,26,26,26,26,51,51,85,85,97,128,128,225,225,235,252,252,177,194,194,194],"floor_reached":24,"playtime":1039,"items_purged":["Defend_B"],"score":214,"play_id":"fa036d1f-ba1e-4753-ada0-bc9352da51dc","local_time":"20190718211439","is_ascension_mode":true,"campfire_choices":[{"floor":6,"key":"RECALL"},{"data":"Genetic Algorithm","floor":10,"key":"SMITH"},{"data":"Coolheaded","floor":12,"key":"SMITH"},{"floor":15,"key":"REST"},{"data":"Creative AI","floor":23,"key":"SMITH"}],"neow_cost":"NONE","seed_source_timestamp":702345443766500,"circlet_count":0,"master_deck":["Strike_B","Strike_B","Strike_B","Defend_B","Zap","Dualcast","Coolheaded+1","Genetic Algorithm+1","FTL","Echo Form","Ball Lightning","Meteor Strike","Creative AI+1","Consume","Ball Lightning","BootSequence"],"relics":["Sozu","Bronze Scales","Symbiotic Virus","Inserter"],"potions_floor_usage":[],"damage_taken":[{"damage":0,"enemies":"Small Slimes","floor":1,"turns":4},{"damage":1,"enemies":"Jaw Worm","floor":2,"turns":4},{"damage":4,"enemies":"Cultist","floor":4,"turns":4},{"damage":24,"enemies":"3 Sentries","floor":11,"turns":8},{"damage":9,"enemies":"Looter","floor":13,"turns":3},{"damage":19,"enemies":"Gremlin Nob","floor":14,"turns":4},{"damage":29,"enemies":"The Guardian","floor":16,"turns":9},{"damage":12,"enemies":"Spheric Guardian","floor":18,"turns":5},{"damage":24,"enemies":"2 Thieves","floor":19,"turns":4},{"damage":16,"enemies":"Cultist and Chosen","floor":22,"turns":5},{"damage":26,"enemies":"Book of Stabbing","floor":24,"turns":4}],"seed_played":"5724779272335218988","potions_obtained":[],"is_trial":false,"path_per_floor":["M","M","$","M","$","R","$","?","T","R","E","R","M","E","R","B",null,"M","M","?","?","M","R","E"],"character_chosen":"DEFECT","items_purchased":["FTL"],"campfire_rested":1,"item_purchase_floors":[5],"current_hp_per_floor":[75,74,74,70,70,70,70,63,63,63,39,39,30,11,33,4,75,63,39,39,39,23,23,0],"gold":194,"neow_bonus":"BOSS_RELIC","is_prod":false,"is_daily":false,"chose_seed":false,"campfire_upgraded":3,"win_rate":0,"timestamp":1563502479,"path_taken":["M","M","$","M","$","R","$","?","T","R","E","R","M","E","R","BOSS","M","M","?","?","?","R","E"],"build_version":"2019-07-17","purchased_purges":1,"victory":false,"max_hp_per_floor":[75,75,75,75,75,75,75,75,75,75,75,75,75,75,75,75,75,75,75,75,75,75,75,75],"card_choices":[{"not_picked":["Self Repair","Hologram"],"picked":"Coolheaded","floor":1},{"not_picked":["Rebound","Hologram","Sweeping Beam"],"picked":"SKIP","floor":2},{"not_picked":["Amplify","Streamline"],"picked":"Genetic Algorithm","floor":4},{"not_picked":["Chaos","Leap"],"picked":"Echo Form","floor":11},{"not_picked":["Conserve Battery","Barrage"],"picked":"Ball Lightning","floor":13},{"not_picked":["Amplify","Compile Driver"],"picked":"Meteor Strike","floor":14},{"not_picked":["Rainbow","Echo Form"],"picked":"Creative AI","floor":16},{"not_picked":["FTL","Scrape"],"picked":"Consume","floor":18},{"not_picked":["Scrape","Rebound"],"picked":"Ball Lightning","floor":19},{"not_picked":["Gash","Fusion"],"picked":"BootSequence","floor":22}],"player_experience":91248,"relics_obtained":[{"floor":11,"key":"Bronze Scales"},{"floor":14,"key":"Symbiotic Virus"}],"event_choices":[{"cards_removed":["Defend_B"],"damage_healed":0,"gold_gain":0,"player_choice":"Card Removal","damage_taken":7,"max_hp_gain":0,"max_hp_loss":0,"event_name":"Golden Wing","floor":8,"gold_loss":0},{"cards_removed":["Strike_B"],"damage_healed":0,"gold_gain":0,"player_choice":"Elegance","damage_taken":0,"max_hp_gain":0,"max_hp_loss":0,"event_name":"Back to Basics","floor":20,"gold_loss":0},{"cards_removed":["Defend_B"],"damage_healed":0,"gold_gain":0,"player_choice":"Gave Gold","damage_taken":0,"max_hp_gain":0,"max_hp_loss":0,"event_name":"Beggar","floor":21,"gold_loss":75}],"is_beta":false,"boss_relics":[{"not_picked":["Empty Cage","Eternal Feather"],"picked":"Inserter"}],"items_purged_floors":[3],"is_endless":false,"potions_floor_spawned":[1,11,13,14,18],"killed_by":"Book of Stabbing","ascension_level":1}