{"gold_per_floor":[368,381,381,399,412,412,122,140,140,140,117,21,21,33,33,135,135,150,169,14,14,14,14,40,40,122,153,168,168,187,23,23,122,122,132,232,55,55,68,68,99,117,199,199,21,40,73,0,0,0],"floor_reached":50,"playtime":1623,"items_purged":[],"score":716,"play_id":"baf5a308-dfd5-468d-8426-4a1f97b45160","local_time":"20190706154339","is_ascension_mode":true,"campfire_choices":[{"data":"Perfected Strike","floor":6,"key":"SMITH"},{"data":"Perfected Strike","floor":10,"key":"SMITH"},{"data":"Whirlwind","floor":13,"key":"SMITH"},{"data":"Dual Wield","floor":15,"key":"SMITH"},{"data":"Demon Form","floor":23,"key":"SMITH"},{"data":"Panacea","floor":25,"key":"SMITH"},{"floor":32,"key":"REST"},{"floor":40,"key":"DIG"},{"floor":44,"key":"REST"},{"floor":49,"key":"REST"}],"neow_cost":"PERCENT_DAMAGE","seed_source_timestamp":1304974201232487,"circlet_count":0,"master_deck":["Strike_R","Strike_R","Strike_R","Strike_R","Strike_R","Defend_R","Defend_R","Defend_R","Bash","Flame Barrier","Perfected Strike+1","Whirlwind+1","Perfected Strike+1","Pommel Strike","Panacea+1","Dual Wield+1","Shrug It Off","Dramatic Entrance","Battle Trance","Demon Form+1","Blood for Blood","Wild Strike","Clothesline","RitualDagger","Offering","Feed","Shrug It Off","Magnetism","Chrysalis","Flame Barrier","Pommel Strike","Purity","Shockwave+1"],"relics":["Burning Blood","Anchor","Pen Nib","Snecko Eye","Bronze Scales","Bag of Marbles","Darkstone Periapt","Matryoshka","Vajra","Mark of Pain","Shovel","Bag of Preparation","Smiling Mask","Incense Burner","Singing Bowl","Mercury Hourglass","FossilizedHelix","Red Mask"],"potions_floor_usage":[5,24,27,33,33,41,41,50,50],"damage_taken":[{"damage":0,"enemies":"2 Louse","floor":1,"turns":2},{"damage":2,"enemies":"Cultist","floor":2,"turns":5},{"damage":2,"enemies":"Small Slimes","floor":4,"turns":3},{"damage":0,"enemies":"2 Fungi Beasts","floor":5,"turns":4},{"damage":25,"enemies":"Gremlin Gang","floor":8,"turns":3},{"damage":2,"enemies":"Exordium Wildlife","floor":14,"turns":3},{"damage":44,"enemies":"Slime Boss","floor":16,"turns":8},{"damage":0,"enemies":"3 Byrds","floor":18,"turns":3},{"damage":12,"enemies":"2 Thieves","floor":19,"turns":3},{"damage":8,"enemies":"Book of Stabbing","floor":24,"turns":4},{"damage":34,"enemies":"Slavers","floor":27,"turns":3},{"damage":0,"enemies":"Snake Plant","floor":28,"turns":2},{"damage":0,"enemies":"Chosen and Byrds","floor":30,"turns":2},{"damage":69,"enemies":"Collector","floor":33,"turns":8},{"damage":7,"enemies":"3 Shapes","floor":35,"turns":1},{"damage":6,"enemies":"Mind Bloom Boss Battle","floor":36,"turns":2},{"damage":0,"enemies":"3 Darklings","floor":39,"turns":2},{"damage":29,"enemies":"Reptomancer","floor":41,"turns":4},{"damage":18,"enemies":"Writhing Mass","floor":42,"turns":4},{"damage":12,"enemies":"Maw","floor":46,"turns":6},{"damage":31,"enemies":"Giant Head","floor":47,"turns":6},{"damage":56,"enemies":"Time Eater","floor":50,"turns":6}],"seed_played":"-893616867356977792","potions_obtained":[{"floor":1,"key":"Block Potion"},{"floor":2,"key":"LiquidBronze"},{"floor":8,"key":"Strength Potion"},{"floor":19,"key":"Explosive Potion"},{"floor":30,"key":"Regen Potion"},{"floor":33,"key":"Fire Potion"},{"floor":36,"key":"Swift Potion"},{"floor":39,"key":"LiquidBronze"},{"floor":47,"key":"PowerPotion"}],"is_trial":false,"path_per_floor":["M","M","?","M","M","R","$","M","T","R","$","$","R","M","R","B",null,"M","M","$","?","?","R","E","R","T","E","M","?","M","$","R","B",null,"M","?","$","?","M","R","E","M","T","R","$","M","E","?","R","B"],"character_chosen":"IRONCLAD","items_purchased":["Anchor","Pommel Strike","Panacea","Shrug It Off","Dramatic Entrance","Bronze Scales","Offering","Bag of Preparation","Shrug It Off","Flame Barrier","Pommel Strike","Purity"],"campfire_rested":3,"item_purchase_floors":[7,7,7,11,12,20,31,37,37,45,45,45],"current_hp_per_floor":[62,66,66,70,76,76,76,57,57,57,57,57,57,61,61,23,66,72,66,66,66,66,66,64,64,64,36,42,36,42,42,66,18,65,64,64,64,54,60,60,40,28,28,52,52,46,23,23,48,0],"gold":0,"neow_bonus":"TWO_FIFTY_GOLD","is_prod":false,"is_daily":false,"chose_seed":false,"campfire_upgraded":6,"win_rate":0,"timestamp":1562424219,"path_taken":["M","M","?","M","M","R","$","M","T","R","?","$","R","M","R","BOSS","M","M","$","?","?","R","E","R","T","E","?","?","M","$","R","BOSS","M","?","$","?","M","R","E","M","T","R","$","M","E","?","R","BOSS"],"build_version":"2019-07-05","purchased_purges":0,"victory":false,"max_hp_per_floor":[80,80,80,80,80,80,80,80,80,80,80,80,80,80,80,80,80,80,80,80,80,80,80,80,80,80,80,80,80,80,80,80,80,80,80,80,80,80,80,80,83,83,83,83,83,83,85,85,85,85],"card_choices":[{"not_picked":["Twin Strike","Clothesline"],"picked":"Flame Barrier","floor":1},{"not_picked":["Pommel Strike","Havoc"],"picked":"Perfected Strike","floor":2},{"not_picked":["Ghostly Armor","Thunderclap"],"picked":"Whirlwind","floor":4},{"not_picked":["Clash","Spot Weakness"],"picked":"Perfected Strike","floor":5},{"not_picked":["Thunderclap","Iron Wave"],"picked":"Dual Wield","floor":8},{"not_picked":["Cleave","Sword Boomerang"],"picked":"Battle Trance","floor":14},{"not_picked":["Juggernaut","Limit Break"],"picked":"Demon Form","floor":16},{"not_picked":["Bloodletting","Reckless Charge","Headbutt"],"picked":"SKIP","floor":18},{"not_picked":["Rampage+1","Body Slam","Battle Trance"],"picked":"SKIP","floor":19},{"not_picked":["Clash","Sever Soul+1","Heavy Blade"],"picked":"SKIP","floor":24},{"not_picked":["Headbutt","Shrug It Off"],"picked":"Wild Strike","floor":27},{"not_picked":["Armaments","Corruption+1","Clothesline"],"picked":"SKIP","floor":28},{"not_picked":["Armaments","Corruption+1"],"picked":"Clothesline","floor":28},{"not_picked":["Power Through","Blood for Blood","Intimidate"],"picked":"SKIP","floor":30},{"not_picked":["Exhume","Berserk"],"picked":"Feed","floor":33},{"not_picked":["Havoc+1","Reckless Charge+1","Corruption"],"picked":"SKIP","floor":35},{"not_picked":["Violence","Bandage Up"],"picked":"Magnetism","floor":38},{"not_picked":["Deep Breath","Trip"],"picked":"Chrysalis","floor":38},{"not_picked":["Bloodletting","Clothesline","Rampage"],"picked":"SKIP","floor":39},{"not_picked":["Anger","Havoc","Thunderclap"],"picked":"SKIP","floor":41},{"not_picked":["Body Slam","Heavy Blade+1","Twin Strike+1"],"picked":"SKIP","floor":42},{"not_picked":["Rage+1","Searing Blow+1"],"picked":"Shockwave+1","floor":46},{"not_picked":["Body Slam+1","Iron Wave","Rupture+1"],"picked":"Singing Bowl","floor":47}],"player_experience":184799,"relics_obtained":[{"floor":9,"key":"Pen Nib"},{"floor":22,"key":"Bag of Marbles"},{"floor":24,"key":"Darkstone Periapt"},{"floor":26,"key":"Matryoshka"},{"floor":27,"key":"Vajra"},{"floor":36,"key":"Shovel"},{"floor":40,"key":"Smiling Mask"},{"floor":41,"key":"Incense Burner"},{"floor":43,"key":"Singing Bowl"},{"floor":43,"key":"Mercury Hourglass"},{"floor":47,"key":"FossilizedHelix"}],"event_choices":[{"cards_removed":["Defend_R"],"damage_healed":0,"gold_gain":0,"player_choice":"Offered Basic","damage_taken":0,"max_hp_gain":0,"max_hp_loss":0,"event_name":"Bonfire Elementals","floor":3,"gold_loss":0},{"damage_healed":0,"gold_gain":0,"player_choice":"Read","damage_taken":0,"max_hp_gain":0,"max_hp_loss":0,"event_name":"The Library","floor":21,"gold_loss":0,"cards_obtained":["Blood for Blood"]},{"damage_healed":0,"gold_gain":0,"player_choice":"Relic","damage_taken":0,"max_hp_gain":0,"max_hp_loss":0,"event_name":"Wheel of Change","floor":22,"gold_loss":0},{"damage_healed":0,"gold_gain":0,"player_choice":"Joined the Cult","damage_taken":6,"max_hp_gain":0,"max_hp_loss":0,"event_name":"Nest","floor":29,"gold_loss":0,"cards_obtained":["RitualDagger"]},{"damage_healed":0,"gold_gain":0,"player_choice":"Fight","damage_taken":0,"max_hp_gain":0,"max_hp_loss":0,"event_name":"MindBloom","floor":36,"gold_loss":0},{"damage_healed":0,"gold_gain":0,"player_choice":"Memory 3","damage_taken":10,"max_hp_gain":0,"max_hp_loss":0,"event_name":"SensoryStone","floor":38,"gold_loss":0},{"damage_healed":0,"gold_gain":0,"player_choice":"Paid","damage_taken":0,"relics_obtained":["Red Mask"],"max_hp_gain":0,"max_hp_loss":0,"event_name":"Tomb of Lord Red Mask","floor":48,"gold_loss":73}],"is_beta":false,"boss_relics":[{"not_picked":["Orrery","Calling Bell"],"picked":"Snecko Eye"},{"not_picked":["Coffee Dripper","Astrolabe"],"picked":"Mark of Pain"}],"items_purged_floors":[],"is_endless":false,"potions_floor_spawned":[1,2,8,19,30,33,36,39,47],"killed_by":"Time Eater","ascension_level":5}