{"gold_per_floor":[13,28,42,42,42,42,61,96,96,96,120,120,120,134,134,134],"floor_reached":16,"playtime":369,"items_purged":[],"score":204,"play_id":"b6d672fb-e786-4235-af29-327ce0aa4d73","local_time":"20190616010830","is_ascension_mode":true,"campfire_choices":[{"data":"Deadly Poison","floor":6,"key":"SMITH"},{"floor":10,"key":"REST"},{"data":"Deadly Poison","floor":12,"key":"SMITH"},{"data":"Dodge and Roll","floor":15,"key":"SMITH"}],"neow_cost":"NO_GOLD","seed_source_timestamp":113236021853900,"circlet_count":0,"master_deck":["AscendersBane","Defend_G","Defend_G","Defend_G","Defend_G","Strike_G","Strike_G","Strike_G","Survivor","Neutralize","Deadly Poison+1","Skewer","Deadly Poison+1","All Out Attack","Dash","Calculated Gamble","Dodge and Roll+1"],"special_seed":0,"relics":["Ring of the Snake","Golden Idol","Art of War","Mummified Hand"],"potions_floor_usage":[8,11],"damage_taken":[{"damage":2.0,"enemies":"Jaw Worm","floor":1.0,"turns":6.0},{"damage":1.0,"enemies":"2 Louse","floor":2.0,"turns":4.0},{"damage":2.0,"enemies":"Small Slimes","floor":3.0,"turns":4.0},{"damage":10,"enemies":"Exordium Thugs","floor":7,"turns":5},{"damage":34,"enemies":"3 Sentries","floor":8,"turns":11},{"damage":15,"enemies":"Exordium Wildlife","floor":11,"turns":6},{"damage":0,"enemies":"2 Fungi Beasts","floor":14,"turns":3},{"damage":27,"enemies":"The Guardian","floor":16,"turns":6}],"seed_played":"-5085267082378066423","potions_obtained":[{"floor":2.0,"key":"Strength Potion"},{"floor":7,"key":"Ancient Potion"},{"floor":8,"key":"Regen Potion"}],"is_trial":false,"path_per_floor":["M","M","M","?","?","R","M","E","T","R","M","R","?","M","R","B"],"character_chosen":"THE_SILENT","items_purchased":[],"campfire_rested":1,"item_purchase_floors":[],"current_hp_per_floor":[57,56,54,54,54,54,44,10,10,28,28,28,28,28,28,1],"gold":134,"neow_bonus":"REMOVE_TWO","is_prod":false,"is_daily":false,"chose_seed":false,"campfire_upgraded":3,"win_rate":0,"timestamp":1560614910,"path_taken":["M","M","M","?","?","R","M","E","T","R","M","R","?","?","R","BOSS"],"build_version":"2019-01-23","purchased_purges":0,"victory":false,"max_hp_per_floor":[66,66,66,66,60,60,60,60,60,60,60,60,60,60,60,60],"card_choices":[{"not_picked":["Backflip","Cloak And Dagger"],"picked":"Deadly Poison","floor":1.0},{"not_picked":["Escape Plan","Flying Knee"],"picked":"Skewer","floor":2.0},{"not_picked":["Leg Sweep","Backflip"],"picked":"Deadly Poison","floor":3.0},{"not_picked":["Underhanded Strike","Backflip"],"picked":"All Out Attack","floor":7},{"not_picked":["Dagger Throw","Flechettes"],"picked":"Dash","floor":8},{"not_picked":["Predator","Cloak And Dagger"],"picked":"Calculated Gamble","floor":11},{"not_picked":["Sucker Punch","PiercingWail"],"picked":"Dodge and Roll","floor":14}],"player_experience":5371813,"relics_obtained":[{"floor":8,"key":"Art of War"},{"floor":9,"key":"Mummified Hand"}],"event_choices":[{"damage_healed":0,"gold_gain":0,"player_choice":"Fled","damage_taken":0,"max_hp_gain":0,"max_hp_loss":0,"event_name":"Scrap Ooze","floor":4,"gold_loss":0},{"damage_healed":0,"gold_gain":0,"player_choice":"Lose Max HP","damage_taken":0,"relics_obtained":["Golden Idol"],"max_hp_gain":0,"max_hp_loss":6,"event_name":"Golden Idol","floor":5,"gold_loss":0},{"cards_removed":["Strike_G"],"damage_healed":0,"gold_gain":0,"player_choice":"Purged","damage_taken":0,"max_hp_gain":0,"max_hp_loss":0,"event_name":"Purifier","floor":13,"gold_loss":0}],"is_beta":false,"boss_relics":[],"items_purged_floors":[],"is_endless":false,"potions_floor_spawned":[2,7,8],"killed_by":"The Guardian","ascension_level":20}