{"gold_per_floor":[17,34,48,0,14,40,40,56,83,83,109,34,34,34,34,34],"floor_reached":16,"playtime":778,"items_purged":["Defend_B"],"score":110,"play_id":"1814b3d7-0f92-4d3a-a232-edc68fa3b8c4","local_time":"20190717214658","is_ascension_mode":false,"campfire_choices":[{"floor":10,"key":"REST"},{"floor":15,"key":"REST"}],"neow_cost":"NO_GOLD","seed_source_timestamp":618146466941000,"circlet_count":0,"master_deck":["Strike_B","Strike_B","Strike_B","Defend_B","Defend_B","Zap","Dualcast","Consume","All For One","Ball Lightning","Defragment","Conserve Battery","Redo","Storm","Cold Snap","Rebound","Electrodynamics","Injury"],"relics":["Cracked Core","Bird Faced Urn","Blood Vial","Pen Nib","Golden Idol","Shuriken"],"potions_floor_usage":[6,6,16],"damage_taken":[{"damage":9,"enemies":"Cultist","floor":1,"turns":4},{"damage":3,"enemies":"Small Slimes","floor":2,"turns":3},{"damage":1,"enemies":"Jaw Worm","floor":3,"turns":4},{"damage":31,"enemies":"Lots of Slimes","floor":5,"turns":3},{"damage":10,"enemies":"3 Sentries","floor":6,"turns":5},{"damage":1,"enemies":"Looter","floor":8,"turns":4},{"damage":28,"enemies":"Gremlin Nob","floor":11,"turns":4},{"damage":50,"enemies":"The Guardian","floor":16,"turns":10}],"seed_played":"494719860012817351","potions_obtained":[{"floor":1,"key":"Fire Potion"},{"floor":2,"key":"EssenceOfSteel"},{"floor":6,"key":"SpeedPotion"}],"is_trial":false,"path_per_floor":["M","M","M","$","M","E","$","M","T","R","E","$","?","T","R","B"],"character_chosen":"DEFECT","items_purchased":["Redo"],"campfire_rested":2,"item_purchase_floors":[4],"current_hp_per_floor":[66,63,62,62,31,21,21,20,20,42,18,18,18,18,40,0],"gold":34,"neow_bonus":"TRANSFORM_TWO_CARDS","is_prod":false,"is_daily":false,"chose_seed":false,"campfire_upgraded":0,"win_rate":0.0,"timestamp":1563418018,"path_taken":["M","M","M","$","M","E","?","M","T","R","E","$","?","?","R","BOSS"],"build_version":"2019-07-05","purchased_purges":1,"victory":false,"max_hp_per_floor":[75,75,75,75,75,75,75,75,75,75,75,75,75,75,75,75],"card_choices":[{"not_picked":["Chaos","Turbo"],"picked":"Ball Lightning","floor":1},{"not_picked":["FTL","Stack"],"picked":"Defragment","floor":2},{"not_picked":["Rip and Tear","Turbo"],"picked":"Conserve Battery","floor":3},{"not_picked":["Leap","Reinforced Body"],"picked":"Storm","floor":5},{"not_picked":["Steam","Darkness"],"picked":"Cold Snap","floor":6},{"not_picked":["Stack","Gash"],"picked":"Rebound","floor":8},{"not_picked":["Stack","Melter"],"picked":"Electrodynamics","floor":11}],"player_experience":82865,"relics_obtained":[{"floor":6,"key":"Bird Faced Urn"},{"floor":9,"key":"Blood Vial"},{"floor":11,"key":"Pen Nib"},{"floor":14,"key":"Shuriken"}],"event_choices":[{"damage_healed":0,"gold_gain":0,"player_choice":"Take Wound","damage_taken":0,"relics_obtained":["Golden Idol"],"max_hp_gain":0,"max_hp_loss":0,"event_name":"Golden Idol","floor":13,"gold_loss":0,"cards_obtained":["Injury"]}],"is_beta":false,"boss_relics":[],"items_purged_floors":[12],"is_endless":false,"potions_floor_spawned":[1,2,6],"killed_by":"The Guardian","ascension_level":0}