{"gold_per_floor":[116,10,10,10,10,10,22,55,101,101,119,119,150,162,162,238,238,238,238,163,163,63,63,63,63,63,63,63,63,63,63,63,63,63,63,63,63,63,63,63,63,63,63,63,63,63,63,63,63,63,63,63,63,63,63,63],"floor_reached":57,"playtime":2447,"items_purged":["Strike_G","Strike_G"],"score":2928,"play_id":"9f2a5cc6-7a0a-4218-8313-5dae3f1ea8de","local_time":"20190603035135","is_ascension_mode":true,"campfire_choices":[{"data":"Bouncing Flask","floor":6.0,"key":"SMITH"},{"data":"Bouncing Flask","floor":10.0,"key":"SMITH"},{"data":"Night Terror","floor":12.0,"key":"SMITH"},{"data":"Well Laid Plans","floor":15.0,"key":"SMITH"},{"data":"Wraith Form v2","floor":24.0,"key":"SMITH"},{"floor":27.0,"key":"REST"},{"data":"Catalyst","floor":32.0,"key":"SMITH"},{"floor":40.0,"key":"REST"},{"floor":42.0,"key":"REST"},{"floor":49.0,"key":"RECALL"},{"floor":53.0,"key":"REST"}],"neow_cost":"NONE","seed_source_timestamp":625070373759000,"circlet_count":0,"master_deck":["AscendersBane","Defend_G","Defend_G","Defend_G","Defend_G","Strike_G","Strike_G","Survivor","Neutralize+1","Bouncing Flask+1","PiercingWail","Infinite Blades","Night Terror+1","All Out Attack","Bouncing Flask+1","Well Laid Plans+1","Deflect","PiercingWail","Wraith Form v2+1","Catalyst+1","Noxious Fumes+1","Backflip+1","Doppelganger"],"special_seed":0,"relics":["Ring of the Snake","NeowsBlessing","Pocketwatch","Strawberry","Paper Crane","Ectoplasm","Unceasing Top","Calipers","The Specimen","Sundial","Fusion Hammer","Snake Skull","Turnip","MawBank","Boot"],"potions_floor_usage":[],"damage_taken":[{"damage":0.0,"enemies":"Cultist","floor":1.0,"turns":1.0},{"damage":0.0,"enemies":"Small Slimes","floor":7.0,"turns":1.0},{"damage":0.0,"enemies":"Lagavulin","floor":8.0,"turns":1.0},{"damage":4.0,"enemies":"2 Louse","floor":11.0,"turns":2.0},{"damage":45.0,"enemies":"Gremlin Nob","floor":13.0,"turns":5.0},{"damage":0.0,"enemies":"Exordium Wildlife","floor":14.0,"turns":3.0},{"damage":0.0,"enemies":"Hexaghost","floor":16.0,"turns":8.0},{"damage":4.0,"enemies":"Shell Parasite","floor":18.0,"turns":5.0},{"damage":0.0,"enemies":"Spheric Guardian","floor":19.0,"turns":2.0},{"damage":6.0,"enemies":"Centurion and Healer","floor":21.0,"turns":8.0},{"damage":25.0,"enemies":"Gremlin Leader","floor":23.0,"turns":8.0},{"damage":0.0,"enemies":"Snecko","floor":25.0,"turns":6.0},{"damage":2.0,"enemies":"Sentry and Sphere","floor":28.0,"turns":6.0},{"damage":0.0,"enemies":"Book of Stabbing","floor":29.0,"turns":7.0},{"damage":2.0,"enemies":"Colosseum Slavers","floor":30.0,"turns":7.0},{"damage":0.0,"enemies":"Colosseum Nobs","floor":30.0,"turns":4.0},{"damage":0.0,"enemies":"Snake Plant","floor":31.0,"turns":5.0},{"damage":4.0,"enemies":"Automaton","floor":33.0,"turns":8.0},{"damage":3.0,"enemies":"3 Shapes","floor":35.0,"turns":5.0},{"damage":27.0,"enemies":"3 Darklings","floor":37.0,"turns":5.0},{"damage":0.0,"enemies":"Writhing Mass","floor":38.0,"turns":3.0},{"damage":0.0,"enemies":"Maw","floor":39.0,"turns":3.0},{"damage":13.0,"enemies":"4 Shapes","floor":41.0,"turns":7.0},{"damage":1.0,"enemies":"Giant Head","floor":44.0,"turns":3.0},{"damage":3.0,"enemies":"3 Darklings","floor":45.0,"turns":5.0},{"damage":0.0,"enemies":"Spire Growth","floor":46.0,"turns":4.0},{"damage":4.0,"enemies":"Nemesis","floor":48.0,"turns":5.0},{"damage":8.0,"enemies":"Time Eater","floor":50.0,"turns":11.0},{"damage":40.0,"enemies":"Awakened One","floor":51.0,"turns":14.0},{"damage":39.0,"enemies":"Shield and Spear","floor":55.0,"turns":6.0},{"damage":57,"enemies":"The Heart","floor":56,"turns":8}],"seed_played":"-5267831554046199510","potions_obtained":[{"floor":8.0,"key":"Dexterity Potion"},{"floor":13.0,"key":"SteroidPotion"},{"floor":14.0,"key":"PowerPotion"},{"floor":19.0,"key":"SneckoOil"},{"floor":23.0,"key":"Fire Potion"},{"floor":25.0,"key":"Explosive Potion"},{"floor":28.0,"key":"GhostInAJar"},{"floor":30.0,"key":"FairyPotion"},{"floor":39.0,"key":"Swift Potion"}],"is_trial":false,"path_per_floor":["M","$","?","?","?","R","M","E","T","R","M","R","E","M","R","B",null,"M","M","$","M","$","E","R","M","T","R","M","E","?","M","R","B",null,"M","?","M","M","M","R","M","R","T","E","M","M","$","E","R","B","B",null,"R","$","E","B",null],"character_chosen":"THE_SILENT","items_purchased":["PiercingWail","Infinite Blades"],"campfire_rested":4,"item_purchase_floors":[2,2],"current_hp_per_floor":[59,59,59,52,52,52,52,52,59,59,55,55,10,10,10,10,57,53,53,53,47,47,22,22,22,22,43,41,41,39,39,39,35,64,61,61,34,34,34,55,42,63,63,62,59,59,59,55,55,47,7,57,73,73,34,5],"gold":63,"neow_bonus":"THREE_ENEMY_KILL","is_prod":false,"is_daily":false,"chose_seed":false,"campfire_upgraded":6,"win_rate":0,"timestamp":1559501495,"path_taken":["M","?","?","?","?","R","?","E","T","R","M","R","E","M","R","BOSS","M","?","$","M","$","E","R","?","T","R","M","E","?","M","R","BOSS","M","?","M","M","M","R","M","R","T","E","?","?","$","E","R","BOSS","BOSS","R","$","E","BOSS"],"build_version":"2019-01-23","purchased_purges":2,"victory":true,"max_hp_per_floor":[66,66,66,66,66,66,66,66,73,73,73,73,73,73,73,73,73,73,73,73,73,73,73,73,73,73,73,73,73,73,73,73,73,73,73,73,73,73,73,73,73,73,73,73,73,73,73,73,73,73,73,73,73,73,73,73],"card_choices":[{"not_picked":["Slice","Dagger Throw"],"picked":"Bouncing Flask","floor":1.0},{"not_picked":["Accuracy","Deflect"],"picked":"All Out Attack","floor":7.0},{"not_picked":["Dash","Sucker Punch"],"picked":"Bouncing Flask","floor":8.0},{"not_picked":["Sucker Punch","Dagger Spray"],"picked":"Well Laid Plans","floor":11.0},{"not_picked":["Dodge and Roll","Predator"],"picked":"Deflect","floor":13.0},{"not_picked":["Skewer","Backflip"],"picked":"PiercingWail","floor":14.0},{"not_picked":["Unload","Burst"],"picked":"Wraith Form v2","floor":16.0},{"not_picked":["Sucker Punch+1","Distraction"],"picked":"Catalyst","floor":18.0},{"not_picked":["Acrobatics","Dagger Throw","Prepared"],"picked":"SKIP","floor":19.0},{"not_picked":["All Out Attack","Prepared","Footwork"],"picked":"SKIP","floor":21.0},{"not_picked":["Doppelganger","Dash+1","PiercingWail"],"picked":"SKIP","floor":23.0},{"not_picked":["Flying Knee+1","Outmaneuver","Prepared"],"picked":"SKIP","floor":25.0},{"not_picked":["All Out Attack","Flying Knee","Bane"],"picked":"SKIP","floor":28.0},{"not_picked":["Riddle With Holes","Backstab"],"picked":"Noxious Fumes+1","floor":29.0},{"not_picked":["Noxious Fumes","Endless Agony","Deflect+1"],"picked":"SKIP","floor":31.0},{"not_picked":["Concentrate","Flying Knee","Slice"],"picked":"SKIP","floor":35.0},{"not_picked":["Outmaneuver","Prepared"],"picked":"Backflip+1","floor":37.0},{"not_picked":["Dagger Throw","Underhanded Strike","Dagger Spray"],"picked":"SKIP","floor":38.0},{"not_picked":["Quick Slash","Backstab+1","PiercingWail"],"picked":"SKIP","floor":39.0},{"not_picked":["Accuracy","Underhanded Strike","Skewer+1"],"picked":"SKIP","floor":41.0},{"not_picked":["Reflex","Distraction","Malaise"],"picked":"SKIP","floor":44.0},{"not_picked":["Deflect","Dagger Spray","Crippling Poison"],"picked":"SKIP","floor":45.0},{"not_picked":["Bane","Dagger Throw","Quick Slash"],"picked":"SKIP","floor":46.0},{"not_picked":["Bane","PiercingWail"],"picked":"Doppelganger","floor":48.0},{"not_picked":["Bane","Terror+1","Predator"],"picked":"SKIP","floor":55.0}],"player_experience":5255516,"relics_obtained":[{"floor":8.0,"key":"Pocketwatch"},{"floor":9.0,"key":"Strawberry"},{"floor":13.0,"key":"Paper Crane"},{"floor":23.0,"key":"Unceasing Top"},{"floor":29.0,"key":"Calipers"},{"floor":30.0,"key":"The Specimen"},{"floor":30.0,"key":"Sundial"},{"floor":43.0,"key":"Snake Skull"},{"floor":44.0,"key":"Turnip"},{"floor":48.0,"key":"MawBank"},{"floor":55.0,"key":"Boot"}],"event_choices":[{"damage_healed":0.0,"max_hp_gain":0.0,"max_hp_loss":0.0,"gold_gain":0.0,"event_name":"Liars Game","player_choice":"Ignored","floor":3.0,"gold_loss":0.0,"damage_taken":0.0},{"cards_removed":["Defend_G"],"damage_healed":0.0,"max_hp_gain":0.0,"max_hp_loss":0.0,"gold_gain":0.0,"event_name":"Golden Wing","player_choice":"Card Removal","floor":4.0,"gold_loss":0.0,"damage_taken":7.0},{"damage_healed":0.0,"max_hp_gain":0.0,"max_hp_loss":0.0,"gold_gain":0.0,"cards_transformed":["Strike_G"],"event_name":"Living Wall","player_choice":"Change","floor":5.0,"gold_loss":0.0,"damage_taken":0.0,"cards_obtained":["Night Terror"]},{"damage_healed":0.0,"max_hp_gain":0.0,"max_hp_loss":0.0,"gold_gain":0.0,"event_name":"Colosseum","player_choice":"Fight","floor":30.0,"gold_loss":0.0,"damage_taken":0.0},{"damage_healed":0.0,"max_hp_gain":0.0,"max_hp_loss":0.0,"gold_gain":0.0,"event_name":"Colosseum","player_choice":"Fought Nobs","floor":30.0,"gold_loss":0.0,"damage_taken":0.0},{"damage_healed":0.0,"max_hp_gain":0.0,"max_hp_loss":0.0,"gold_gain":0.0,"event_name":"Upgrade Shrine","player_choice":"Upgraded","floor":36.0,"gold_loss":0.0,"damage_taken":0.0,"cards_upgraded":["Neutralize"]}],"is_beta":false,"boss_relics":[{"not_picked":["Pandora\u0027s Box","Runic Pyramid"],"picked":"Ectoplasm"},{"not_picked":["Lizard Tail","Orrery"],"picked":"Fusion Hammer"}],"items_purged_floors":[20,22],"is_endless":false,"potions_floor_spawned":[8,13,14,19,23,25,28,30,31,39,41,45],"ascension_level":20}