{"gold_per_floor":[116,131,131,131,149,149,165,204,204,204,217,241,241,264,264,383,383,403,118,133,133,177,177,221,221,302,302,427,186,201,222,222,222],"floor_reached":33,"playtime":6133,"items_purged":["Defend_R"],"score":292,"play_id":"d0562760-2d47-47b4-851b-1d24dee3247f","local_time":"20190629111901","is_ascension_mode":false,"campfire_choices":[{"data":"Bash","floor":6.0,"key":"SMITH"},{"floor":10,"key":"REST"},{"data":"Clash","floor":13,"key":"SMITH"},{"data":"Clothesline","floor":15,"key":"SMITH"},{"floor":23,"key":"REST"},{"floor":25,"key":"REST"},{"floor":32,"key":"REST"}],"neow_cost":"","seed_source_timestamp":0,"circlet_count":0,"master_deck":["Strike_R","Strike_R","Strike_R","Strike_R","Bash+1","Ghostly Armor","Armaments+1","Disarm","Searing Blow","Clash+1","Clothesline+1","Infernal Blade","Clash","Feed","Pummel+1","Thunderclap+1","Infernal Blade+1","Clash","Secret Weapon+1","Flash of Steel","Metallicize+1","Thunderclap","Rage+1","Writhe","Sword Boomerang+1","Flex+1","Perfected Strike+1","Bloodletting+1"],"special_seed":0,"relics":["Burning Blood","Golden Idol","Red Skull","Pantograph","Astrolabe","MutagenicStrength","Red Mask","WingedGreaves","Toxic Egg 2","Self Forming Clay","Incense Burner","Pear","War Paint"],"potions_floor_usage":[],"damage_taken":[{"damage":15.0,"enemies":"Jaw Worm","floor":1.0,"turns":4.0},{"damage":0.0,"enemies":"Small Slimes","floor":2.0,"turns":3.0},{"damage":0.0,"enemies":"2 Louse","floor":5.0,"turns":2.0},{"damage":8.0,"enemies":"Large Slime","floor":7.0,"turns":6.0},{"damage":44.0,"enemies":"3 Sentries","floor":8.0,"turns":10.0},{"damage":0,"enemies":"2 Fungi Beasts","floor":11,"turns":2},{"damage":13,"enemies":"3 Louse","floor":12,"turns":3},{"damage":0,"enemies":"Red Slaver","floor":14,"turns":3},{"damage":47,"enemies":"The Guardian","floor":16,"turns":7},{"damage":26,"enemies":"2 Thieves","floor":18,"turns":4},{"damage":25,"enemies":"Spheric Guardian","floor":20,"turns":4},{"damage":19,"enemies":"Masked Bandits","floor":22,"turns":4},{"damage":25,"enemies":"Slavers","floor":24,"turns":4},{"damage":10,"enemies":"Colosseum Slavers","floor":28,"turns":4},{"damage":8,"enemies":"Colosseum Nobs","floor":28,"turns":3},{"damage":24,"enemies":"3 Cultists","floor":30,"turns":7},{"damage":19,"enemies":"Sentry and Sphere","floor":31,"turns":4},{"damage":103,"enemies":"Champ","floor":33,"turns":11}],"seed_played":"-5386392059069976314","potions_obtained":[{"floor":2.0,"key":"Fire Potion"},{"floor":5.0,"key":"Ancient Potion"},{"floor":8.0,"key":"FearPotion"},{"floor":12,"key":"Ancient Potion"},{"floor":16,"key":"Regen Potion"}],"is_trial":false,"path_per_floor":["M","M","?","?","M","R","M","E","T","R","M","M","R","M","R","B",null,"M","$","M","?","?","R","E","R","T","?","?","$","M","M","R","B"],"character_chosen":"IRONCLAD","items_purchased":["Secret Weapon","Flash of Steel","Flex+1","War Paint"],"campfire_rested":4,"item_purchase_floors":[19,19,29,29],"current_hp_per_floor":[71,77,57,50,56,56,54,16,16,40,46,39,39,45,45,29,80,60,60,41,41,28,52,36,60,60,60,70,70,55,42,72,0],"gold":222,"neow_bonus":"","is_prod":false,"is_daily":false,"chose_seed":false,"campfire_upgraded":3,"win_rate":0.0,"timestamp":1561825141,"path_taken":["M","M","?","?","M","R","M","E","T","R","M","M","R","M","R","BOSS","M","$","M","?","?","R","E","R","T","?","?","$","M","M","R","BOSS"],"build_version":"2019-01-23","purchased_purges":1,"victory":false,"max_hp_per_floor":[80,80,80,80,80,80,80,80,80,80,80,80,80,80,80,80,80,80,80,80,80,80,80,83,83,83,83,99,99,102,102,102,102],"card_choices":[{"not_picked":["Twin Strike","Sever Soul"],"picked":"Ghostly Armor","floor":1.0},{"not_picked":["Seeing Red","Body Slam"],"picked":"Armaments","floor":2.0},{"not_picked":["Bloodletting","Inflame"],"picked":"Disarm","floor":5.0},{"not_picked":["Sword Boomerang","Offering"],"picked":"Searing Blow","floor":7.0},{"not_picked":["Offering","Carnage"],"picked":"Clash","floor":8.0},{"not_picked":["Armaments","Flame Barrier"],"picked":"Clothesline","floor":11},{"not_picked":["Pummel","Shrug It Off"],"picked":"Infernal Blade","floor":12},{"not_picked":["Iron Wave","Infernal Blade"],"picked":"Clash","floor":14},{"not_picked":["Demon Form","Juggernaut"],"picked":"Feed","floor":16},{"not_picked":["Shrug It Off","Pommel Strike"],"picked":"Clash","floor":18},{"not_picked":["Shrug It Off","Blood for Blood"],"picked":"Metallicize+1","floor":20},{"not_picked":["Corruption","Iron Wave"],"picked":"Thunderclap","floor":22},{"not_picked":["Sword Boomerang","Inflame+1"],"picked":"Rage+1","floor":24},{"not_picked":["Cleave","Twin Strike"],"picked":"Sword Boomerang+1","floor":28},{"not_picked":["Iron Wave","Armaments+1"],"picked":"Perfected Strike+1","floor":30},{"not_picked":["Thunderclap","Power Through+1"],"picked":"Bloodletting+1","floor":31}],"player_experience":0,"relics_obtained":[{"floor":8.0,"key":"Red Skull"},{"floor":9.0,"key":"Pantograph"},{"floor":22,"key":"Red Mask"},{"floor":24,"key":"WingedGreaves"},{"floor":26,"key":"Toxic Egg 2"},{"floor":28,"key":"Incense Burner"},{"floor":28,"key":"Pear"}],"event_choices":[{"damage_healed":0.0,"max_hp_gain":0.0,"max_hp_loss":0.0,"gold_gain":0.0,"event_name":"Golden Idol","player_choice":"Take Damage","floor":3.0,"gold_loss":0.0,"damage_taken":20.0,"relics_obtained":["Golden Idol"]},{"cards_removed":["Defend_R"],"damage_healed":0.0,"max_hp_gain":0.0,"max_hp_loss":0.0,"gold_gain":0.0,"event_name":"Golden Wing","player_choice":"Card Removal","floor":4.0,"gold_loss":0.0,"damage_taken":7.0},{"damage_healed":0,"gold_gain":0,"player_choice":"Inject Mutagens","damage_taken":0,"relics_obtained":["MutagenicStrength"],"max_hp_gain":0,"max_hp_loss":0,"event_name":"Drug Dealer","floor":21,"gold_loss":0},{"damage_healed":0,"gold_gain":0,"player_choice":"Fought Bandits","damage_taken":0,"max_hp_gain":0,"max_hp_loss":0,"event_name":"Masked Bandits","floor":22,"gold_loss":0},{"damage_healed":0,"gold_gain":0,"player_choice":"Opened","damage_taken":0,"relics_obtained":["Self Forming Clay"],"max_hp_gain":0,"max_hp_loss":0,"event_name":"The Mausoleum","floor":27,"gold_loss":0,"cards_obtained":["Writhe"]},{"damage_healed":0,"gold_gain":0,"player_choice":"Fight","damage_taken":0,"max_hp_gain":0,"max_hp_loss":0,"event_name":"Colosseum","floor":28,"gold_loss":0},{"damage_healed":0,"gold_gain":0,"player_choice":"Fought Nobs","damage_taken":0,"max_hp_gain":0,"max_hp_loss":0,"event_name":"Colosseum","floor":28,"gold_loss":0}],"is_beta":false,"boss_relics":[{"not_picked":["Runic Dome","Snecko Eye"],"picked":"Astrolabe"}],"items_purged_floors":[29],"is_endless":false,"potions_floor_spawned":[2,5,8,12,16,24,28],"killed_by":"Champ","ascension_level":0}