{"gold_per_floor":[118,118,118,132,32,64,64,64,89,114,128,142,42,72,72,144,144,164,182,200,200,218,218,243,262,262,290,240,253,253,286,286,359,359,371,371,214,214,225,225,325,356,356,356,711,736,736,769,769,769,769,769,769,165,195,195],"floor_reached":57,"playtime":3620,"items_purged":["Strike_B","Strike_B","Zap","Sunder","FTL"],"score":3503,"play_id":"7a43c3dd-c829-49bb-b7a0-5d606931ec91","local_time":"20190629034452","is_ascension_mode":true,"campfire_choices":[{"data":"Beam Cell","floor":7,"key":"SMITH"},{"data":"Hologram","floor":15,"key":"SMITH"},{"data":"Fission","floor":23,"key":"SMITH"},{"data":"Go for the Eyes","floor":30,"key":"SMITH"},{"data":"Coolheaded","floor":32,"key":"SMITH"},{"data":"Deep Breath","floor":40,"key":"SMITH"},{"data":"Amplify","floor":44,"key":"PURGE"},{"data":"Ball Lightning","floor":47,"key":"PURGE"},{"floor":49,"key":"RECALL"},{"data":"Recycle","floor":53,"key":"SMITH"}],"neow_cost":"NONE","seed_source_timestamp":893531082042100,"circlet_count":0,"master_deck":["AscendersBane","Defend_B","Dualcast","Beam Cell+1","Sweeping Beam","Go for the Eyes+1","Undo","Hologram+1","Fission+1","Doom and Gloom+1","Self Repair+1","Double Energy+1","Coolheaded+1","Chill","Recycle+1","Meteor Strike","Deep Breath+1","Master of Strategy","Coolheaded+1"],"relics":["Cracked Core","NeowsBlessing","Kunai","DataDisk","Potion Belt","Bag of Preparation","Empty Cage","Smiling Mask","Sundial","Question Card","Bag of Marbles","Busted Crown","Peace Pipe","StoneCalendar","Old Coin","Oddly Smooth Stone","Anchor","DollysMirror","Dodecahedron","Orichalcum"],"potions_floor_usage":[10,10,10,16,16,20,24,31,33,56,56,56],"damage_taken":[{"damage":0,"enemies":"Cultist","floor":1,"turns":1},{"damage":0,"enemies":"Small Slimes","floor":4,"turns":1},{"damage":0,"enemies":"Lagavulin","floor":6,"turns":1},{"damage":18,"enemies":"3 Sentries","floor":10,"turns":5},{"damage":0,"enemies":"2 Louse","floor":11,"turns":2},{"damage":6,"enemies":"Gremlin Gang","floor":12,"turns":3},{"damage":21,"enemies":"Gremlin Nob","floor":14,"turns":4},{"damage":0,"enemies":"Hexaghost","floor":16,"turns":7},{"damage":30,"enemies":"Shell Parasite","floor":18,"turns":6},{"damage":1,"enemies":"3 Byrds","floor":19,"turns":5},{"damage":5,"enemies":"Snake Plant","floor":20,"turns":4},{"damage":7,"enemies":"Centurion and Healer","floor":22,"turns":8},{"damage":13,"enemies":"Slavers","floor":24,"turns":4},{"damage":0,"enemies":"3 Cultists","floor":25,"turns":4},{"damage":0,"enemies":"Gremlin Leader","floor":27,"turns":5},{"damage":1,"enemies":"Snake Plant","floor":29,"turns":5},{"damage":13,"enemies":"Book of Stabbing","floor":31,"turns":6},{"damage":26,"enemies":"Champ","floor":33,"turns":17},{"damage":0,"enemies":"3 Darklings","floor":35,"turns":2},{"damage":0,"enemies":"3 Shapes","floor":39,"turns":2},{"damage":0,"enemies":"Mind Bloom Boss Battle","floor":41,"turns":5},{"damage":9,"enemies":"Giant Head","floor":42,"turns":5},{"damage":10,"enemies":"2 Orb Walkers","floor":45,"turns":3},{"damage":0,"enemies":"Reptomancer","floor":46,"turns":2},{"damage":0,"enemies":"Giant Head","floor":48,"turns":3},{"damage":0,"enemies":"Donu and Deca","floor":50,"turns":4},{"damage":0,"enemies":"Time Eater","floor":51,"turns":9},{"damage":0,"enemies":"Shield and Spear","floor":55,"turns":3},{"damage":8,"enemies":"The Heart","floor":56,"turns":7}],"seed_played":"7669844500411774528","potions_obtained":[{"floor":1,"key":"EntropicBrew"},{"floor":4,"key":"FocusPotion"},{"floor":12,"key":"LiquidBronze"},{"floor":14,"key":"SteroidPotion"},{"floor":19,"key":"PowerPotion"},{"floor":20,"key":"PowerPotion"},{"floor":27,"key":"Dexterity Potion"},{"floor":29,"key":"Ancient Potion"},{"floor":33,"key":"Energy Potion"},{"floor":35,"key":"Explosive Potion"},{"floor":39,"key":"Regen Potion"}],"is_trial":false,"path_per_floor":["M","?","?","M","$","E","R","?","T","E","M","M","$","E","R","B",null,"M","M","M","?","M","R","E","M","T","E","$","M","R","E","R","B",null,"M","?","$","?","M","R","?","E","T","R","?","E","R","E","R","B","B",null,"R","$","E","B",null],"character_chosen":"DEFECT","items_purchased":["Sweeping Beam","Deep Breath","DollysMirror","Dodecahedron","Energy Potion"],"campfire_rested":0,"item_purchase_floors":[5,37,54,54,54],"current_hp_per_floor":[64,64,57,57,57,57,57,57,57,39,39,33,33,12,12,12,56,26,25,34,34,47,47,54,71,71,71,71,71,71,71,71,55,67,67,67,67,57,71,71,71,71,71,71,71,71,71,71,71,71,71,71,71,71,71,71],"gold":195,"neow_bonus":"THREE_ENEMY_KILL","is_prod":false,"is_daily":false,"chose_seed":false,"campfire_upgraded":7,"win_rate":0,"timestamp":1561747492,"path_taken":["M","?","?","M","$","E","R","?","T","E","M","M","$","E","R","BOSS","M","?","?","?","M","R","E","M","T","E","$","M","R","E","R","BOSS","M","?","$","?","M","R","?","E","T","R","?","E","R","E","R","BOSS","BOSS","R","$","E","BOSS"],"build_version":"2019-01-23","purchased_purges":5,"victory":true,"max_hp_per_floor":[71,71,71,71,71,71,71,71,71,71,71,71,71,71,71,71,71,71,71,71,71,71,71,71,71,71,71,71,71,71,71,71,71,71,71,71,71,71,71,71,71,71,71,71,71,71,71,71,71,71,71,71,71,71,71,71],"card_choices":[{"not_picked":["Steam Power","Leap"],"picked":"Sunder","floor":1},{"not_picked":["Streamline","Double Energy"],"picked":"Beam Cell","floor":4},{"not_picked":["Barrage","Static Discharge"],"picked":"Go for the Eyes","floor":6},{"not_picked":["Barrage","Double Energy","Turbo"],"picked":"SKIP","floor":10},{"not_picked":["Loop","Coolheaded"],"picked":"Undo","floor":11},{"not_picked":["Stack","Scrape"],"picked":"Ball Lightning","floor":12},{"not_picked":["Go for the Eyes","Hyperbeam"],"picked":"Hologram","floor":14},{"not_picked":["Amplify","Seek"],"picked":"Fission","floor":16},{"not_picked":["Stack","Tempest"],"picked":"Doom and Gloom+1","floor":18},{"not_picked":["Melter+1","Coolheaded"],"picked":"Self Repair","floor":19},{"not_picked":["Rebound","Chill"],"picked":"Double Energy+1","floor":20},{"not_picked":["Streamline","Sunder"],"picked":"Coolheaded","floor":22},{"not_picked":["Coolheaded","Machine Learning"],"picked":"Chill","floor":24},{"not_picked":["Stack","Cold Snap+1","Streamline+1"],"picked":"SKIP","floor":25},{"not_picked":["Stack","Cold Snap+1","Streamline+1"],"picked":"SKIP","floor":25},{"not_picked":["Coolheaded","Steam","Streamline"],"picked":"SKIP","floor":27},{"not_picked":["Turbo","Thunder Strike","Sweeping Beam"],"picked":"FTL","floor":29},{"not_picked":["Streamline","Chaos+1","Melter"],"picked":"Recycle","floor":31},{"not_picked":["Amplify","Echo Form","Multi-Cast"],"picked":"Meteor Strike","floor":33},{"not_picked":["Sweeping Beam","Cold Snap"],"picked":"SKIP","floor":35},{"not_picked":["Panache"],"picked":"Master of Strategy","floor":38},{"not_picked":["Coolheaded","Cold Snap+1"],"picked":"SKIP","floor":39},{"not_picked":["Rip and Tear","Tempest"],"picked":"SKIP","floor":42},{"not_picked":["Glacier","Barrage"],"picked":"SKIP","floor":46},{"not_picked":["Glacier","Barrage"],"picked":"SKIP","floor":46},{"not_picked":["Stack","Amplify"],"picked":"SKIP","floor":48},{"not_picked":["Multi-Cast","Cold Snap"],"picked":"SKIP","floor":55}],"player_experience":5527443,"relics_obtained":[{"floor":6,"key":"Kunai"},{"floor":9,"key":"DataDisk"},{"floor":10,"key":"Potion Belt"},{"floor":14,"key":"Bag of Preparation"},{"floor":24,"key":"Smiling Mask"},{"floor":26,"key":"Sundial"},{"floor":27,"key":"Question Card"},{"floor":31,"key":"Bag of Marbles"},{"floor":41,"key":"Peace Pipe"},{"floor":42,"key":"StoneCalendar"},{"floor":45,"key":"Old Coin"},{"floor":46,"key":"Oddly Smooth Stone"},{"floor":48,"key":"Anchor"},{"floor":55,"key":"Orichalcum"}],"event_choices":[{"damage_healed":0,"gold_gain":0,"player_choice":"Ignored","damage_taken":0,"max_hp_gain":0,"max_hp_loss":0,"event_name":"Liars Game","floor":2,"gold_loss":0},{"cards_removed":["Strike_B"],"damage_healed":0,"gold_gain":0,"player_choice":"Card Removal","damage_taken":7,"max_hp_gain":0,"max_hp_loss":0,"event_name":"Golden Wing","floor":3,"gold_loss":0},{"damage_healed":0,"gold_gain":0,"cards_transformed":["Strike_B"],"player_choice":"Transformed","damage_taken":0,"max_hp_gain":0,"max_hp_loss":0,"event_name":"Transmorgrifier","floor":8,"gold_loss":0,"cards_obtained":["Amplify"]},{"damage_healed":0,"gold_gain":0,"player_choice":"Upgraded","damage_taken":0,"max_hp_gain":0,"max_hp_loss":0,"event_name":"Upgrade Shrine","floor":21,"gold_loss":0,"cards_upgraded":["Self Repair"]},{"cards_removed":["Defend_B"],"damage_healed":0,"gold_gain":0,"player_choice":"Removed Skill","damage_taken":0,"max_hp_gain":0,"max_hp_loss":0,"event_name":"Falling","floor":36,"gold_loss":0},{"damage_healed":0,"gold_gain":0,"player_choice":"Memory 3","damage_taken":10,"max_hp_gain":0,"max_hp_loss":0,"event_name":"SensoryStone","floor":38,"gold_loss":0},{"damage_healed":0,"gold_gain":0,"player_choice":"Fight","damage_taken":0,"max_hp_gain":0,"max_hp_loss":0,"event_name":"MindBloom","floor":41,"gold_loss":0},{"damage_healed":0,"gold_gain":0,"player_choice":"Fight","damage_taken":0,"max_hp_gain":0,"max_hp_loss":0,"event_name":"Mysterious Sphere","floor":45,"gold_loss":0}],"is_beta":false,"boss_relics":[{"not_picked":["Cursed Key","Coffee Dripper"],"picked":"Empty Cage"},{"not_picked":["Lizard Tail","Velvet Choker"],"picked":"Busted Crown"}],"items_purged_floors":[5,13,28,37,54],"is_endless":false,"potions_floor_spawned":[1,4,12,14,19,20,27,29,33,35,39],"ascension_level":20}