{"gold_per_floor":[116,136,153,163,182,182,182,182,232,260,260,260,130,143,143,214,214,228,244,87,100,116,116,149,149,149,149,149,149,24,42,42,119,119,134,234,234,234,84,110,129,160,207,207,218,244,244,32,32,32,32,32,32,32,65,65],"floor_reached":57,"playtime":2382,"items_purged":["Strike_G","All Out Attack","Poisoned Stab","Unload+1"],"score":3366,"play_id":"3b207733-6f8c-4f7c-9da8-dffbe18de324","local_time":"20190414010754","is_ascension_mode":true,"campfire_choices":[{"data":"Bouncing Flask","floor":6,"key":"SMITH"},{"floor":8,"key":"REST"},{"data":"Concentrate","floor":11,"key":"SMITH"},{"data":"Malaise","floor":15,"key":"SMITH"},{"data":"Tactician","floor":23,"key":"SMITH"},{"data":"Acrobatics","floor":27,"key":"SMITH"},{"data":"Acrobatics","floor":29,"key":"SMITH"},{"data":"Neutralize","floor":32,"key":"SMITH"},{"floor":47,"key":"RECALL"},{"data":"Tools of the Trade","floor":49,"key":"SMITH"},{"data":"Master of Strategy","floor":53,"key":"SMITH"}],"neow_cost":"NONE","seed_source_timestamp":175466148395000,"circlet_count":0,"master_deck":["AscendersBane","Survivor","Neutralize+1","Bouncing Flask+1","Backflip","Tactician+1","Concentrate+1","Quick Slash","Malaise+1","Tools of the Trade+1","Doppelganger","Noxious Fumes","Envenom","After Image","Backflip","Acrobatics+1","Grand Finale","Acrobatics+1","After Image","Envenom+1","Catalyst+1","Master of Strategy+1","Well Laid Plans"],"relics":["Ring of the Snake","War Paint","Mummified Hand","Pandora\u0027s Box","Strawberry","Pantograph","Astrolabe","Tough Bandages","Unceasing Top","Sundial","Dodecahedron","Potion Belt","Medical Kit","Blood Vial"],"potions_floor_usage":[3,16,16,19,24,35,46,56],"damage_taken":[{"damage":2,"enemies":"Jaw Worm","floor":1,"turns":4},{"damage":6,"enemies":"Small Slimes","floor":2,"turns":6},{"damage":0,"enemies":"2 Louse","floor":3,"turns":1},{"damage":6,"enemies":"Looter","floor":4,"turns":3},{"damage":22,"enemies":"Exordium Wildlife","floor":5,"turns":9},{"damage":28,"enemies":"3 Sentries","floor":10,"turns":7},{"damage":1,"enemies":"3 Louse","floor":14,"turns":3},{"damage":0,"enemies":"Hexaghost","floor":16,"turns":8},{"damage":16,"enemies":"2 Thieves","floor":18,"turns":4},{"damage":5,"enemies":"3 Byrds","floor":19,"turns":3},{"damage":0,"enemies":"Cultist and Chosen","floor":21,"turns":5},{"damage":1,"enemies":"Centurion and Healer","floor":22,"turns":5},{"damage":13,"enemies":"Slavers","floor":24,"turns":4},{"damage":1,"enemies":"Snake Plant","floor":31,"turns":3},{"damage":0,"enemies":"Collector","floor":33,"turns":4},{"damage":11,"enemies":"3 Shapes","floor":35,"turns":2},{"damage":0,"enemies":"Mind Bloom Boss Battle","floor":36,"turns":4},{"damage":0,"enemies":"Giant Head","floor":40,"turns":3},{"damage":0,"enemies":"3 Darklings","floor":41,"turns":2},{"damage":0,"enemies":"Nemesis","floor":42,"turns":3},{"damage":0,"enemies":"Maw","floor":45,"turns":2},{"damage":0,"enemies":"Reptomancer","floor":46,"turns":2},{"damage":27,"enemies":"Awakened One","floor":50,"turns":4},{"damage":0,"enemies":"Time Eater","floor":51,"turns":5},{"damage":0,"enemies":"Shield and Spear","floor":55,"turns":2},{"damage":0,"enemies":"The Heart","floor":56,"turns":6}],"seed_played":"2497400855406883977","potions_obtained":[{"floor":2,"key":"Explosive Potion"},{"floor":5,"key":"LiquidBronze"},{"floor":16,"key":"AttackPotion"},{"floor":18,"key":"Swift Potion"},{"floor":24,"key":"Energy Potion"},{"floor":31,"key":"Block Potion"},{"floor":36,"key":"SpeedPotion"},{"floor":45,"key":"EssenceOfSteel"},{"floor":55,"key":"Block Potion"}],"is_trial":false,"path_per_floor":["M","M","M","M","M","R","?","R","T","E","R","?","$","M","R","B",null,"M","M","$","M","M","R","E","?","T","R","?","R","$","M","R","B",null,"M","?","?","?","$","E","M","E","T","?","M","E","R","$","R","B","B",null,"R","$","E","B",null],"character_chosen":"THE_SILENT","items_purchased":["Swift Potion","Backflip","Medical Kit"],"campfire_rested":1,"item_purchase_floors":[13,20,48],"current_hp_per_floor":[57,51,51,45,23,23,23,42,42,14,14,14,14,13,13,13,53,37,32,32,32,31,31,25,25,25,25,25,25,25,24,24,49,67,56,73,73,63,63,63,63,63,63,63,63,63,63,63,63,46,71,73,73,73,73,73],"gold":65,"neow_bonus":"TRANSFORM_CARD","is_prod":false,"is_daily":false,"chose_seed":false,"campfire_upgraded":9,"win_rate":0,"timestamp":1555171674,"path_taken":["M","M","M","M","M","R","?","R","T","E","R","?","$","M","R","BOSS","M","M","$","M","M","R","E","?","T","R","?","R","$","M","R","BOSS","M","?","?","?","?","E","?","E","T","?","M","E","R","$","R","BOSS","BOSS","R","$","E","BOSS"],"build_version":"2019-01-23","purchased_purges":4,"victory":true,"max_hp_per_floor":[66,66,66,66,66,66,66,66,66,66,66,66,66,66,66,66,66,66,66,66,66,66,66,73,73,73,73,73,73,73,73,73,73,73,73,73,73,73,73,73,73,73,73,73,73,73,73,73,73,73,73,73,73,73,73,73],"card_choices":[{"not_picked":["Sucker Punch","Deflect"],"picked":"Backflip","floor":1},{"not_picked":["Backflip","Quick Slash"],"picked":"Poisoned Stab","floor":2},{"not_picked":["Riddle With Holes","Blur"],"picked":"All Out Attack","floor":3},{"not_picked":["Sucker Punch","Acrobatics"],"picked":"Tactician","floor":4},{"not_picked":["Doppelganger","Choke"],"picked":"Concentrate","floor":5},{"not_picked":["Caltrops","Adrenaline"],"picked":"Malaise","floor":10},{"not_picked":["Cloak And Dagger","Outmaneuver","Dodge and Roll"],"picked":"SKIP","floor":14},{"not_picked":["Envenom","After Image"],"picked":"Tools of the Trade","floor":16},{"not_picked":["Dagger Spray","Tactician","Underhanded Strike"],"picked":"SKIP","floor":18},{"not_picked":["Masterful Stab","Bane","Flying Knee"],"picked":"SKIP","floor":19},{"not_picked":["Dagger Spray","Backflip"],"picked":"Acrobatics","floor":21},{"not_picked":["A Thousand Cuts","Blade Dance","Catalyst"],"picked":"SKIP","floor":22},{"not_picked":["A Thousand Cuts","Blade Dance","Catalyst"],"picked":"SKIP","floor":22},{"not_picked":["Blade Dance+1","Quick Slash"],"picked":"Grand Finale","floor":24},{"not_picked":["Poisoned Stab","Backflip","Backstab"],"picked":"SKIP","floor":31},{"not_picked":["Night Terror","Doppelganger"],"picked":"After Image","floor":33},{"not_picked":["Blur+1","Dagger Throw+1","Choke"],"picked":"SKIP","floor":35},{"not_picked":["Secret Technique","Impatience"],"picked":"Master of Strategy","floor":38},{"not_picked":["Accuracy","Endless Agony","All Out Attack"],"picked":"SKIP","floor":40},{"not_picked":["Distraction","Deadly Poison","Outmaneuver"],"picked":"SKIP","floor":41},{"not_picked":["Skewer","Backflip+1","Slice"],"picked":"SKIP","floor":42},{"not_picked":["Cloak And Dagger+1","PiercingWail","Prepared"],"picked":"SKIP","floor":45},{"not_picked":["Cloak And Dagger+1","PiercingWail","Prepared"],"picked":"SKIP","floor":45},{"not_picked":["Predator","Bane","Infinite Blades"],"picked":"SKIP","floor":46},{"not_picked":["Die Die Die","Flechettes"],"picked":"Well Laid Plans","floor":55}],"player_experience":4776785,"relics_obtained":[{"floor":9,"key":"War Paint"},{"floor":10,"key":"Mummified Hand"},{"floor":24,"key":"Strawberry"},{"floor":26,"key":"Pantograph"},{"floor":36,"key":"Tough Bandages"},{"floor":40,"key":"Unceasing Top"},{"floor":42,"key":"Sundial"},{"floor":46,"key":"Potion Belt"},{"floor":55,"key":"Blood Vial"}],"event_choices":[{"damage_healed":0,"gold_gain":0,"cards_transformed":["Defend_G"],"player_choice":"Change","damage_taken":0,"max_hp_gain":0,"max_hp_loss":0,"event_name":"Living Wall","floor":7,"gold_loss":0,"cards_obtained":["Quick Slash"]},{"damage_healed":0,"gold_gain":0,"player_choice":"Searched \u00270\u0027 times","damage_taken":0,"max_hp_gain":0,"max_hp_loss":0,"event_name":"Dead Adventurer","floor":12,"gold_loss":0},{"damage_healed":0,"gold_gain":0,"player_choice":"Ignored","damage_taken":0,"max_hp_gain":0,"max_hp_loss":0,"event_name":"Ghosts","floor":25,"gold_loss":0},{"damage_healed":0,"gold_gain":0,"player_choice":"Read","damage_taken":0,"max_hp_gain":0,"max_hp_loss":0,"event_name":"The Library","floor":28,"gold_loss":0,"cards_obtained":["Acrobatics"]},{"damage_healed":0,"gold_gain":0,"player_choice":"Fight","damage_taken":0,"max_hp_gain":0,"max_hp_loss":0,"event_name":"MindBloom","floor":36,"gold_loss":0},{"damage_healed":0,"gold_gain":0,"player_choice":"Ignored","damage_taken":0,"max_hp_gain":0,"max_hp_loss":0,"event_name":"Tomb of Lord Red Mask","floor":37,"gold_loss":0},{"damage_healed":0,"gold_gain":0,"player_choice":"Memory 3","damage_taken":10,"max_hp_gain":0,"max_hp_loss":0,"event_name":"SensoryStone","floor":38,"gold_loss":0},{"damage_healed":0,"gold_gain":0,"player_choice":"Gave Potion","damage_taken":0,"relics_obtained":["Dodecahedron"],"max_hp_gain":0,"max_hp_loss":0,"event_name":"WeMeetAgain","floor":44,"gold_loss":0}],"is_beta":false,"boss_relics":[{"not_picked":["Busted Crown","Black Star"],"picked":"Pandora\u0027s Box"},{"not_picked":["Velvet Choker","Sozu"],"picked":"Astrolabe"}],"items_purged_floors":[13,20,30,39],"is_endless":false,"potions_floor_spawned":[2,5,16,18,24,31,36,40,42,45,55],"ascension_level":20}