{"gold_per_floor":[117,130,141,141,153,153,187,187,187,205,130,130,174,198,198,289,289,305,328,349,49,49,49,70,70,70,70,85,85,85,10,10,108,108,128,461,208,258,272,272,325,325,398,408,408,408,434,444,444,444,444,444,444,18,53,53],"floor_reached":57,"playtime":2387,"items_purged":["Strike_G","Finisher","Neutralize","Cloak And Dagger"],"score":2701,"play_id":"aee1ccf5-af33-4660-85a0-9dd1df092f30","local_time":"20190629020638","is_ascension_mode":true,"campfire_choices":[{"data":"Crippling Poison","floor":6.0,"key":"SMITH"},{"data":"Catalyst","floor":8.0,"key":"SMITH"},{"data":"Crippling Poison","floor":15.0,"key":"SMITH"},{"data":"Catalyst","floor":23,"key":"SMITH"},{"data":"Night Terror","floor":25,"key":"SMITH"},{"data":"Burst","floor":29,"key":"SMITH"},{"data":"Prepared","floor":32,"key":"SMITH"},{"floor":40,"key":"RECALL"},{"data":"Blur","floor":42,"key":"SMITH"},{"data":"Backflip","floor":49,"key":"SMITH"},{"data":"Malaise","floor":53,"key":"SMITH"}],"neow_cost":"","seed_source_timestamp":884323145693000,"circlet_count":0,"master_deck":["Catalyst+1","Catalyst+1","Survivor","Crippling Poison+1","Crippling Poison+1","Night Terror+1","A Thousand Cuts+1","Leg Sweep","Prepared+1","Burst+1","PiercingWail","Footwork+1","Deflect","Endless Agony","Malaise+1","Backflip+1","Finesse","Well Laid Plans+1","Blur+1","Clumsy","Reflex+1","Adrenaline"],"special_seed":0,"relics":["Ring of the Snake","Pen Nib","Ancient Tea Set","Frozen Egg 2","Centennial Puzzle","Pandora\u0027s Box","Juzu Bracelet","Snake Skull","Cursed Key","Gambling Chip","Bag of Marbles","Medical Kit"],"potions_floor_usage":[41,41,56],"damage_taken":[{"damage":1.0,"enemies":"Cultist","floor":1.0,"turns":4.0},{"damage":1.0,"enemies":"2 Louse","floor":2.0,"turns":3.0},{"damage":0.0,"enemies":"Jaw Worm","floor":3.0,"turns":4.0},{"damage":3.0,"enemies":"Gremlin Gang","floor":5.0,"turns":5.0},{"damage":12.0,"enemies":"Lagavulin","floor":7.0,"turns":5.0},{"damage":3.0,"enemies":"Looter","floor":10.0,"turns":4.0},{"damage":35.0,"enemies":"3 Sentries","floor":13.0,"turns":14.0},{"damage":4.0,"enemies":"Hexaghost","floor":16.0,"turns":7.0},{"damage":18,"enemies":"Spheric Guardian","floor":18,"turns":6},{"damage":16,"enemies":"2 Thieves","floor":19,"turns":3},{"damage":3,"enemies":"Snake Plant","floor":20,"turns":4},{"damage":0,"enemies":"Snecko","floor":24,"turns":2},{"damage":2,"enemies":"Centurion and Healer","floor":28,"turns":6},{"damage":23,"enemies":"Collector","floor":33,"turns":5},{"damage":8,"enemies":"3 Darklings","floor":35,"turns":3},{"damage":6,"enemies":"Orb Walker","floor":39,"turns":3},{"damage":0,"enemies":"2 Orb Walkers","floor":41,"turns":5},{"damage":2,"enemies":"Sphere and 2 Shapes","floor":44,"turns":3},{"damage":0,"enemies":"Giant Head","floor":47,"turns":2},{"damage":0,"enemies":"Jaw Worm Horde","floor":48,"turns":3},{"damage":4,"enemies":"Donu and Deca","floor":50,"turns":7},{"damage":24,"enemies":"Awakened One","floor":51,"turns":22},{"damage":4,"enemies":"Shield and Spear","floor":55,"turns":5},{"damage":37,"enemies":"The Heart","floor":56,"turns":5}],"seed_played":"-5120696891648477728","potions_obtained":[{"floor":1.0,"key":"Fruit Juice"},{"floor":2.0,"key":"FearPotion"},{"floor":3.0,"key":"Poison Potion"},{"floor":13.0,"key":"SteroidPotion"},{"floor":16.0,"key":"Strength Potion"},{"floor":19,"key":"SkillPotion"},{"floor":35,"key":"Poison Potion"},{"floor":48,"key":"GamblersBrew"}],"is_trial":true,"path_per_floor":["M","M","M","?","M","R","E","R","T","M","$","?","E","T","R","B",null,"M","M","M","$","?","R","M","R","T","?","M","R","?","?","R","B",null,"M","?","$","?","M","R","?","R","T","M","T","?","E","M","R","B","B",null,"R","$","E","B",null],"character_chosen":"THE_SILENT","items_purchased":["Footwork+1","Juzu Bracelet","Backflip","Finesse","Medical Kit","Energy Potion"],"campfire_rested":0,"item_purchase_floors":[21,21,37,37,54,54],"current_hp_per_floor":[63,62,62,62,59,59,47,47,47,44,44,44,9,9,9,5,49,31,15,12,12,74,74,74,74,74,74,72,72,72,72,72,49,68,60,60,60,53,47,47,47,47,47,45,45,45,45,45,45,41,17,57,57,57,53,16],"gold":53,"neow_bonus":"","is_prod":false,"is_daily":false,"chose_seed":false,"campfire_upgraded":10,"win_rate":0,"timestamp":1561741598,"path_taken":["M","M","M","?","M","R","E","R","T","M","$","?","E","?","R","BOSS","M","M","?","$","?","R","M","R","T","?","M","R","?","?","R","BOSS","M","?","$","?","M","R","?","R","T","M","?","?","E","M","R","BOSS","BOSS","R","$","E","BOSS"],"build_version":"2019-01-23","purchased_purges":4,"victory":true,"max_hp_per_floor":[71,71,71,71,71,71,71,71,71,71,71,64,64,64,64,64,64,64,64,64,64,74,74,74,74,74,74,74,74,74,74,74,74,74,74,74,74,74,74,74,74,74,74,74,74,70,70,70,70,70,70,70,70,70,70,70],"card_choices":[{"not_picked":["Finisher","Heel Hook"],"picked":"Quick Slash","floor":1.0},{"not_picked":["Outmaneuver","Blur"],"picked":"Finisher","floor":2.0},{"not_picked":["Heel Hook","Well Laid Plans"],"picked":"Crippling Poison","floor":3.0},{"not_picked":["Skewer","Finisher","Blade Dance"],"picked":"SKIP","floor":5.0},{"not_picked":["Distraction","Dagger Throw","Venomology"],"picked":"SKIP","floor":7.0},{"not_picked":["Riddle With Holes","Flying Knee","Infinite Blades"],"picked":"SKIP","floor":10.0},{"not_picked":["Leg Sweep","Riddle With Holes"],"picked":"Crippling Poison","floor":13.0},{"not_picked":["Glass Knife","After Image+1"],"picked":"Night Terror","floor":16.0},{"not_picked":["Dodge and Roll","Bane","Deadly Poison"],"picked":"SKIP","floor":18},{"not_picked":["Cloak And Dagger","Venomology","Blade Dance"],"picked":"SKIP","floor":19},{"not_picked":["Flechettes","Concentrate","Outmaneuver"],"picked":"SKIP","floor":20},{"not_picked":["Sucker Punch","Outmaneuver","Caltrops+1"],"picked":"SKIP","floor":24},{"not_picked":["Distraction","Accuracy+1","Bane"],"picked":"SKIP","floor":28},{"not_picked":["Phantasmal Killer","Tools of the Trade+1"],"picked":"Malaise","floor":33},{"not_picked":["Sucker Punch","Predator","Prepared+1"],"picked":"SKIP","floor":35},{"not_picked":["Blur","Slice"],"picked":"Well Laid Plans+1","floor":39},{"not_picked":["Caltrops+1","Footwork+1"],"picked":"Blur","floor":41},{"not_picked":["Sucker Punch","Deflect","Leg Sweep"],"picked":"SKIP","floor":44},{"not_picked":["Acrobatics","Choke+1","Caltrops+1"],"picked":"SKIP","floor":47},{"not_picked":["Blur","Acrobatics"],"picked":"Reflex+1","floor":48},{"not_picked":["Outmaneuver","Terror"],"picked":"Adrenaline","floor":55}],"player_experience":5523064,"relics_obtained":[{"floor":7.0,"key":"Pen Nib"},{"floor":9.0,"key":"Ancient Tea Set"},{"floor":13.0,"key":"Frozen Egg 2"},{"floor":14.0,"key":"Centennial Puzzle"},{"floor":26,"key":"Snake Skull"},{"floor":41,"key":"Gambling Chip"},{"floor":47,"key":"Bag of Marbles"}],"event_choices":[{"damage_healed":0.0,"max_hp_gain":0.0,"max_hp_loss":0.0,"gold_gain":0.0,"event_name":"Liars Game","player_choice":"Ignored","floor":4.0,"gold_loss":0.0,"damage_taken":0.0},{"damage_healed":0.0,"max_hp_gain":0.0,"max_hp_loss":7.0,"gold_gain":0.0,"event_name":"Golden Idol","player_choice":"Lose Max HP","floor":12.0,"gold_loss":0.0,"damage_taken":0.0,"relics_obtained":["Golden Idol"]},{"cards_removed":["Burst"],"damage_healed":52,"gold_gain":0,"player_choice":"Offered Rare","damage_taken":0,"max_hp_gain":10,"max_hp_loss":0,"event_name":"Bonfire Elementals","floor":22,"gold_loss":0},{"damage_healed":0,"gold_gain":0,"player_choice":"Ignored","damage_taken":0,"max_hp_gain":0,"max_hp_loss":0,"event_name":"Vampires","floor":27,"gold_loss":0},{"damage_healed":0,"gold_gain":0,"cards_transformed":["Prepared","Quick Slash"],"player_choice":"Became Test Subject","damage_taken":0,"max_hp_gain":0,"max_hp_loss":0,"event_name":"Drug Dealer","floor":30,"gold_loss":0,"cards_obtained":["Deflect","Endless Agony"]},{"cards_removed":["Dagger Throw"],"damage_healed":0,"gold_gain":0,"player_choice":"Gave Gold","damage_taken":0,"max_hp_gain":0,"max_hp_loss":0,"event_name":"Beggar","floor":31,"gold_loss":75},{"damage_healed":0,"gold_gain":333,"player_choice":"Gave Idol","damage_taken":0,"max_hp_gain":0,"max_hp_loss":0,"event_name":"The Moai Head","floor":36,"relics_lost":["Golden Idol"],"gold_loss":0},{"damage_healed":0,"gold_gain":50,"player_choice":"Touch","damage_taken":7,"max_hp_gain":0,"max_hp_loss":0,"event_name":"FaceTrader","floor":38,"gold_loss":0},{"damage_healed":0,"gold_gain":0,"player_choice":"Fight","damage_taken":0,"max_hp_gain":0,"max_hp_loss":0,"event_name":"Mysterious Sphere","floor":41,"gold_loss":0},{"damage_healed":0,"gold_gain":0,"player_choice":"Max HP","damage_taken":0,"max_hp_gain":0,"max_hp_loss":4,"event_name":"Winding Halls","floor":46,"gold_loss":0}],"is_beta":false,"boss_relics":[{"not_picked":["Eternal Feather","Ring of the Serpent"],"picked":"Pandora\u0027s Box"},{"not_picked":["White Beast Statue","Empty Cage"],"picked":"Cursed Key"}],"items_purged_floors":[11,21,37,54],"is_endless":false,"potions_floor_spawned":[1,2,3,13,16,19,24,35,48,55],"ascension_level":20}