{"gold_per_floor":[109,127,127,127,127,166,2,37,37,37,52,52,71,92,92,185,185,208,258,109,109,109,125,125],"floor_reached":24,"playtime":436,"items_purged":["Quick Slash"],"score":458,"play_id":"de48caac-a32b-4b1a-8caf-1c78335b90af","local_time":"20190414002746","is_ascension_mode":true,"campfire_choices":[{"floor":10,"key":"REST"},{"data":"Cloak And Dagger","floor":15,"key":"SMITH"}],"neow_cost":"NONE","seed_source_timestamp":175021307223100,"circlet_count":0,"master_deck":["AscendersBane","Survivor","Neutralize","Deadly Poison","Dagger Spray","Catalyst+1","Tactician","Bouncing Flask","Malaise","Backflip","Leg Sweep","Cloak And Dagger+1","Malaise","Crippling Poison","Flechettes","Calculated Gamble","Unload","Prepared","Deflect","Setup","Noxious Fumes","Dash"],"relics":["Ring of the Snake","NeowsBlessing","Bloody Idol","Matryoshka","PreservedInsect","Kunai","Gremlin Horn","Pandora\u0027s Box"],"potions_floor_usage":[8,23,23],"damage_taken":[{"damage":0,"enemies":"Jaw Worm","floor":1,"turns":1},{"damage":0,"enemies":"Small Slimes","floor":2,"turns":1},{"damage":0,"enemies":"3 Sentries","floor":6,"turns":1},{"damage":39,"enemies":"Gremlin Nob","floor":8,"turns":4},{"damage":0,"enemies":"2 Louse","floor":11,"turns":2},{"damage":3,"enemies":"Blue Slaver","floor":13,"turns":4},{"damage":11,"enemies":"Red Slaver","floor":14,"turns":6},{"damage":3,"enemies":"Hexaghost","floor":16,"turns":8},{"damage":0,"enemies":"Chosen","floor":18,"turns":3},{"damage":10,"enemies":"2 Thieves","floor":23,"turns":4},{"damage":56,"enemies":"Cultist and Chosen","floor":24,"turns":5}],"seed_played":"3844647168851573828","potions_obtained":[{"floor":2,"key":"SneckoOil"},{"floor":8,"key":"AttackPotion"},{"floor":13,"key":"SteroidPotion"},{"floor":18,"key":"Fire Potion"}],"is_trial":false,"path_per_floor":["M","M","?","?","?","E","$","E","T","R","M","?","M","M","R","B",null,"M","?","$","?","?","M","M"],"character_chosen":"THE_SILENT","items_purchased":["Tactician","Bouncing Flask","Noxious Fumes"],"campfire_rested":1,"item_purchase_floors":[7,7,20],"current_hp_per_floor":[59,59,59,64,40,40,40,1,1,22,22,22,19,8,8,5,55,55,55,55,55,55,55,0],"gold":125,"neow_bonus":"THREE_ENEMY_KILL","is_prod":false,"is_daily":false,"chose_seed":false,"campfire_upgraded":1,"win_rate":0,"timestamp":1555169266,"path_taken":["M","M","?","?","?","E","?","E","T","R","?","?","M","?","R","BOSS","M","?","$","?","?","?","M"],"build_version":"2019-01-23","purchased_purges":1,"victory":false,"max_hp_per_floor":[66,66,66,71,71,71,71,71,71,71,71,71,71,71,71,71,71,71,71,71,71,71,71,71],"card_choices":[{"not_picked":["Backflip","Blade Dance"],"picked":"Deadly Poison","floor":1},{"not_picked":["Slice","Acrobatics"],"picked":"Dagger Spray","floor":2},{"not_picked":["Bane","Backflip"],"picked":"Catalyst","floor":6},{"not_picked":["Expertise","Flying Knee"],"picked":"Malaise","floor":8},{"not_picked":["Predator","Quick Slash"],"picked":"Backflip","floor":11},{"not_picked":["Escape Plan","Reflex"],"picked":"Leg Sweep","floor":13},{"not_picked":["Distraction","Flying Knee"],"picked":"Cloak And Dagger","floor":14},{"not_picked":["Grand Finale","Doppelganger"],"picked":"Malaise","floor":16},{"not_picked":["Masterful Stab","Bane","Underhanded Strike"],"picked":"SKIP","floor":18},{"not_picked":["Underhanded Strike","Dagger Throw","Noxious Fumes"],"picked":"SKIP","floor":23}],"player_experience":4776349,"relics_obtained":[{"floor":6,"key":"Matryoshka"},{"floor":8,"key":"PreservedInsect"},{"floor":9,"key":"Kunai"},{"floor":9,"key":"Gremlin Horn"}],"event_choices":[{"cards_removed":["Strike_G"],"damage_healed":0,"gold_gain":0,"player_choice":"Forget","damage_taken":0,"max_hp_gain":0,"max_hp_loss":0,"event_name":"Living Wall","floor":3,"gold_loss":0},{"damage_healed":0,"gold_gain":0,"player_choice":"Donut","damage_taken":0,"max_hp_gain":5,"max_hp_loss":0,"event_name":"Big Fish","floor":4,"gold_loss":0},{"damage_healed":0,"gold_gain":0,"player_choice":"Take Damage","damage_taken":24,"relics_obtained":["Golden Idol"],"max_hp_gain":0,"max_hp_loss":0,"event_name":"Golden Idol","floor":5,"gold_loss":0},{"damage_healed":0,"gold_gain":0,"player_choice":"Forge","damage_taken":0,"max_hp_gain":0,"max_hp_loss":0,"event_name":"Accursed Blacksmith","floor":12,"gold_loss":0,"cards_upgraded":["Catalyst"]},{"damage_healed":0,"gold_gain":50,"player_choice":"Stole From Cult","damage_taken":0,"max_hp_gain":0,"max_hp_loss":0,"event_name":"Nest","floor":19,"gold_loss":0},{"damage_healed":0,"gold_gain":0,"player_choice":"Gave Idol","damage_taken":0,"relics_obtained":["Bloody Idol"],"max_hp_gain":0,"max_hp_loss":0,"event_name":"Forgotten Altar","floor":21,"relics_lost":["Golden Idol"],"gold_loss":0},{"damage_healed":0,"gold_gain":0,"cards_transformed":["Quick Slash"],"player_choice":"Transformed","damage_taken":0,"max_hp_gain":0,"max_hp_loss":0,"event_name":"Transmorgrifier","floor":22,"gold_loss":0,"cards_obtained":["Dash"]}],"is_beta":false,"boss_relics":[{"not_picked":["Philosopher\u0027s Stone","WristBlade"],"picked":"Pandora\u0027s Box"}],"items_purged_floors":[20],"is_endless":false,"potions_floor_spawned":[2,8,13,18],"killed_by":"Cultist and Chosen","ascension_level":20}