{"gold_per_floor":[110,110,110,20,20,20,48,48,48,61,8,8,23,37,37,37],"floor_reached":16,"playtime":258,"items_purged":[],"score":209,"play_id":"771c27b3-a02b-43e5-90ca-5c138c73588b","local_time":"20190713135308","is_ascension_mode":true,"campfire_choices":[{"data":"Bash","floor":6,"key":"SMITH"},{"data":"Perfected Strike","floor":8,"key":"SMITH"},{"data":"True Grit","floor":15,"key":"SMITH"}],"neow_cost":"NONE","seed_source_timestamp":1904515685199125,"circlet_count":0,"master_deck":["AscendersBane","Strike_R","Strike_R","Strike_R","Strike_R","Strike_R","Defend_R","Defend_R","Defend_R","Defend_R","Bash+1","Pommel Strike","Perfected Strike+1","Battle Trance","Shockwave","Wild Strike","True Grit+1","Cleave","Wild Strike"],"relics":["Burning Blood","NeowsBlessing","Gremlin Horn","Paper Frog"],"potions_floor_usage":[16],"damage_taken":[{"damage":0,"enemies":"Jaw Worm","floor":1,"turns":1},{"damage":0,"enemies":"3 Sentries","floor":7,"turns":1},{"damage":0,"enemies":"Small Slimes","floor":10,"turns":1},{"damage":0,"enemies":"Cultist","floor":13,"turns":2},{"damage":2,"enemies":"Blue Slaver","floor":14,"turns":3},{"damage":82,"enemies":"Hexaghost","floor":16,"turns":11}],"seed_played":"-2277067902070869366","potions_obtained":[{"floor":1,"key":"GamblersBrew"},{"floor":7,"key":"Ancient Potion"}],"is_trial":false,"path_per_floor":["M","$","?","$","?","R","E","R","T","M","$","?","M","M","R","B"],"character_chosen":"IRONCLAD","items_purchased":["Perfected Strike","Battle Trance","True Grit"],"campfire_rested":0,"item_purchase_floors":[4,4,11],"current_hp_per_floor":[74,74,74,74,74,74,75,75,75,75,75,75,75,75,75,0],"gold":37,"neow_bonus":"THREE_ENEMY_KILL","is_prod":false,"is_daily":false,"chose_seed":false,"campfire_upgraded":3,"win_rate":0,"timestamp":1563022388,"path_taken":["M","$","?","$","?","R","E","R","T","M","$","?","M","?","R","BOSS"],"build_version":"2019-07-05","purchased_purges":0,"victory":false,"max_hp_per_floor":[75,75,75,75,75,75,75,75,75,75,75,75,75,75,75,75],"card_choices":[{"not_picked":["Dropkick","Armaments"],"picked":"Pommel Strike","floor":1},{"not_picked":["Battle Trance","Evolve"],"picked":"Shockwave","floor":7},{"not_picked":["Headbutt","Sword Boomerang"],"picked":"Wild Strike","floor":10},{"not_picked":["Dropkick","Metallicize"],"picked":"Cleave","floor":13},{"not_picked":["Havoc","Dark Embrace"],"picked":"Wild Strike","floor":14}],"player_experience":399506,"relics_obtained":[{"floor":7,"key":"Gremlin Horn"},{"floor":9,"key":"Paper Frog"}],"event_choices":[{"damage_healed":0,"gold_gain":0,"player_choice":"Ignored","damage_taken":0,"max_hp_gain":0,"max_hp_loss":0,"event_name":"Golden Wing","floor":3,"gold_loss":0},{"damage_healed":0,"gold_gain":0,"player_choice":"Ignored","damage_taken":0,"max_hp_gain":0,"max_hp_loss":0,"event_name":"Liars Game","floor":5,"gold_loss":0},{"damage_healed":0,"gold_gain":0,"player_choice":"Ignored","damage_taken":0,"max_hp_gain":0,"max_hp_loss":0,"event_name":"Purifier","floor":12,"gold_loss":0}],"is_beta":false,"boss_relics":[],"items_purged_floors":[],"is_endless":false,"potions_floor_spawned":[1,7],"killed_by":"Hexaghost","ascension_level":14}