{"gold_per_floor":[109,129,142,97,172,172,172,172,172,186,217,232,257,285,297,429,441,476,508,520,556,493,505,548,98,150,150],"floor_reached":27,"playtime":2624,"items_purged":["Strike_B"],"score":233,"play_id":"e095c1f0-9ef5-42c4-a523-b6bb4dc2d609","local_time":"20190713180132","is_ascension_mode":false,"campfire_choices":[{"data":"Coolheaded","floor":6.0,"key":"SMITH"},{"floor":8.0,"key":"REST"},{"floor":15.0,"key":"REST"},{"floor":23,"key":"REST"}],"neow_cost":"NONE","seed_source_timestamp":0,"circlet_count":0,"master_deck":["Strike_B+1","Strike_B","Strike_B","Defend_B","Defend_B","Defend_B","Zap","Dualcast","Coolheaded+1","Hello World","Loop","Coolheaded","Capacitor","Aggregate","Compile Driver","Electrodynamics","Seek","Chaos","Genetic Algorithm","Static Discharge","Go for the Eyes+1","Conserve Battery","Multi-Cast","Dark Shackles"],"special_seed":0,"relics":["Cracked Core","Golden Idol","WingedGreaves","Oddly Smooth Stone","MawBank","Fusion Hammer","Bottled Flame","Whetstone","PreservedInsect"],"potions_floor_usage":[24],"damage_taken":[{"damage":6.0,"enemies":"Jaw Worm","floor":1.0,"turns":3.0},{"damage":0.0,"enemies":"2 Louse","floor":2.0,"turns":3.0},{"damage":0.0,"enemies":"Cultist","floor":3.0,"turns":4.0},{"damage":3.0,"enemies":"Looter","floor":4.0,"turns":5.0},{"damage":12.0,"enemies":"2 Fungi Beasts","floor":10.0,"turns":5.0},{"damage":14.0,"enemies":"Lagavulin","floor":11.0,"turns":8.0},{"damage":7.0,"enemies":"Exordium Wildlife","floor":12.0,"turns":5.0},{"damage":20.0,"enemies":"Looter","floor":14.0,"turns":3.0},{"damage":30.0,"enemies":"Hexaghost","floor":16.0,"turns":13.0},{"damage":7.0,"enemies":"Spheric Guardian","floor":18.0,"turns":5.0},{"damage":16,"enemies":"Shell Parasite","floor":19,"turns":5},{"damage":22,"enemies":"Centurion and Healer","floor":21,"turns":5},{"damage":55,"enemies":"Slavers","floor":24,"turns":5},{"damage":20,"enemies":"Book of Stabbing","floor":27,"turns":4}],"seed_played":"-2299058433170787855","potions_obtained":[{"floor":3.0,"key":"GamblersBrew"},{"floor":10.0,"key":"Explosive Potion"},{"floor":11.0,"key":"PowerPotion"},{"floor":12.0,"key":"FairyPotion"},{"floor":14.0,"key":"PowerPotion"},{"floor":18.0,"key":"Energy Potion"}],"is_trial":false,"path_per_floor":["M","M","M","M","?","R","?","R","T","M","E","M","T","M","R","B",null,"M","M","?","M","?","R","E","$","T","E"],"character_chosen":"DEFECT","items_purchased":["Multi-Cast","Dark Shackles","Whetstone"],"campfire_rested":3,"item_purchase_floors":[25,25,25],"current_hp_per_floor":[76,76,76,73,62,62,42,66,66,54,40,33,33,13,37,7,82,75,59,59,37,37,61,6,6,6,0],"gold":150,"neow_bonus":"TEN_PERCENT_HP_BONUS","is_prod":false,"is_daily":false,"chose_seed":false,"campfire_upgraded":1,"win_rate":0.0,"timestamp":1563058892,"path_taken":["M","M","M","M","?","R","?","R","T","M","E","?","?","M","R","BOSS","M","M","?","M","?","R","E","?","T","E"],"build_version":"2019-07-05","purchased_purges":1,"victory":false,"max_hp_per_floor":[82,82,82,82,82,82,82,82,82,82,82,82,82,82,82,82,82,82,82,82,82,82,82,82,82,82,82],"card_choices":[{"not_picked":["Steam","Storm"],"picked":"Coolheaded","floor":1.0},{"not_picked":["Streamline","Cold Snap"],"picked":"Hello World","floor":2.0},{"not_picked":["Redo","Fusion"],"picked":"Loop","floor":3.0},{"not_picked":["Heatsinks","Leap"],"picked":"Coolheaded","floor":4.0},{"not_picked":["Beam Cell","Go for the Eyes"],"picked":"Capacitor","floor":10.0},{"not_picked":["Rip and Tear","Gash"],"picked":"Aggregate","floor":11.0},{"not_picked":["Hologram","Sweeping Beam"],"picked":"Compile Driver","floor":12.0},{"not_picked":["Steam","Scrape"],"picked":"Electrodynamics","floor":14.0},{"not_picked":["Amplify","All For One"],"picked":"Seek","floor":16.0},{"not_picked":["Coolheaded","Gash"],"picked":"Chaos","floor":18.0},{"not_picked":["Melter","Steam"],"picked":"Genetic Algorithm","floor":19},{"not_picked":["Leap","Hologram"],"picked":"Go for the Eyes","floor":21},{"not_picked":["Hologram+1","Coolheaded+1"],"picked":"Conserve Battery","floor":24}],"player_experience":33913,"relics_obtained":[{"floor":9.0,"key":"WingedGreaves"},{"floor":11.0,"key":"Oddly Smooth Stone"},{"floor":13.0,"key":"MawBank"},{"floor":24,"key":"Bottled Flame"},{"floor":26,"key":"PreservedInsect"}],"event_choices":[{"damage_healed":0.0,"max_hp_gain":0.0,"max_hp_loss":0.0,"gold_gain":75.0,"event_name":"World of Goop","player_choice":"Gather Gold","floor":5.0,"gold_loss":0.0,"damage_taken":11.0},{"damage_healed":0.0,"max_hp_gain":0.0,"max_hp_loss":0.0,"gold_gain":0.0,"event_name":"Golden Idol","player_choice":"Take Damage","floor":7.0,"gold_loss":0.0,"damage_taken":20.0,"relics_obtained":["Golden Idol"]},{"damage_healed":0,"gold_gain":0,"player_choice":"Read","damage_taken":0,"max_hp_gain":0,"max_hp_loss":0,"event_name":"The Library","floor":20,"gold_loss":0,"cards_obtained":["Static Discharge"]},{"cards_removed":["Defend_B"],"damage_healed":0,"gold_gain":0,"player_choice":"Gave Gold","damage_taken":0,"max_hp_gain":0,"max_hp_loss":0,"event_name":"Beggar","floor":22,"gold_loss":75}],"is_beta":false,"boss_relics":[{"not_picked":["Sozu","Runic Pyramid"],"picked":"Fusion Hammer"}],"items_purged_floors":[25],"is_endless":false,"potions_floor_spawned":[3,10,11,12,14,18],"killed_by":"Book of Stabbing","ascension_level":0}