{"gold_per_floor":[18,36,36,47,47,47,61,61,84,84,95,121,137,97,97,97],"floor_reached":16,"playtime":214,"items_purged":[],"score":204,"play_id":"90cd7a4d-64ae-4c9b-b785-58cc00612b69","local_time":"20190413025323","is_ascension_mode":true,"campfire_choices":[{"data":"Entrench","floor":6.0,"key":"SMITH"},{"data":"Clash","floor":8,"key":"SMITH"},{"floor":15,"key":"REST"}],"neow_cost":"NO_GOLD","seed_source_timestamp":97566660795400,"circlet_count":0,"master_deck":["AscendersBane","Strike_R","Strike_R+1","Strike_R","Strike_R+1","Defend_R","Defend_R","Defend_R","Defend_R","Bash","Entrench+1","Shrug It Off","Clash+1","True Grit","Fiend Fire"],"special_seed":0,"relics":["Burning Blood","Blood Vial","Omamori"],"potions_floor_usage":[12],"damage_taken":[{"damage":9.0,"enemies":"Jaw Worm","floor":1.0,"turns":4.0},{"damage":0.0,"enemies":"2 Louse","floor":2.0,"turns":2.0},{"damage":17.0,"enemies":"Cultist","floor":4.0,"turns":4.0},{"damage":25.0,"enemies":"Large Slime","floor":7.0,"turns":8.0},{"damage":16,"enemies":"Exordium Thugs","floor":11,"turns":5},{"damage":10,"enemies":"Lagavulin","floor":12,"turns":6},{"damage":13,"enemies":"Gremlin Gang","floor":13,"turns":7},{"damage":0,"enemies":"Looter","floor":14,"turns":4},{"damage":0,"enemies":"Slime Boss","floor":16,"turns":1}],"seed_played":"-1493041203688875349","potions_obtained":[{"floor":4.0,"key":"Energy Potion"},{"floor":7,"key":"Fire Potion"},{"floor":13,"key":"Weak Potion"}],"is_trial":false,"path_per_floor":["M","M","?","M","?","R","M","R","T","?","M","E","M","M","R","B"],"character_chosen":"IRONCLAD","items_purchased":[],"campfire_rested":1,"item_purchase_floors":[],"current_hp_per_floor":[79,85,85,74,47,47,28,28,28,28,20,18,13,21,47,49],"gold":97,"neow_bonus":"TWENTY_PERCENT_HP_BONUS","is_prod":false,"is_daily":false,"chose_seed":false,"campfire_upgraded":2,"win_rate":0,"timestamp":1555091603,"path_taken":["M","M","?","M","?","R","M","R","T","?","?","E","M","M","R","BOSS"],"build_version":"2019-01-23","purchased_purges":0,"victory":false,"max_hp_per_floor":[89,89,89,89,89,89,89,89,89,89,89,89,89,89,89,89],"card_choices":[{"not_picked":["Headbutt","Body Slam"],"picked":"Entrench","floor":1.0},{"not_picked":["Clash","Heavy Blade"],"picked":"Shrug It Off","floor":2.0},{"not_picked":["Havoc","Carnage","Clothesline"],"picked":"SKIP","floor":4.0},{"not_picked":["Carnage","Sword Boomerang"],"picked":"Clash","floor":7},{"not_picked":["Warcry","Feel No Pain"],"picked":"True Grit","floor":11},{"not_picked":["Entrench","Reckless Charge","Second Wind"],"picked":"SKIP","floor":12},{"not_picked":["Power Through","Wild Strike","Heavy Blade"],"picked":"SKIP","floor":13},{"not_picked":["Ghostly Armor","Perfected Strike"],"picked":"Fiend Fire","floor":14}],"player_experience":4772953,"relics_obtained":[{"floor":9,"key":"Blood Vial"},{"floor":12,"key":"Omamori"}],"event_choices":[{"damage_healed":0.0,"max_hp_gain":0.0,"max_hp_loss":0.0,"gold_gain":0.0,"event_name":"The Cleric","player_choice":"Leave","floor":3.0,"gold_loss":0.0,"damage_taken":0.0},{"damage_healed":0.0,"max_hp_gain":0.0,"max_hp_loss":0.0,"gold_gain":0.0,"event_name":"Shining Light","player_choice":"Entered Light","floor":5.0,"gold_loss":0.0,"damage_taken":27.0,"cards_upgraded":["Strike_R","Strike_R"]},{"cards_removed":["Strike_R"],"damage_healed":0,"gold_gain":0,"player_choice":"Purged","damage_taken":0,"max_hp_gain":0,"max_hp_loss":0,"event_name":"Purifier","floor":10,"gold_loss":0}],"is_beta":false,"boss_relics":[],"items_purged_floors":[],"is_endless":false,"potions_floor_spawned":[4,7,13],"killed_by":"Slime Boss","ascension_level":20}