{"gold_per_floor":[20,39,39,39,39,39,62,96,171,186,186,261,261,288,288,414,414,400,416,24,24,24,24],"floor_reached":23,"playtime":771,"items_purged":["Strike_R"],"score":224,"play_id":"ef5e0773-52ae-49cb-85d4-2aae48faccb4","local_time":"20190702233608","is_ascension_mode":true,"campfire_choices":[{"data":"Body Slam","floor":6,"key":"SMITH"},{"data":"Juggernaut","floor":11,"key":"SMITH"},{"data":"Iron Wave","floor":13,"key":"SMITH"},{"floor":15,"key":"REST"}],"neow_cost":"NO_GOLD","seed_source_timestamp":988570820989202,"circlet_count":0,"master_deck":["Strike_R+1","Strike_R+1","Strike_R+1","Strike_R+1","Defend_R+1","Defend_R+1","Defend_R+1","Defend_R+1","Bash","Juggernaut+1","Body Slam+1","Flame Barrier","Iron Wave+1","Barricade","Feel No Pain+1","Metallicize","Rage","Discovery"],"relics":["Black Blood","Golden Idol","Lantern","Ornamental Fan","Centennial Puzzle","Boot","Enchiridion"],"potions_floor_usage":[16,19,23],"damage_taken":[{"damage":5,"enemies":"Cultist","floor":1,"turns":5},{"damage":0,"enemies":"2 Louse","floor":2,"turns":3},{"damage":2,"enemies":"Jaw Worm","floor":7,"turns":4},{"damage":25,"enemies":"3 Sentries","floor":8,"turns":8},{"damage":11,"enemies":"Blue Slaver","floor":10,"turns":4},{"damage":51,"enemies":"Slime Boss","floor":16,"turns":13},{"damage":10,"enemies":"2 Thieves","floor":18,"turns":4},{"damage":35,"enemies":"Shell Parasite","floor":19,"turns":11},{"damage":48,"enemies":"Gremlin Leader","floor":23,"turns":6}],"seed_played":"7528772158365789655","potions_obtained":[{"floor":2,"key":"Weak Potion"},{"floor":7,"key":"LiquidBronze"},{"floor":10,"key":"FairyPotion"},{"floor":19,"key":"Weak Potion"}],"is_trial":false,"path_per_floor":["M","M","$","$","?","R","M","E","T","M","R","?","R","T","R","B",null,"M","M","$","?","?","E"],"character_chosen":"IRONCLAD","items_purchased":["Rage","Discovery","Boot"],"campfire_rested":1,"item_purchase_floors":[20,20,20],"current_hp_per_floor":[80,80,80,80,74,74,74,55,55,50,50,39,39,39,61,16,74,74,49,49,33,33,0],"gold":24,"neow_bonus":"THREE_RARE_CARDS","is_prod":false,"is_daily":false,"chose_seed":false,"campfire_upgraded":3,"win_rate":0,"timestamp":1562106968,"path_taken":["M","?","?","$","?","R","M","E","T","M","R","?","R","?","R","BOSS","M","M","$","?","?","E"],"build_version":"2019-07-01","purchased_purges":1,"victory":false,"max_hp_per_floor":[80,80,80,80,74,74,74,74,74,74,74,74,74,74,74,74,74,74,74,74,74,74,74],"card_choices":[{"not_picked":["Limit Break","Bludgeon"],"picked":"Juggernaut","floor":0},{"not_picked":["Wild Strike","Havoc"],"picked":"Body Slam","floor":1},{"not_picked":["Pommel Strike","Cleave"],"picked":"Flame Barrier","floor":2},{"not_picked":["Clothesline","Infernal Blade"],"picked":"Iron Wave","floor":7},{"not_picked":["Pommel Strike","Twin Strike","Rupture"],"picked":"SKIP","floor":8},{"not_picked":["Heavy Blade","Searing Blow","Rampage"],"picked":"SKIP","floor":10},{"not_picked":["Brutality","Double Tap"],"picked":"Barricade","floor":16},{"not_picked":["Havoc+1","True Grit"],"picked":"Feel No Pain+1","floor":18},{"not_picked":["Blood for Blood","Wild Strike"],"picked":"Metallicize","floor":19}],"player_experience":81501,"relics_obtained":[{"floor":8,"key":"Lantern"},{"floor":9,"key":"Ornamental Fan"},{"floor":14,"key":"Centennial Puzzle"},{"floor":21,"key":"Enchiridion"}],"event_choices":[{"damage_healed":0,"gold_gain":0,"player_choice":"Lose Max HP","damage_taken":0,"relics_obtained":["Golden Idol"],"max_hp_gain":0,"max_hp_loss":6,"event_name":"Golden Idol","floor":5,"gold_loss":0},{"damage_healed":0,"gold_gain":75,"player_choice":"Gather Gold","damage_taken":11,"max_hp_gain":0,"max_hp_loss":0,"event_name":"World of Goop","floor":12,"gold_loss":0},{"damage_healed":0,"gold_gain":0,"player_choice":"Obtained Book","damage_taken":16,"max_hp_gain":0,"max_hp_loss":0,"event_name":"Cursed Tome","floor":21,"gold_loss":0},{"damage_healed":0,"gold_gain":0,"player_choice":"Simplicity","damage_taken":0,"max_hp_gain":0,"max_hp_loss":0,"event_name":"Back to Basics","floor":22,"gold_loss":0,"cards_upgraded":["Strike_R","Strike_R","Strike_R","Strike_R","Defend_R","Defend_R","Defend_R","Defend_R"]}],"is_beta":false,"boss_relics":[{"not_picked":["Calling Bell","White Beast Statue"],"picked":"Black Blood"}],"items_purged_floors":[20],"is_endless":false,"potions_floor_spawned":[2,7,10,19],"killed_by":"Gremlin Leader","ascension_level":4}