{"gold_per_floor":[113,20,20,34,34,69,10,40,95,129,129,25,25,25,25,97,97,115,165,178,178,78,78,94,94,94,94,94,129,139,14,14,90,90,106,120,120,0,14,14,47,47],"floor_reached":42,"playtime":1517,"items_purged":["Strike_B","Strike_B","Defend_B"],"score":916,"play_id":"7a47a042-93c1-48c8-8da2-08831db85ee1","local_time":"20190615014222","is_ascension_mode":true,"campfire_choices":[{"data":"Fission","floor":11.0,"key":"SMITH"},{"data":"Dualcast","floor":13.0,"key":"SMITH"},{"data":"Zap","floor":15.0,"key":"SMITH"},{"data":"Darkness","floor":23.0,"key":"SMITH"},{"data":"Conserve Battery","floor":25.0,"key":"SMITH"},{"floor":28.0,"key":"REST"},{"floor":32.0,"key":"REST"},{"floor":40.0,"key":"REST"}],"neow_cost":"NONE","seed_source_timestamp":27689295311000,"circlet_count":0,"master_deck":["AscendersBane","Defend_B","Defend_B","Zap+1","Dualcast+1","Melter","Defragment+1","Streamline","Coolheaded","Cold Snap","Doom and Gloom","Fission+1","Compile Driver","Fission","Multi-Cast+1","Skim+1","Multi-Cast+1","Darkness+1","Conserve Battery+1","Undo","Creative AI","Meteor Strike","Conserve Battery+1","Dark Shackles","Purity","Defragment+1"],"special_seed":0,"relics":["Cracked Core","PreservedInsect","Shuriken","Pear","Question Card","Oddly Smooth Stone","Vajra","Astrolabe","Sundial","Du-Vu Doll","Snecko Eye","Red Mask","Mercury Hourglass"],"potions_floor_usage":[],"damage_taken":[{"damage":12.0,"enemies":"Jaw Worm","floor":1.0,"turns":3.0},{"damage":1.0,"enemies":"Cultist","floor":4.0,"turns":3.0},{"damage":16.0,"enemies":"3 Sentries","floor":6.0,"turns":7.0},{"damage":2.0,"enemies":"Lagavulin","floor":8.0,"turns":6.0},{"damage":10.0,"enemies":"3 Sentries","floor":10.0,"turns":5.0},{"damage":4.0,"enemies":"The Guardian","floor":16.0,"turns":8.0},{"damage":11.0,"enemies":"3 Byrds","floor":18.0,"turns":4.0},{"damage":0.0,"enemies":"Spheric Guardian","floor":20.0,"turns":2.0},{"damage":24.0,"enemies":"Snake Plant","floor":24.0,"turns":3.0},{"damage":22.0,"enemies":"Slavers","floor":29.0,"turns":4.0},{"damage":26.0,"enemies":"Shelled Parasite and Fungi","floor":30.0,"turns":10.0},{"damage":19.0,"enemies":"Champ","floor":33.0,"turns":14.0},{"damage":4.0,"enemies":"3 Darklings","floor":35.0,"turns":6.0},{"damage":5.0,"enemies":"Orb Walker","floor":36.0,"turns":3.0},{"damage":20.0,"enemies":"Jaw Worm Horde","floor":39.0,"turns":5.0},{"damage":42.0,"enemies":"Nemesis","floor":41.0,"turns":7.0},{"damage":14,"enemies":"Sphere and 2 Shapes","floor":42,"turns":2}],"seed_played":"-713948215402730111","potions_obtained":[{"floor":4.0,"key":"Fire Potion"},{"floor":6.0,"key":"Energy Potion"},{"floor":20.0,"key":"Ancient Potion"},{"floor":30.0,"key":"GamblersBrew"},{"floor":33.0,"key":"EssenceOfSteel"}],"is_trial":false,"path_per_floor":["M","$","?","M","T","E","?","E","T","E","R","$","R","?","R","B",null,"M","?","M","?","$","R","M","R","T","?","R","E","M","$","R","B",null,"M","M","?","?","M","R","E","M"],"character_chosen":"DEFECT","items_purchased":["Defragment","Streamline","Compile Driver"],"campfire_rested":3,"item_purchase_floors":[2,2,12],"current_hp_per_floor":[52,52,52,51,51,45,45,43,43,33,33,33,33,38,38,34,73,62,62,62,62,62,62,38,38,38,38,63,41,15,15,40,21,70,66,61,51,51,31,56,14,0],"gold":47,"neow_bonus":"RANDOM_COMMON_RELIC","is_prod":false,"is_daily":false,"chose_seed":false,"campfire_upgraded":5,"win_rate":0,"timestamp":1560530542,"path_taken":["M","$","?","?","?","E","?","E","T","E","R","$","R","?","R","BOSS","M","?","M","?","$","R","M","R","T","?","R","E","M","$","R","BOSS","M","M","?","?","M","R","E","M"],"build_version":"2019-01-23","purchased_purges":3,"victory":false,"max_hp_per_floor":[71,71,71,71,71,81,81,81,81,81,81,81,81,86,86,86,86,86,86,86,86,86,86,86,86,86,86,86,86,86,86,86,86,86,86,86,86,86,86,86,86,86],"card_choices":[{"not_picked":["Rebound","Coolheaded"],"picked":"Melter","floor":1.0},{"not_picked":["Sweeping Beam","Reinforced Body"],"picked":"Coolheaded","floor":4.0},{"not_picked":["Coolheaded","Conserve Battery"],"picked":"Cold Snap","floor":6.0},{"not_picked":["Streamline","Barrage"],"picked":"Doom and Gloom","floor":8.0},{"not_picked":["Coolheaded","Leap","Skim"],"picked":"Fission","floor":10.0},{"not_picked":["Buffer","Meteor Strike","Hyperbeam"],"picked":"Fission","floor":16.0},{"not_picked":["Rebound+1","Aggregate","Capacitor","Sweeping Beam"],"picked":"SKIP","floor":18.0},{"not_picked":["Sweeping Beam","Coolheaded","Rebound"],"picked":"Darkness","floor":20.0},{"not_picked":["Consume","Rip and Tear","Leap"],"picked":"Conserve Battery","floor":24.0},{"not_picked":["Coolheaded","White Noise","Ball Lightning"],"picked":"Creative AI","floor":29.0},{"not_picked":["Scrape","Capacitor","Coolheaded","Gash"],"picked":"SKIP","floor":30.0},{"not_picked":["Amplify","Fission","Rainbow"],"picked":"Meteor Strike","floor":33.0},{"not_picked":["Turbo","Force Field","Steam Power","Streamline"],"picked":"SKIP","floor":35.0},{"not_picked":["Ball Lightning","Doom and Gloom","Capacitor"],"picked":"Conserve Battery+1","floor":36.0},{"not_picked":["Jack Of All Trades","Blind","Swift Strike"],"picked":"Dark Shackles","floor":37.0},{"not_picked":["Metamorphosis","Jack Of All Trades","Discovery"],"picked":"Purity","floor":37.0},{"not_picked":["Streamline+1","Blizzard","Stack","Aggregate"],"picked":"SKIP","floor":39.0},{"not_picked":["Turbo+1","Coolheaded","Go for the Eyes+1"],"picked":"Defragment+1","floor":41.0}],"player_experience":5360609,"relics_obtained":[{"floor":5.0,"key":"Shuriken"},{"floor":6.0,"key":"Pear"},{"floor":8.0,"key":"Question Card"},{"floor":9.0,"key":"Oddly Smooth Stone"},{"floor":10.0,"key":"Vajra"},{"floor":26.0,"key":"Sundial"},{"floor":29.0,"key":"Du-Vu Doll"},{"floor":41.0,"key":"Mercury Hourglass"}],"event_choices":[{"damage_healed":0.0,"max_hp_gain":0.0,"max_hp_loss":0.0,"gold_gain":0.0,"event_name":"Accursed Blacksmith","player_choice":"Forge","floor":3.0,"gold_loss":0.0,"damage_taken":0.0,"cards_upgraded":["Defragment"]},{"damage_healed":0.0,"max_hp_gain":0.0,"max_hp_loss":0.0,"gold_gain":0.0,"event_name":"World of Goop","player_choice":"Left Gold","floor":7.0,"gold_loss":59.0,"damage_taken":0.0},{"damage_healed":0.0,"max_hp_gain":5.0,"max_hp_loss":0.0,"gold_gain":0.0,"event_name":"Big Fish","player_choice":"Donut","floor":14.0,"gold_loss":0.0,"damage_taken":0.0},{"damage_healed":0.0,"max_hp_gain":0.0,"max_hp_loss":0.0,"gold_gain":50.0,"event_name":"Nest","player_choice":"Stole From Cult","floor":19.0,"gold_loss":0.0,"damage_taken":0.0},{"damage_healed":0.0,"max_hp_gain":0.0,"max_hp_loss":0.0,"gold_gain":0.0,"event_name":"The Mausoleum","player_choice":"Ignored","floor":21.0,"gold_loss":0.0,"damage_taken":0.0},{"damage_healed":0.0,"max_hp_gain":0.0,"max_hp_loss":0.0,"gold_gain":0.0,"event_name":"The Library","player_choice":"Read","floor":27.0,"gold_loss":0.0,"damage_taken":0.0,"cards_obtained":["Undo"]},{"damage_healed":0.0,"max_hp_gain":0.0,"max_hp_loss":0.0,"gold_gain":0.0,"event_name":"SensoryStone","player_choice":"Memory 3","floor":37.0,"gold_loss":0.0,"damage_taken":10.0},{"damage_healed":0.0,"max_hp_gain":0.0,"max_hp_loss":0.0,"gold_gain":0.0,"event_name":"Tomb of Lord Red Mask","player_choice":"Paid","floor":38.0,"gold_loss":120.0,"damage_taken":0.0,"relics_obtained":["Red Mask"]}],"is_beta":false,"boss_relics":[{"not_picked":["Philosopher\u0027s Stone","Fusion Hammer"],"picked":"Astrolabe"},{"not_picked":["Black Star","Empty Cage"],"picked":"Snecko Eye"}],"items_purged_floors":[12,22,31],"is_endless":false,"potions_floor_spawned":[4,6,20,30,33,35],"killed_by":"Sphere and 2 Shapes","ascension_level":20}