{"gold_per_floor":[115,126,33,44,94,94,127,137,137,137,150,150,163,177,177,253,253,272,272,290,290,290,290,323,323,370,380,380,397,25,25,25,99,99,113,0,10,10,25,25,36,49,75,75,89,89,89,14,14,14,14,14,14,14,43,43],"floor_reached":57,"playtime":2249,"items_purged":["Strike_G"],"score":2848,"play_id":"8f8ea437-115b-421c-999a-abcfd8dabcbb","local_time":"20190517022940","is_ascension_mode":true,"campfire_choices":[{"data":"Noxious Fumes","floor":6,"key":"SMITH"},{"data":"Choke","floor":10,"key":"SMITH"},{"data":"Cloak And Dagger","floor":12,"key":"SMITH"},{"data":"Catalyst","floor":15,"key":"SMITH"},{"data":"Ghostly","floor":23,"key":"SMITH"},{"data":"Burst","floor":25,"key":"SMITH"},{"data":"Ghostly","floor":28,"key":"SMITH"},{"data":"Ghostly","floor":32,"key":"SMITH"},{"data":"Burst","floor":40,"key":"SMITH"},{"floor":44,"key":"RECALL"},{"data":"Night Terror","floor":46,"key":"SMITH"},{"data":"Deadly Poison","floor":49,"key":"SMITH"},{"data":"Calculated Gamble","floor":53,"key":"SMITH"}],"neow_cost":"NONE","seed_source_timestamp":25577828582800,"circlet_count":0,"master_deck":["AscendersBane","Defend_G","Defend_G+1","Defend_G","Strike_G","Strike_G","Strike_G","Survivor+1","Neutralize","Choke+1","Cloak And Dagger+1","Noxious Fumes+1","Poisoned Stab","Escape Plan","Dagger Spray","Dash","Catalyst+1","Backflip","Corpse Explosion","Deflect+1","Deflect+1","Backflip","Burst+1","Ghostly+1","Ghostly+1","Ghostly+1","Tactician+1","PiercingWail","Blur","Burst+1","Bouncing Flask","Prepared+1","Ghostly+1","Acrobatics","Deadly Poison+1","Night Terror+1","Calculated Gamble+1"],"relics":["Ring of the Snake","Orichalcum","War Paint","Runic Pyramid","Letter Opener","Anchor","Toy Ornithopter","Coffee Dripper","Red Mask","Mercury Hourglass"],"potions_floor_usage":[24,33,33,56,56],"damage_taken":[{"damage":2,"enemies":"Cultist","floor":1,"turns":5},{"damage":1,"enemies":"Jaw Worm","floor":2,"turns":3},{"damage":0,"enemies":"2 Louse","floor":4,"turns":2},{"damage":25,"enemies":"Gremlin Nob","floor":7,"turns":4},{"damage":5,"enemies":"Looter","floor":8,"turns":3},{"damage":0,"enemies":"2 Fungi Beasts","floor":11,"turns":2},{"damage":6,"enemies":"Blue Slaver","floor":13,"turns":3},{"damage":0,"enemies":"3 Louse","floor":14,"turns":3},{"damage":5,"enemies":"Hexaghost","floor":16,"turns":8},{"damage":10,"enemies":"Spheric Guardian","floor":18,"turns":4},{"damage":0,"enemies":"Chosen","floor":20,"turns":4},{"damage":9,"enemies":"Book of Stabbing","floor":24,"turns":6},{"damage":0,"enemies":"Snake Plant","floor":27,"turns":5},{"damage":0,"enemies":"Centurion and Healer","floor":29,"turns":4},{"damage":0,"enemies":"Automaton","floor":33,"turns":10},{"damage":0,"enemies":"3 Shapes","floor":35,"turns":6},{"damage":0,"enemies":"3 Darklings","floor":37,"turns":5},{"damage":0,"enemies":"Maw","floor":39,"turns":5},{"damage":0,"enemies":"Sphere and 2 Shapes","floor":41,"turns":6},{"damage":0,"enemies":"Jaw Worm Horde","floor":42,"turns":5},{"damage":0,"enemies":"4 Shapes","floor":45,"turns":4},{"damage":1,"enemies":"Awakened One","floor":50,"turns":16},{"damage":0,"enemies":"Donu and Deca","floor":51,"turns":6},{"damage":0,"enemies":"Shield and Spear","floor":55,"turns":9},{"damage":22,"enemies":"The Heart","floor":56,"turns":7}],"seed_played":"535099452193753696","potions_obtained":[{"floor":4,"key":"GamblersBrew"},{"floor":7,"key":"Weak Potion"},{"floor":18,"key":"Explosive Potion"},{"floor":24,"key":"Energy Potion"},{"floor":33,"key":"AttackPotion"},{"floor":35,"key":"Swift Potion"},{"floor":39,"key":"Poison Potion"}],"is_trial":false,"path_per_floor":["M","M","$","M","?","R","E","M","T","R","M","R","M","M","R","B",null,"M","?","M","?","?","R","E","R","T","M","R","M","$","?","R","B",null,"M","?","M","?","M","R","M","M","T","R","M","R","?","$","R","B","B",null,"R","$","E","B",null],"character_chosen":"THE_SILENT","items_purchased":["Noxious Fumes","Poisoned Stab","Toy Ornithopter","Blur","Calculated Gamble"],"campfire_rested":0,"item_purchase_floors":[3,3,30,30,48],"current_hp_per_floor":[57,56,56,56,56,56,31,26,26,26,26,26,20,20,20,15,53,43,25,25,25,25,25,16,16,16,16,16,16,16,16,16,26,33,33,33,33,33,33,33,33,33,33,33,33,33,45,45,45,44,44,45,45,45,45,23],"gold":43,"neow_bonus":"REMOVE_CARD","is_prod":false,"is_daily":false,"chose_seed":false,"campfire_upgraded":12,"win_rate":0,"timestamp":1558027780,"path_taken":["M","M","$","M","?","R","E","M","T","R","M","R","?","M","R","BOSS","M","?","M","?","?","R","E","R","T","M","R","M","$","?","R","BOSS","M","?","M","?","?","R","M","M","T","R","?","R","?","$","R","BOSS","BOSS","R","$","E","BOSS"],"build_version":"2019-01-23","purchased_purges":1,"victory":true,"max_hp_per_floor":[66,66,66,66,66,66,66,66,66,66,66,66,66,66,66,66,66,66,71,71,71,35,35,35,35,35,35,35,35,35,35,35,35,35,35,35,35,35,35,35,35,35,35,35,35,35,45,45,45,45,45,45,45,45,45,45],"card_choices":[{"not_picked":["Backflip","Cloak And Dagger"],"picked":"Choke","floor":1},{"not_picked":["Reflex","Backflip"],"picked":"Cloak And Dagger","floor":2},{"not_picked":["Footwork","Bane"],"picked":"Escape Plan","floor":4},{"not_picked":["Deflect","Choke"],"picked":"Dagger Spray","floor":7},{"not_picked":["Riddle With Holes","Leg Sweep"],"picked":"Die Die Die","floor":8},{"not_picked":["Concentrate","Sucker Punch"],"picked":"Dash","floor":11},{"not_picked":["Cloak And Dagger","PiercingWail"],"picked":"Catalyst","floor":13},{"not_picked":["Poisoned Stab","Deflect"],"picked":"Backflip","floor":14},{"not_picked":["Doppelganger","A Thousand Cuts"],"picked":"Corpse Explosion","floor":16},{"not_picked":["Dodge and Roll","Expertise"],"picked":"Deflect+1","floor":18},{"not_picked":["Bouncing Flask","Crippling Poison"],"picked":"Deflect+1","floor":20},{"not_picked":["Infinite Blades","Bane"],"picked":"Tactician+1","floor":24},{"not_picked":["Poisoned Stab","Endless Agony"],"picked":"PiercingWail","floor":27},{"not_picked":["PiercingWail","Flying Knee","Outmaneuver"],"picked":"SKIP","floor":29},{"not_picked":["Bullet Time","Doppelganger"],"picked":"Burst","floor":33},{"not_picked":["Choke","Backflip+1","Bouncing Flask"],"picked":"SKIP","floor":35},{"not_picked":["Choke","Backflip+1"],"picked":"Bouncing Flask","floor":35},{"not_picked":["Deadly Poison","Underhanded Strike+1"],"picked":"Prepared+1","floor":37},{"not_picked":["Deflect","Outmaneuver"],"picked":"Acrobatics","floor":39},{"not_picked":["Dodge and Roll","Poisoned Stab"],"picked":"Deadly Poison","floor":41},{"not_picked":["Poisoned Stab","Well Laid Plans","Slice"],"picked":"SKIP","floor":42},{"not_picked":["Setup","Well Laid Plans+1"],"picked":"Night Terror","floor":45},{"not_picked":["Acrobatics+1","Accuracy","Sucker Punch"],"picked":"SKIP","floor":55}],"player_experience":5056532,"relics_obtained":[{"floor":7,"key":"Orichalcum"},{"floor":9,"key":"War Paint"},{"floor":24,"key":"Letter Opener"},{"floor":26,"key":"Anchor"},{"floor":55,"key":"Mercury Hourglass"}],"event_choices":[{"damage_healed":0,"gold_gain":50,"player_choice":"Pray","damage_taken":0,"max_hp_gain":0,"max_hp_loss":0,"event_name":"Golden Shrine","floor":5,"gold_loss":0},{"damage_healed":0,"gold_gain":0,"player_choice":"Shed Blood","damage_taken":23,"max_hp_gain":5,"max_hp_loss":0,"event_name":"Forgotten Altar","floor":19,"gold_loss":0},{"damage_healed":0,"gold_gain":0,"cards_transformed":["Defend_G","Strike_G"],"player_choice":"Became Test Subject","damage_taken":0,"max_hp_gain":0,"max_hp_loss":0,"event_name":"Drug Dealer","floor":21,"gold_loss":0,"cards_obtained":["Backflip","Burst"]},{"damage_healed":0,"gold_gain":0,"player_choice":"Became a Ghost","damage_taken":0,"max_hp_gain":0,"max_hp_loss":36,"event_name":"Ghosts","floor":22,"gold_loss":0,"cards_obtained":["Ghostly","Ghostly","Ghostly"]},{"damage_healed":0,"gold_gain":0,"player_choice":"Ignored","damage_taken":0,"max_hp_gain":0,"max_hp_loss":0,"event_name":"Vampires","floor":31,"gold_loss":0},{"damage_healed":0,"gold_gain":0,"player_choice":"Paid","damage_taken":0,"relics_obtained":["Red Mask"],"max_hp_gain":0,"max_hp_loss":0,"event_name":"Tomb of Lord Red Mask","floor":36,"gold_loss":113},{"damage_healed":0,"gold_gain":0,"player_choice":"Copied","damage_taken":0,"max_hp_gain":0,"max_hp_loss":0,"event_name":"Duplicator","floor":38,"gold_loss":0,"cards_obtained":["Ghostly"]},{"cards_removed":["Die Die Die"],"damage_healed":2,"gold_gain":0,"player_choice":"Offered Rare","damage_taken":0,"max_hp_gain":10,"max_hp_loss":0,"event_name":"Bonfire Elementals","floor":47,"gold_loss":0}],"is_beta":false,"boss_relics":[{"not_picked":["Tiny House","HoveringKite"],"picked":"Runic Pyramid"},{"not_picked":["Sozu","Cursed Key"],"picked":"Coffee Dripper"}],"items_purged_floors":[30],"is_endless":false,"potions_floor_spawned":[4,7,11,18,20,24,33,35,39,42],"ascension_level":20}