{"gold_per_floor":[10,30,46,46,57,74,74,85,85,135,145,27,40,40],"floor_reached":14,"playtime":370,"items_purged":["Strike_G"],"score":172,"play_id":"b4205f74-be8c-491f-b8fb-d424f4593c9c","local_time":"20190607004741","is_ascension_mode":true,"campfire_choices":[{"data":"Deadly Poison","floor":7,"key":"SMITH"}],"neow_cost":"NO_GOLD","seed_source_timestamp":961963362904700,"circlet_count":0,"master_deck":["AscendersBane","Defend_G","Defend_G","Defend_G","Defend_G","Strike_G","Strike_G","Strike_G","Survivor","Neutralize","Acrobatics","Footwork","Deadly Poison+1","Deadly Poison+1","Deadly Poison","Deflect","Well Laid Plans"],"relics":["Ring of the Snake","Singing Bowl"],"potions_floor_usage":[11],"damage_taken":[{"damage":5,"enemies":"Jaw Worm","floor":1,"turns":7},{"damage":0,"enemies":"Cultist","floor":2,"turns":4},{"damage":0,"enemies":"2 Louse","floor":3,"turns":4},{"damage":7,"enemies":"Red Slaver","floor":5,"turns":4},{"damage":6,"enemies":"3 Louse","floor":6,"turns":5},{"damage":6,"enemies":"Exordium Wildlife","floor":8,"turns":4},{"damage":9,"enemies":"Blue Slaver","floor":11,"turns":4},{"damage":0,"enemies":"Exordium Thugs","floor":13,"turns":4},{"damage":25,"enemies":"Lots of Slimes","floor":14,"turns":2}],"seed_played":"3538054913551197683","potions_obtained":[{"floor":2,"key":"Strength Potion"},{"floor":5,"key":"SneckoOil"}],"is_trial":false,"path_per_floor":["M","M","M","?","M","M","R","M","T","?","M","$","M","M"],"character_chosen":"THE_SILENT","items_purchased":["Well Laid Plans"],"campfire_rested":0,"item_purchase_floors":[12],"current_hp_per_floor":[54,54,54,54,47,41,41,35,35,29,22,22,24,0],"gold":40,"neow_bonus":"REMOVE_TWO","is_prod":false,"is_daily":false,"chose_seed":false,"campfire_upgraded":1,"win_rate":0,"timestamp":1559836061,"path_taken":["M","M","M","?","?","M","R","M","T","?","M","$","M","M"],"build_version":"2019-01-23","purchased_purges":1,"victory":false,"max_hp_per_floor":[66,66,66,66,66,66,66,66,66,66,68,68,70,70],"card_choices":[{"not_picked":["Prepared","Calculated Gamble"],"picked":"Acrobatics","floor":1},{"not_picked":["Prepared","Cloak And Dagger"],"picked":"Footwork","floor":2},{"not_picked":["Acrobatics","Quick Slash"],"picked":"Deadly Poison","floor":3},{"not_picked":["Quick Slash","Calculated Gamble"],"picked":"Deadly Poison","floor":5},{"not_picked":["Quick Slash","Choke"],"picked":"Deadly Poison","floor":6},{"not_picked":["PiercingWail","A Thousand Cuts"],"picked":"Deflect","floor":8},{"not_picked":["Blade Dance","Deflect","Cloak And Dagger"],"picked":"Singing Bowl","floor":11},{"not_picked":["Acrobatics","Slice","Sucker Punch"],"picked":"Singing Bowl","floor":13}],"player_experience":5287060,"relics_obtained":[{"floor":9,"key":"Singing Bowl"}],"event_choices":[{"damage_healed":0,"gold_gain":0,"player_choice":"Forge","damage_taken":0,"max_hp_gain":0,"max_hp_loss":0,"event_name":"Accursed Blacksmith","floor":4,"gold_loss":0,"cards_upgraded":["Deadly Poison"]},{"damage_healed":0,"gold_gain":50,"player_choice":"Touch","damage_taken":6,"max_hp_gain":0,"max_hp_loss":0,"event_name":"FaceTrader","floor":10,"gold_loss":0}],"is_beta":false,"boss_relics":[],"items_purged_floors":[12],"is_endless":false,"potions_floor_spawned":[2,5,8],"killed_by":"Lots of Slimes","ascension_level":20}