{"gold_per_floor":[118,131,148,159,173,173,200,200,249,249,269,280,231,258,258,336,336,356,356,281,294,311,311,311],"floor_reached":24,"playtime":632,"items_purged":[],"score":420,"play_id":"8262ce12-eef0-430e-bb5c-f8bc0c8bbbc9","local_time":"20190704233009","is_ascension_mode":true,"campfire_choices":[{"data":"Beam Cell","floor":6,"key":"SMITH"},{"floor":8,"key":"REST"},{"data":"Hologram","floor":15,"key":"SMITH"},{"floor":23,"key":"REST"}],"neow_cost":"NONE","seed_source_timestamp":174893179469300,"circlet_count":0,"master_deck":["AscendersBane","Strike_B","Defend_B","Defend_B","Defend_B","Defend_B","Zap","Dualcast","Rip and Tear","Sweeping Beam","Darkness","Leap","Beam Cell+1","Streamline","Rip and Tear","Hologram+1","Electrodynamics","Electrodynamics","FTL","Skim+1","Heatsinks"],"relics":["Cracked Core","Mummified Hand","Oddly Smooth Stone","Meat on the Bone","Runic Dome"],"potions_floor_usage":[7,11,16],"damage_taken":[{"damage":1,"enemies":"Cultist","floor":1,"turns":3},{"damage":7,"enemies":"2 Louse","floor":2,"turns":3},{"damage":4,"enemies":"Jaw Worm","floor":3,"turns":3},{"damage":3,"enemies":"Looter","floor":4,"turns":3},{"damage":7,"enemies":"2 Fungi Beasts","floor":5,"turns":4},{"damage":20,"enemies":"3 Sentries","floor":7,"turns":6},{"damage":19,"enemies":"Gremlin Gang","floor":11,"turns":4},{"damage":5,"enemies":"Looter","floor":12,"turns":2},{"damage":1,"enemies":"Gremlin Nob","floor":14,"turns":3},{"damage":17,"enemies":"Hexaghost","floor":16,"turns":9},{"damage":12,"enemies":"Shell Parasite","floor":18,"turns":3},{"damage":16,"enemies":"2 Thieves","floor":21,"turns":3},{"damage":12,"enemies":"Centurion and Healer","floor":22,"turns":5},{"damage":49,"enemies":"Gremlin Leader","floor":24,"turns":2}],"seed_played":"-4571368269474777877","potions_obtained":[{"floor":2,"key":"SpeedPotion"},{"floor":5,"key":"SteroidPotion"},{"floor":11,"key":"Strength Potion"}],"is_trial":false,"path_per_floor":["M","M","M","M","M","R","E","R","T","?","M","M","?","E","R","B",null,"M","?","?","M","M","R","E"],"character_chosen":"DEFECT","items_purchased":[],"campfire_rested":2,"item_purchase_floors":[],"current_hp_per_floor":[63,56,52,49,42,42,22,43,43,43,24,19,19,18,18,13,57,45,25,25,21,21,43,0],"gold":311,"neow_bonus":"TRANSFORM_CARD","is_prod":false,"is_daily":false,"chose_seed":false,"campfire_upgraded":2,"win_rate":0,"timestamp":1562250609,"path_taken":["M","M","M","M","M","R","E","R","T","?","M","M","?","E","R","BOSS","M","?","?","M","M","R","E"],"build_version":"2019-07-01","purchased_purges":0,"victory":false,"max_hp_per_floor":[71,71,71,71,71,71,71,71,71,71,71,71,71,71,71,71,71,71,76,76,76,76,76,76],"card_choices":[{"not_picked":["Conserve Battery","Go for the Eyes"],"picked":"Sweeping Beam","floor":1},{"not_picked":["Doom and Gloom","Defragment"],"picked":"Darkness","floor":2},{"not_picked":["Beam Cell","Static Discharge"],"picked":"Leap","floor":3},{"not_picked":["Sweeping Beam","Gash"],"picked":"Beam Cell","floor":4},{"not_picked":["Leap","Turbo"],"picked":"Streamline","floor":5},{"not_picked":["Barrage","Recycle"],"picked":"Rip and Tear","floor":7},{"not_picked":["Ball Lightning","Gash"],"picked":"Hologram","floor":11},{"not_picked":["Go for the Eyes","Loop","Darkness"],"picked":"SKIP","floor":12},{"not_picked":["Recycle","Cold Snap"],"picked":"Electrodynamics","floor":14},{"not_picked":["Meteor Strike","Seek"],"picked":"Electrodynamics","floor":16},{"not_picked":["Skim","Hologram"],"picked":"FTL","floor":18},{"not_picked":["Darkness","Streamline"],"picked":"Skim+1","floor":21},{"not_picked":["Sweeping Beam","Turbo"],"picked":"Heatsinks","floor":22}],"player_experience":5582034,"relics_obtained":[{"floor":7,"key":"Mummified Hand"},{"floor":9,"key":"Oddly Smooth Stone"},{"floor":14,"key":"Meat on the Bone"}],"event_choices":[{"cards_removed":["Strike_B"],"damage_healed":0,"gold_gain":0,"player_choice":"Forget","damage_taken":0,"max_hp_gain":0,"max_hp_loss":0,"event_name":"Living Wall","floor":10,"gold_loss":0},{"damage_healed":0,"gold_gain":0,"player_choice":"Left Gold","damage_taken":0,"max_hp_gain":0,"max_hp_loss":0,"event_name":"World of Goop","floor":13,"gold_loss":49},{"damage_healed":0,"gold_gain":0,"player_choice":"Shed Blood","damage_taken":25,"max_hp_gain":5,"max_hp_loss":0,"event_name":"Forgotten Altar","floor":19,"gold_loss":0},{"cards_removed":["Strike_B"],"damage_healed":0,"gold_gain":0,"player_choice":"Gave Gold","damage_taken":0,"max_hp_gain":0,"max_hp_loss":0,"event_name":"Beggar","floor":20,"gold_loss":75}],"is_beta":false,"boss_relics":[{"not_picked":["Nuclear Battery","White Beast Statue"],"picked":"Runic Dome"}],"items_purged_floors":[],"is_endless":false,"potions_floor_spawned":[2,5,11],"killed_by":"Gremlin Leader","ascension_level":20}