{"gold_per_floor":[115,115,115,126,126,126,138,163,186,219,219,51,71,91,91,166,166,182,10,10,10,22,22,51,65,65,81,114,114,145,160,160,237,287,303,314,314,199,299,299,299,299,299,38,71,47,47,47,47,47,47,47,47,81,81],"floor_reached":55,"playtime":1637,"items_purged":["Strike_R"],"score":1870,"play_id":"eea204fb-0e9c-4786-967e-d7d342dc8351","local_time":"20190716213742","is_ascension_mode":true,"campfire_choices":[{"data":"Whirlwind","floor":6,"key":"SMITH"},{"data":"Armaments","floor":11,"key":"SMITH"},{"data":"Bash","floor":15,"key":"SMITH"},{"data":"Demon Form","floor":23,"key":"SMITH"},{"floor":29,"key":"RECALL"},{"data":"Bludgeon","floor":32,"key":"SMITH"},{"data":"Limit Break","floor":40,"key":"SMITH"},{"data":"Flame Barrier","floor":49,"key":"SMITH"},{"data":"Double Tap","floor":52,"key":"SMITH"}],"neow_cost":"","seed_source_timestamp":2186613791091312,"circlet_count":0,"master_deck":["AscendersBane","Strike_R","Strike_R","Strike_R","Defend_R","Defend_R","Defend_R","Bash+1","Bludgeon","Shrug It Off","Iron Wave","Whirlwind+1","Pommel Strike","Perfected Strike","Armaments+1","Shrug It Off","Double Tap+1","Perfected Strike","Demon Form+1","Perfected Strike","RitualDagger+1","Wild Strike","Bludgeon+1","Flame Barrier","Limit Break+1","Twin Strike","Perfected Strike","Heavy Blade","Battle Trance","Carnage","Perfected Strike","Flame Barrier+1","Juggernaut+1","Shrug It Off","Demon Form+1"],"relics":["Burning Blood","Chemical X","Bag of Preparation","Bag of Marbles","Matryoshka","Strawberry","Snecko Eye","PreservedInsect","Incense Burner","Kunai","Pen Nib","Pear","Dream Catcher","Tiny House","Magic Flower","Frozen Egg 2","Meat on the Bone","Juzu Bracelet","Oddly Smooth Stone","Champion Belt","Orichalcum"],"potions_floor_usage":[10,30,33,50,55,55],"damage_taken":[{"damage":2,"enemies":"Jaw Worm","floor":1,"turns":3},{"damage":7,"enemies":"Small Slimes","floor":4,"turns":4},{"damage":0,"enemies":"Cultist","floor":7,"turns":3},{"damage":20,"enemies":"3 Sentries","floor":8,"turns":4},{"damage":16,"enemies":"Gremlin Nob","floor":10,"turns":3},{"damage":0,"enemies":"Blue Slaver","floor":13,"turns":1},{"damage":0,"enemies":"Looter","floor":14,"turns":1},{"damage":24,"enemies":"The Guardian","floor":16,"turns":11},{"damage":0,"enemies":"Shell Parasite","floor":18,"turns":1},{"damage":10,"enemies":"2 Thieves","floor":22,"turns":2},{"damage":27,"enemies":"Gremlin Leader","floor":24,"turns":2},{"damage":0,"enemies":"Shelled Parasite and Fungi","floor":25,"turns":1},{"damage":0,"enemies":"Snake Plant","floor":27,"turns":1},{"damage":0,"enemies":"Slavers","floor":28,"turns":1},{"damage":30,"enemies":"Book of Stabbing","floor":30,"turns":3},{"damage":0,"enemies":"Snecko","floor":31,"turns":2},{"damage":36,"enemies":"Collector","floor":33,"turns":5},{"damage":4,"enemies":"3 Shapes","floor":35,"turns":7},{"damage":0,"enemies":"3 Darklings","floor":36,"turns":1},{"damage":18,"enemies":"Mind Bloom Boss Battle","floor":39,"turns":4},{"damage":0,"enemies":"Reptomancer","floor":45,"turns":3},{"damage":50,"enemies":"Time Eater","floor":50,"turns":10},{"damage":56,"enemies":"Shield and Spear","floor":54,"turns":4},{"damage":59,"enemies":"The Heart","floor":55,"turns":5}],"seed_played":"2669739490574772874","potions_obtained":[{"floor":4,"key":"SteroidPotion"},{"floor":10,"key":"EssenceOfSteel"},{"floor":14,"key":"Poison Potion"},{"floor":22,"key":"Regen Potion"},{"floor":30,"key":"SteroidPotion"},{"floor":34,"key":"LiquidBronze"},{"floor":36,"key":"SkillPotion"},{"floor":45,"key":"Strength Potion"},{"floor":54,"key":"GamblersBrew"}],"is_trial":false,"path_per_floor":["M","?","?","M","?","R","M","E","T","E","R","$","M","M","R","B",null,"M","$","?","?","M","R","E","M","T","M","E","R","E","M","R","B",null,"M","M","?","$","?","R","$","?","T","$","E","$","?","T","R","B",null,"R","$","E","B"],"character_chosen":"IRONCLAD","items_purchased":["Chemical X","Shrug It Off","Iron Wave","Strawberry","PreservedInsect","Battle Trance","Juzu Bracelet","Perfected Strike","Flame Barrier","Shrug It Off"],"campfire_rested":0,"item_purchase_floors":[0,0,0,12,19,38,44,44,44,46],"current_hp_per_floor":[54,54,54,53,53,53,59,45,45,35,35,42,48,54,54,36,71,77,77,71,71,67,67,46,52,52,58,74,74,55,61,61,31,82,84,90,90,90,78,78,78,78,78,78,87,87,87,87,87,64,85,85,85,56,0],"gold":81,"neow_bonus":"","is_prod":false,"is_daily":false,"chose_seed":false,"campfire_upgraded":8,"win_rate":0,"timestamp":1563305862,"path_taken":["M","?","?","M","?","R","M","E","T","E","R","$","M","?","R","BOSS","M","$","?","?","M","R","E","M","T","M","E","R","E","?","R","BOSS","M","M","?","$","?","R","?","?","T","$","E","$","?","?","R","BOSS","R","$","E","BOSS"],"build_version":"2019-07-05","purchased_purges":1,"victory":false,"max_hp_per_floor":[75,75,75,75,75,75,75,75,75,75,75,82,82,82,82,82,82,82,82,82,82,82,82,82,82,82,82,92,92,92,92,92,92,97,97,97,97,97,97,97,97,97,97,97,97,97,92,92,92,92,92,92,92,92,92],"card_choices":[{"not_picked":["Armaments","Metallicize"],"picked":"Whirlwind","floor":1},{"not_picked":["Wild Strike","Twin Strike"],"picked":"Pommel Strike","floor":4},{"not_picked":["Armaments","Clash"],"picked":"Perfected Strike","floor":7},{"not_picked":["Rupture","Entrench"],"picked":"Armaments","floor":8},{"not_picked":["Searing Blow","Corruption"],"picked":"Shrug It Off","floor":10},{"not_picked":["Shockwave","Warcry"],"picked":"Double Tap","floor":13},{"not_picked":["Cleave","Anger"],"picked":"Perfected Strike","floor":14},{"not_picked":["Berserk","Limit Break"],"picked":"Demon Form","floor":16},{"not_picked":["Entrench","Clothesline"],"picked":"Perfected Strike","floor":18},{"not_picked":["Clash","Havoc","Headbutt+1"],"picked":"SKIP","floor":22},{"not_picked":["Bloodletting","Sever Soul","Ghostly Armor"],"picked":"SKIP","floor":24},{"not_picked":["Cleave","Corruption"],"picked":"Wild Strike","floor":25},{"not_picked":["Armaments","Pummel"],"picked":"Bludgeon","floor":27},{"not_picked":["Cleave+1","Sword Boomerang","Armaments"],"picked":"SKIP","floor":28},{"not_picked":["Feel No Pain","Metallicize"],"picked":"Flame Barrier","floor":30},{"not_picked":["Havoc","Thunderclap"],"picked":"Wild Strike+1","floor":31},{"not_picked":["Immolate","Berserk"],"picked":"Limit Break","floor":33},{"not_picked":["Havoc","Warcry"],"picked":"Twin Strike","floor":34},{"not_picked":["Reckless Charge","Havoc+1"],"picked":"Perfected Strike","floor":35},{"not_picked":["Bloodletting","Inflame"],"picked":"Heavy Blade","floor":36},{"not_picked":["Anger+1","Burning Pact"],"picked":"Carnage","floor":39},{"not_picked":["Fiend Fire","Body Slam"],"picked":"Juggernaut+1","floor":45},{"not_picked":["Headbutt+1","Burning Pact"],"picked":"Demon Form+1","floor":54}],"player_experience":445884,"relics_obtained":[{"floor":8,"key":"Bag of Preparation"},{"floor":9,"key":"Bag of Marbles"},{"floor":10,"key":"Matryoshka"},{"floor":24,"key":"Kunai"},{"floor":26,"key":"Pen Nib"},{"floor":28,"key":"Pear"},{"floor":30,"key":"Dream Catcher"},{"floor":39,"key":"Magic Flower"},{"floor":43,"key":"Frozen Egg 2"},{"floor":43,"key":"Meat on the Bone"},{"floor":45,"key":"Oddly Smooth Stone"},{"floor":48,"key":"Champion Belt"},{"floor":54,"key":"Orichalcum"}],"event_choices":[{"damage_healed":0,"gold_gain":0,"player_choice":"Ignored","damage_taken":0,"max_hp_gain":0,"max_hp_loss":0,"event_name":"Liars Game","floor":2,"gold_loss":0},{"damage_healed":0,"gold_gain":0,"player_choice":"Ignored","damage_taken":0,"max_hp_gain":0,"max_hp_loss":0,"event_name":"Shining Light","floor":3,"gold_loss":0},{"cards_removed":["Defend_R"],"damage_healed":0,"gold_gain":0,"player_choice":"Card Removal","damage_taken":0,"max_hp_gain":0,"max_hp_loss":0,"event_name":"Wheel of Change","floor":5,"gold_loss":0},{"damage_healed":0,"gold_gain":0,"player_choice":"Joined the Cult","damage_taken":6,"max_hp_gain":0,"max_hp_loss":0,"event_name":"Nest","floor":20,"gold_loss":0,"cards_obtained":["RitualDagger"]},{"damage_healed":0,"gold_gain":0,"player_choice":"Gave Potion","damage_taken":0,"relics_obtained":["Incense Burner"],"max_hp_gain":0,"max_hp_loss":0,"event_name":"WeMeetAgain","floor":21,"gold_loss":0},{"damage_healed":0,"gold_gain":0,"player_choice":"Ignored","damage_taken":0,"max_hp_gain":0,"max_hp_loss":0,"event_name":"Tomb of Lord Red Mask","floor":37,"gold_loss":0},{"damage_healed":0,"gold_gain":0,"player_choice":"Fight","damage_taken":0,"max_hp_gain":0,"max_hp_loss":0,"event_name":"MindBloom","floor":39,"gold_loss":0},{"cards_removed":["Wild Strike"],"damage_healed":0,"gold_gain":0,"player_choice":"Removed Attack","damage_taken":0,"max_hp_gain":0,"max_hp_loss":0,"event_name":"Falling","floor":42,"gold_loss":0},{"damage_healed":0,"gold_gain":0,"player_choice":"Max HP","damage_taken":0,"max_hp_gain":0,"max_hp_loss":5,"event_name":"Winding Halls","floor":47,"gold_loss":0}],"is_beta":false,"boss_relics":[{"not_picked":["Ectoplasm","Black Blood"],"picked":"Snecko Eye"},{"not_picked":["Runic Dome","Runic Cube"],"picked":"Tiny House"}],"items_purged_floors":[38],"is_endless":false,"potions_floor_spawned":[4,10,14,22,24,27,30,35,36,45,54],"killed_by":"The Heart","ascension_level":17}