{"gold_per_floor":[119,119,129,146,197,223,282,282,282,295,295,314,314,326,326,422,422,432,432,444,444],"floor_reached":21,"playtime":1087,"items_purged":[],"score":181,"play_id":"b7c86bde-513f-4437-9645-c77eb23aa146","local_time":"20190716195825","is_ascension_mode":false,"campfire_choices":[{"floor":8,"key":"REST"},{"floor":15,"key":"REST"}],"neow_cost":"NONE","seed_source_timestamp":524922193095000,"circlet_count":0,"master_deck":["Strike_B","Strike_B","Strike_B","Strike_B","Defend_B","Defend_B","Defend_B","Zap","Dualcast","White Noise","Aggregate","Defragment","Conserve Battery","FTL","Amplify","Tempest+1","Regret","Redo","Recycle","All For One+1","FTL+1","Redo"],"relics":["Cracked Core","Bag of Preparation","Regal Pillow","Pen Nib","Shuriken","Molten Egg 2","Mercury Hourglass","Philosopher\u0027s Stone"],"potions_floor_usage":[7,16,16,21],"damage_taken":[{"damage":9,"enemies":"2 Louse","floor":1,"turns":4},{"damage":1,"enemies":"Cultist","floor":3,"turns":3},{"damage":2,"enemies":"Small Slimes","floor":4,"turns":4},{"damage":32,"enemies":"Gremlin Nob","floor":6,"turns":4},{"damage":13,"enemies":"Lagavulin Event","floor":7,"turns":7},{"damage":9,"enemies":"Blue Slaver","floor":10,"turns":4},{"damage":21,"enemies":"Lots of Slimes","floor":12,"turns":3},{"damage":14,"enemies":"Red Slaver","floor":14,"turns":3},{"damage":48,"enemies":"The Guardian","floor":16,"turns":9},{"damage":27,"enemies":"Shell Parasite","floor":18,"turns":5},{"damage":12,"enemies":"3 Byrds","floor":20,"turns":3},{"damage":49,"enemies":"Shelled Parasite and Fungi","floor":21,"turns":4}],"seed_played":"5048516452170510681","potions_obtained":[{"floor":3,"key":"SpeedPotion"},{"floor":4,"key":"SpeedPotion"},{"floor":7,"key":"Strength Potion"},{"floor":16,"key":"PowerPotion"},{"floor":20,"key":"SpeedPotion"}],"is_trial":false,"path_per_floor":["M","?","M","M","T","E","?","R","T","M","?","M","T","M","R","B",null,"M","?","M","M"],"character_chosen":"DEFECT","items_purchased":[],"campfire_rested":2,"item_purchase_floors":[],"current_hp_per_floor":[73,73,72,70,70,38,25,64,64,55,55,34,34,20,59,11,82,55,55,43,0],"gold":444,"neow_bonus":"TEN_PERCENT_HP_BONUS","is_prod":false,"is_daily":false,"chose_seed":false,"campfire_upgraded":0,"win_rate":0.0,"timestamp":1563325105,"path_taken":["M","?","M","?","?","E","?","R","T","M","?","M","?","M","R","BOSS","M","?","?","M"],"build_version":"2019-07-05","purchased_purges":0,"victory":false,"max_hp_per_floor":[82,82,82,82,82,82,82,82,82,82,82,82,82,82,82,82,82,82,82,82,82],"card_choices":[{"not_picked":["Rebound","Loop"],"picked":"White Noise","floor":1},{"not_picked":["Cold Snap","Stack"],"picked":"Defragment","floor":3},{"not_picked":["Consume","Go for the Eyes"],"picked":"Conserve Battery","floor":4},{"not_picked":["Rebound","Coolheaded"],"picked":"FTL","floor":6},{"not_picked":["Beam Cell","Rebound"],"picked":"Amplify","floor":7},{"not_picked":["Cold Snap","Gash"],"picked":"Tempest","floor":10},{"not_picked":["Capacitor","Barrage+1"],"picked":"Redo","floor":12},{"not_picked":["Streamline+1","Beam Cell+1"],"picked":"Recycle","floor":14},{"not_picked":["Meteor Strike+1","Seek"],"picked":"All For One+1","floor":16},{"not_picked":["Cold Snap+1","Self Repair"],"picked":"FTL+1","floor":18},{"not_picked":["Coolheaded","Turbo"],"picked":"Redo","floor":20}],"player_experience":67251,"relics_obtained":[{"floor":5,"key":"Bag of Preparation"},{"floor":6,"key":"Regal Pillow"},{"floor":7,"key":"Pen Nib"},{"floor":9,"key":"Shuriken"},{"floor":13,"key":"Mercury Hourglass"}],"event_choices":[{"damage_healed":0,"gold_gain":0,"cards_transformed":["Defend_B"],"player_choice":"Transformed","damage_taken":0,"max_hp_gain":0,"max_hp_loss":0,"event_name":"Transmorgrifier","floor":2,"gold_loss":0,"cards_obtained":["Aggregate"]},{"damage_healed":0,"gold_gain":30,"player_choice":"Searched \u00273\u0027 times","damage_taken":0,"max_hp_gain":0,"max_hp_loss":0,"event_name":"Dead Adventurer","floor":7,"gold_loss":0},{"damage_healed":0,"gold_gain":0,"player_choice":"Box","damage_taken":0,"relics_obtained":["Molten Egg 2"],"max_hp_gain":0,"max_hp_loss":0,"event_name":"Big Fish","floor":11,"gold_loss":0,"cards_obtained":["Regret"]},{"damage_healed":0,"gold_gain":0,"player_choice":"Upgraded","damage_taken":0,"max_hp_gain":0,"max_hp_loss":0,"event_name":"Upgrade Shrine","floor":19,"gold_loss":0,"cards_upgraded":["Tempest"]}],"is_beta":false,"boss_relics":[{"not_picked":["Cursed Key","Astrolabe"],"picked":"Philosopher\u0027s Stone"}],"items_purged_floors":[],"is_endless":false,"potions_floor_spawned":[3,4,7,16,20],"killed_by":"Shelled Parasite and Fungi","ascension_level":0}