{"gold_per_floor":[111,125,139,155,155,181,181,194,220,248,248,265,296,308,308,308],"floor_reached":16,"playtime":505,"items_purged":[],"score":248,"play_id":"cf868bab-62e8-416d-b7d0-5e5d4806344a","local_time":"20190302012242","is_ascension_mode":true,"campfire_choices":[{"data":"Immolate","floor":7,"key":"SMITH"},{"data":"Fiend Fire","floor":11,"key":"SMITH"},{"data":"Offering","floor":15,"key":"SMITH"}],"neow_cost":"NONE","seed_source_timestamp":1336138279307700,"circlet_count":0,"master_deck":["AscendersBane","Strike_R","Strike_R","Strike_R","Strike_R","Strike_R","Defend_R","Defend_R","Defend_R","Defend_R","Bash","Offering+1","Thunderclap","Fiend Fire+1","Combust","Metallicize","Pain","Immolate+1","Ghostly Armor","Power Through","Shrug It Off","Uppercut"],"relics":["Burning Blood","WarpedTongs","Sundial","Orichalcum","Omamori","Oddly Smooth Stone"],"potions_floor_usage":[13,16],"damage_taken":[{"damage":6,"enemies":"Small Slimes","floor":1,"turns":4},{"damage":1,"enemies":"Cultist","floor":2,"turns":3},{"damage":2,"enemies":"2 Louse","floor":3,"turns":3},{"damage":6,"enemies":"2 Fungi Beasts","floor":4,"turns":2},{"damage":36,"enemies":"Gremlin Nob","floor":6,"turns":4},{"damage":1,"enemies":"Exordium Thugs","floor":8,"turns":3},{"damage":15,"enemies":"3 Sentries","floor":10,"turns":4},{"damage":2,"enemies":"Large Slime","floor":12,"turns":5},{"damage":19,"enemies":"Lagavulin","floor":13,"turns":6},{"damage":0,"enemies":"Looter","floor":14,"turns":2},{"damage":41,"enemies":"The Guardian","floor":16,"turns":10}],"seed_played":"372765760606759513","potions_obtained":[{"floor":6,"key":"Dexterity Potion"},{"floor":8,"key":"FearPotion"},{"floor":13,"key":"Swift Potion"}],"is_trial":false,"path_per_floor":["M","M","M","M","?","E","R","M","T","E","R","M","E","M","R","B"],"character_chosen":"IRONCLAD","items_purchased":[],"campfire_rested":0,"item_purchase_floors":[],"current_hp_per_floor":[68,73,75,75,75,45,45,50,50,41,41,45,32,38,38,0],"gold":308,"neow_bonus":"ONE_RANDOM_RARE_CARD","is_prod":false,"is_daily":false,"chose_seed":false,"campfire_upgraded":3,"win_rate":0,"timestamp":1551457362,"path_taken":["M","M","M","M","?","E","R","M","T","E","R","?","E","M","R","BOSS"],"build_version":"2019-01-23","purchased_purges":0,"victory":false,"max_hp_per_floor":[75,75,75,75,75,75,75,75,75,75,75,75,75,75,75,75],"card_choices":[{"not_picked":["Headbutt","Warcry"],"picked":"Thunderclap","floor":1},{"not_picked":["Havoc","Shockwave"],"picked":"Fiend Fire","floor":2},{"not_picked":["Dual Wield","Intimidate"],"picked":"Combust","floor":3},{"not_picked":["Pommel Strike","Havoc"],"picked":"Metallicize","floor":4},{"not_picked":["Seeing Red","Twin Strike"],"picked":"Immolate","floor":6},{"not_picked":["Flex","Heavy Blade"],"picked":"Ghostly Armor","floor":8},{"not_picked":["True Grit","Whirlwind"],"picked":"Power Through","floor":10},{"not_picked":["Combust","Clothesline","Heavy Blade"],"picked":"SKIP","floor":12},{"not_picked":["Whirlwind","Rage"],"picked":"Shrug It Off","floor":13},{"not_picked":["Heavy Blade","Thunderclap"],"picked":"Uppercut","floor":14}],"player_experience":4443351,"relics_obtained":[{"floor":6,"key":"Sundial"},{"floor":9,"key":"Orichalcum"},{"floor":10,"key":"Omamori"},{"floor":13,"key":"Oddly Smooth Stone"}],"event_choices":[{"damage_healed":0,"gold_gain":0,"player_choice":"Rummage","damage_taken":0,"relics_obtained":["WarpedTongs"],"max_hp_gain":0,"max_hp_loss":0,"event_name":"Accursed Blacksmith","floor":5,"gold_loss":0,"cards_obtained":["Pain"]}],"is_beta":false,"boss_relics":[],"items_purged_floors":[],"is_endless":false,"potions_floor_spawned":[6,8,13,14],"killed_by":"The Guardian","ascension_level":20}