{"gold_per_floor":[114,114,124,142,160,190,254,254,300,19,19,32,32,32,32,107,107,125,135,85,117,134,161,161,191,244,244,263,282,305,351,351,429,429,443,458,458,222,234,269,285,311,311,324,357,373,387,417,417,417,417,417,417,37,62,62],"floor_reached":57,"playtime":2959,"items_purged":["Defend_G","Strike_G","Dagger Spray"],"score":2993,"play_id":"604b7bfc-a096-4931-b856-9ac30877a490","local_time":"20190716022518","is_ascension_mode":true,"campfire_choices":[{"floor":8.0,"key":"REST"},{"floor":15.0,"key":"RECALL"},{"data":"Adrenaline","floor":24.0,"key":"SMITH"},{"data":"Footwork","floor":32.0,"key":"SMITH"},{"data":"1","floor":49,"key":"LIFT"},{"data":"2","floor":53,"key":"LIFT"}],"neow_cost":"NONE","seed_source_timestamp":460453651349600,"circlet_count":0,"master_deck":["AscendersBane","Defend_G","Defend_G","Defend_G","Survivor","Neutralize+1","PiercingWail","Dash","Terror","Footwork+1","Dagger Spray+1","Glass Knife","Apotheosis+1","After Image+1","Acrobatics","Malaise","Deflect","Blade Dance","Adrenaline+1","Blade Dance+1","Crippling Poison","Tools of the Trade+1","Backstab+1","After Image+1","Flechettes+1","Well Laid Plans+1","Flash of Steel","PiercingWail","Cloak And Dagger","Footwork+1","Bouncing Flask","Caltrops+1","Catalyst+1","Backflip","Escape Plan"],"special_seed":0,"relics":["Ring of the Snake","Lantern","Frozen Egg 2","Bag of Marbles","Smiling Mask","Coffee Dripper","Red Mask","Centennial Puzzle","Kunai","Tiny Chest","Anchor","Astrolabe","Potion Belt","Whetstone","Question Card","Girya","Omamori","Boot","Strawberry"],"potions_floor_usage":[44,50,56],"damage_taken":[{"damage":0.0,"enemies":"2 Louse","floor":1.0,"turns":3.0},{"damage":1.0,"enemies":"Jaw Worm","floor":3.0,"turns":6.0},{"damage":2.0,"enemies":"Small Slimes","floor":4.0,"turns":3.0},{"damage":0.0,"enemies":"Red Slaver","floor":5.0,"turns":3.0},{"damage":19.0,"enemies":"Lagavulin","floor":6.0,"turns":10.0},{"damage":32.0,"enemies":"Gremlin Nob","floor":7.0,"turns":4.0},{"damage":0.0,"enemies":"3 Louse","floor":12.0,"turns":3.0},{"damage":0.0,"enemies":"The Guardian","floor":16.0,"turns":11.0},{"damage":20.0,"enemies":"Chosen","floor":18.0,"turns":4.0},{"damage":0.0,"enemies":"Spheric Guardian","floor":19.0,"turns":5.0},{"damage":9.0,"enemies":"Masked Bandits","floor":21.0,"turns":4.0},{"damage":8.0,"enemies":"Snake Plant","floor":22.0,"turns":5.0},{"damage":4.0,"enemies":"Book of Stabbing","floor":23.0,"turns":6.0},{"damage":2.0,"enemies":"Gremlin Leader","floor":25.0,"turns":8.0},{"damage":2.0,"enemies":"Shelled Parasite and Fungi","floor":28.0,"turns":5.0},{"damage":0.0,"enemies":"Centurion and Healer","floor":29.0,"turns":6.0},{"damage":0.0,"enemies":"Automaton","floor":33.0,"turns":11.0},{"damage":0.0,"enemies":"Orb Walker","floor":35.0,"turns":3.0},{"damage":5.0,"enemies":"3 Darklings","floor":36.0,"turns":5.0},{"damage":0,"enemies":"4 Shapes","floor":39,"turns":6},{"damage":6,"enemies":"Nemesis","floor":40,"turns":5},{"damage":0,"enemies":"Maw","floor":41,"turns":8},{"damage":0,"enemies":"Transient","floor":44,"turns":6},{"damage":2,"enemies":"Reptomancer","floor":45,"turns":8},{"damage":0,"enemies":"Writhing Mass","floor":46,"turns":8},{"damage":9,"enemies":"Maw","floor":47,"turns":7},{"damage":0,"enemies":"Giant Head","floor":48,"turns":9},{"damage":10,"enemies":"Donu and Deca","floor":50,"turns":10},{"damage":1,"enemies":"Time Eater","floor":51,"turns":11},{"damage":13,"enemies":"Shield and Spear","floor":55,"turns":9},{"damage":7,"enemies":"The Heart","floor":56,"turns":10}],"seed_played":"4052427061471304848","potions_obtained":[{"floor":4.0,"key":"Dexterity Potion"},{"floor":5.0,"key":"Fire Potion"},{"floor":7.0,"key":"SpeedPotion"},{"floor":18.0,"key":"Strength Potion"},{"floor":21.0,"key":"GamblersBrew"},{"floor":29.0,"key":"SkillPotion"},{"floor":33.0,"key":"Weak Potion"},{"floor":39,"key":"AttackPotion"},{"floor":44,"key":"GhostInAJar"},{"floor":47,"key":"Swift Potion"},{"floor":48,"key":"EssenceOfSteel"}],"is_trial":false,"path_per_floor":["M","?","M","M","M","E","?","R","T","$","?","M","?","?","R","B",null,"M","M","$","?","M","E","R","E","T","?","M","M","T","T","R","B",null,"M","M","?","$","M","E","M","T","T","M","E","M","M","E","R","B","B",null,"R","$","E","B",null],"character_chosen":"THE_SILENT","items_purchased":["Apotheosis","After Image+1","Well Laid Plans+1","Flash of Steel","GhostInAJar","Escape Plan","Boot"],"campfire_rested":1,"item_purchase_floors":[10,10,38,38,54,54,54],"current_hp_per_floor":[59,59,58,56,56,37,5,24,24,24,24,24,24,24,24,24,56,36,36,36,27,19,15,15,13,13,4,2,2,2,2,2,2,50,50,45,45,45,45,39,39,39,39,39,37,37,28,28,28,18,17,54,54,54,48,41],"gold":62,"neow_bonus":"RANDOM_COMMON_RELIC","is_prod":false,"is_daily":false,"chose_seed":false,"campfire_upgraded":2,"win_rate":0,"timestamp":1563211518,"path_taken":["M","?","M","M","M","E","?","R","T","?","?","?","?","?","R","BOSS","M","?","$","?","M","E","R","E","T","?","?","M","?","?","R","BOSS","M","M","?","$","M","E","M","?","T","M","E","M","?","E","R","BOSS","BOSS","R","$","E","BOSS"],"build_version":"2019-07-05","purchased_purges":3,"victory":true,"max_hp_per_floor":[66,66,66,66,66,66,66,66,66,66,66,66,66,66,66,66,66,66,66,66,66,66,66,66,66,66,66,66,66,66,66,66,66,66,66,66,66,66,66,66,66,66,66,66,66,66,66,66,66,66,66,66,66,66,73,73],"card_choices":[{"not_picked":["Distraction","Acrobatics"],"picked":"Dagger Spray","floor":1.0},{"not_picked":["Escape Plan","Underhanded Strike"],"picked":"Dash","floor":3.0},{"not_picked":["Flechettes","Blade Dance"],"picked":"Terror","floor":4.0},{"not_picked":["Cloak And Dagger","Calculated Gamble"],"picked":"Footwork","floor":5.0},{"not_picked":["Quick Slash","Prepared"],"picked":"Dagger Spray","floor":6.0},{"not_picked":["Quick Slash","Infinite Blades+1"],"picked":"Glass Knife","floor":7.0},{"not_picked":["Dagger Throw","Leg Sweep"],"picked":"Acrobatics","floor":12.0},{"not_picked":["Envenom+1","Unload"],"picked":"Malaise","floor":16.0},{"not_picked":["Eviscerate","Blade Dance","All Out Attack"],"picked":"SKIP","floor":18.0},{"not_picked":["Dagger Spray","Acrobatics"],"picked":"Deflect","floor":19.0},{"not_picked":["Prepared","Flying Knee"],"picked":"Blade Dance","floor":21.0},{"not_picked":["Catalyst","Deflect"],"picked":"Adrenaline","floor":22.0},{"not_picked":["Outmaneuver+1","Sucker Punch","Blade Dance"],"picked":"SKIP","floor":23.0},{"not_picked":["Riddle With Holes","Outmaneuver"],"picked":"Blade Dance+1","floor":25.0},{"not_picked":["Concentrate","Deadly Poison"],"picked":"Crippling Poison","floor":28.0},{"not_picked":["Slice","Dash+1","Dagger Spray"],"picked":"SKIP","floor":29.0},{"not_picked":["Grand Finale","Unload"],"picked":"Tools of the Trade+1","floor":33.0},{"not_picked":["Flying Knee+1","Prepared","Setup"],"picked":"SKIP","floor":35.0},{"not_picked":["Terror","Dagger Spray","Sucker Punch"],"picked":"SKIP","floor":36.0},{"not_picked":["Choke","Flechettes"],"picked":"PiercingWail","floor":39},{"not_picked":["Acrobatics","PiercingWail+1","Leg Sweep"],"picked":"SKIP","floor":40},{"not_picked":["Poisoned Stab","Underhanded Strike"],"picked":"Cloak And Dagger","floor":41},{"not_picked":["Concentrate","Masterful Stab","Setup"],"picked":"Footwork+1","floor":44},{"not_picked":["Dodge and Roll","Deadly Poison+1","Infinite Blades+1"],"picked":"Bouncing Flask","floor":45},{"not_picked":["Riddle With Holes+1","Choke+1","Slice"],"picked":"Caltrops+1","floor":46},{"not_picked":["Skewer","Backstab+1","Accuracy+1"],"picked":"Catalyst+1","floor":47},{"not_picked":["Prepared","Dodge and Roll","Blade Dance"],"picked":"Backflip","floor":48},{"not_picked":["Outmaneuver","Underhanded Strike","Blade Dance","Riddle With Holes"],"picked":"SKIP","floor":55}],"player_experience":5702115,"relics_obtained":[{"floor":6.0,"key":"Frozen Egg 2"},{"floor":7.0,"key":"Bag of Marbles"},{"floor":9.0,"key":"Smiling Mask"},{"floor":21.0,"key":"Red Mask"},{"floor":23.0,"key":"Centennial Puzzle"},{"floor":25.0,"key":"Kunai"},{"floor":26.0,"key":"Tiny Chest"},{"floor":31.0,"key":"Anchor"},{"floor":40,"key":"Potion Belt"},{"floor":42,"key":"Whetstone"},{"floor":43,"key":"Question Card"},{"floor":45,"key":"Girya"},{"floor":48,"key":"Omamori"},{"floor":55,"key":"Strawberry"}],"event_choices":[{"damage_healed":0.0,"max_hp_gain":0.0,"max_hp_loss":0.0,"gold_gain":0.0,"cards_transformed":["Strike_G"],"event_name":"Living Wall","player_choice":"Change","floor":2.0,"gold_loss":0.0,"damage_taken":0.0,"cards_obtained":["PiercingWail"]},{"damage_healed":0.0,"max_hp_gain":0.0,"max_hp_loss":0.0,"gold_gain":0.0,"event_name":"Dead Adventurer","player_choice":"Searched \u00271\u0027 times","floor":7.0,"gold_loss":0.0,"damage_taken":0.0},{"damage_healed":0.0,"max_hp_gain":0.0,"max_hp_loss":0.0,"gold_gain":0.0,"event_name":"Accursed Blacksmith","player_choice":"Forge","floor":11.0,"gold_loss":0.0,"damage_taken":0.0,"cards_upgraded":["Apotheosis"]},{"damage_healed":0.0,"max_hp_gain":0.0,"max_hp_loss":0.0,"gold_gain":0.0,"event_name":"Liars Game","player_choice":"Ignored","floor":13.0,"gold_loss":0.0,"damage_taken":0.0},{"damage_healed":0.0,"max_hp_gain":0.0,"max_hp_loss":0.0,"gold_gain":0.0,"event_name":"Match and Keep!","player_choice":"0 cards matched","floor":14.0,"gold_loss":0.0,"damage_taken":0.0,"cards_obtained":[]},{"damage_healed":0.0,"max_hp_gain":0.0,"max_hp_loss":0.0,"gold_gain":0.0,"event_name":"Masked Bandits","player_choice":"Fought Bandits","floor":21.0,"gold_loss":0.0,"damage_taken":0.0},{"damage_healed":0.0,"max_hp_gain":0.0,"max_hp_loss":0.0,"gold_gain":0.0,"event_name":"Wheel of Change","player_choice":"Damaged","floor":27.0,"gold_loss":0.0,"damage_taken":9.0},{"cards_removed":["Defend_G"],"damage_healed":0.0,"max_hp_gain":0.0,"max_hp_loss":0.0,"gold_gain":0.0,"event_name":"Falling","player_choice":"Removed Skill","floor":37.0,"gold_loss":0.0,"damage_taken":0.0}],"is_beta":false,"boss_relics":[{"not_picked":["Lizard Tail","Calling Bell"],"picked":"Coffee Dripper"},{"not_picked":["WristBlade","Tiny House"],"picked":"Astrolabe"}],"items_purged_floors":[20,38,54],"is_endless":false,"potions_floor_spawned":[4,5,7,18,21,29,33,35,39,44,47,48,55],"ascension_level":20}