{"gold_per_floor":[109,60,10,10,10,21,21,96,96,9,9,43,43,60,60,161,161,179,30,30,0,13,13,30,30,30,50,50],"floor_reached":28,"playtime":674,"items_purged":[],"score":214,"play_id":"58daa971-c267-46c0-8290-58698147bf1e","local_time":"20190703183238","is_ascension_mode":false,"campfire_choices":[{"data":"Enlightenment","floor":15,"key":"SMITH"},{"floor":23,"key":"REST"}],"neow_cost":"NONE","seed_source_timestamp":1056849728623477,"circlet_count":0,"master_deck":["Strike_R","Strike_R","Strike_R","Strike_R","Strike_R","Defend_R","Defend_R","Defend_R","Bash","Perfected Strike+1","Headbutt","Pommel Strike","Enlightenment+1","Parasite","Feed","Wild Strike","Bludgeon","Pommel Strike","Armaments","Good Instincts","Twin Strike","Flame Barrier+1","Flex"],"special_seed":0,"relics":["Burning Blood"],"potions_floor_usage":[16,28],"damage_taken":[{"damage":10.0,"enemies":"Jaw Worm","floor":1.0,"turns":5.0},{"damage":0.0,"enemies":"Cultist","floor":6.0,"turns":3.0},{"damage":26.0,"enemies":"Lagavulin","floor":12.0,"turns":7.0},{"damage":10,"enemies":"Small Slimes","floor":14,"turns":2},{"damage":21,"enemies":"Slime Boss","floor":16,"turns":11},{"damage":31,"enemies":"3 Byrds","floor":18,"turns":7},{"damage":36,"enemies":"2 Thieves","floor":22,"turns":5},{"damage":32,"enemies":"Sentry and Sphere","floor":24,"turns":5},{"damage":36,"enemies":"3 Cultists","floor":27,"turns":6},{"damage":15,"enemies":"Snecko","floor":28,"turns":2}],"seed_played":"6720279059204600595","potions_obtained":[{"floor":12,"key":"Block Potion"},{"floor":14,"key":"FairyPotion"},{"floor":24,"key":"Explosive Potion"}],"is_trial":false,"path_per_floor":["M","$","?","?","$","M","$","?","T","$","?","E","?","M","R","B",null,"M","$","?","?","M","R","M","?","T","M","M"],"character_chosen":"IRONCLAD","items_purchased":["Headbutt","Enlightenment","Armaments","Good Instincts"],"campfire_rested":1,"item_purchase_floors":[2,10,19,19],"current_hp_per_floor":[84,84,84,84,84,88,88,80,80,80,88,68,88,84,84,69,88,63,63,63,63,33,59,36,36,36,15,0],"gold":50,"neow_bonus":"TEN_PERCENT_HP_BONUS","is_prod":false,"is_daily":false,"chose_seed":false,"campfire_upgraded":1,"win_rate":0,"timestamp":1562175158,"path_taken":["M","$","?","?","$","?","$","?","T","?","?","E","?","?","R","BOSS","M","$","?","?","M","R","M","?","T","M","?"],"build_version":"2019-07-01","purchased_purges":0,"victory":false,"max_hp_per_floor":[88,88,88,88,88,88,88,88,88,88,88,88,88,88,88,88,88,88,88,88,88,88,88,91,91,91,91,91],"card_choices":[{"not_picked":["Pommel Strike","Cleave"],"picked":"Perfected Strike","floor":1.0},{"not_picked":["Thunderclap","Bloodletting"],"picked":"Pommel Strike","floor":6.0},{"not_picked":["Burning Pact","Berserk"],"picked":"Feed","floor":12},{"not_picked":["Havoc","Fire Breathing"],"picked":"Wild Strike","floor":14},{"not_picked":["Fiend Fire","Double Tap"],"picked":"Bludgeon","floor":16},{"not_picked":["Power Through","Shrug It Off"],"picked":"Pommel Strike","floor":18},{"not_picked":["Dropkick","Evolve"],"picked":"Twin Strike","floor":22},{"not_picked":["Rupture","Shrug It Off"],"picked":"Flame Barrier+1","floor":24},{"not_picked":["Heavy Blade+1","Combust+1"],"picked":"Flex","floor":27}],"player_experience":96332,"relics_obtained":[],"event_choices":[{"cards_removed":["Defend_R"],"damage_healed":0.0,"max_hp_gain":0.0,"max_hp_loss":0.0,"gold_gain":0.0,"event_name":"The Cleric","player_choice":"Card Removal","floor":3.0,"gold_loss":50.0,"damage_taken":0.0},{"damage_healed":0.0,"max_hp_gain":0.0,"max_hp_loss":0.0,"gold_gain":0.0,"event_name":"Accursed Blacksmith","player_choice":"Forge","floor":4.0,"gold_loss":0.0,"damage_taken":0.0,"cards_upgraded":["Perfected Strike"]},{"damage_healed":0.0,"max_hp_gain":0.0,"max_hp_loss":0.0,"gold_gain":75.0,"event_name":"FaceTrader","player_choice":"Touch","floor":8.0,"gold_loss":0.0,"damage_taken":8.0},{"damage_healed":22.0,"max_hp_gain":0.0,"max_hp_loss":0.0,"gold_gain":0.0,"event_name":"Mushrooms","player_choice":"Healed and dodged fight","floor":11.0,"gold_loss":0.0,"damage_taken":0.0,"cards_obtained":["Parasite"]},{"damage_healed":29,"gold_gain":0,"player_choice":"Banana","damage_taken":0,"max_hp_gain":0,"max_hp_loss":0,"event_name":"Big Fish","floor":13,"gold_loss":0},{"damage_healed":0,"gold_gain":0,"player_choice":"Ignored","damage_taken":0,"max_hp_gain":0,"max_hp_loss":0,"event_name":"Vampires","floor":20,"gold_loss":0},{"damage_healed":0,"gold_gain":0,"player_choice":"Paid Fearfully","damage_taken":0,"max_hp_gain":0,"max_hp_loss":0,"event_name":"Masked Bandits","floor":21,"gold_loss":30}],"is_beta":false,"boss_relics":[{"not_picked":["Astrolabe","Cursed Key","Orrery"]}],"items_purged_floors":[],"is_endless":false,"potions_floor_spawned":[12,14,24],"killed_by":"Snecko","ascension_level":0}