{"gold_per_floor":[115,128,145,25,37,37,62,62,116,145,145,160,160,223,223,302,302,321,66,78,78,78,78,36,36,61,73,111,136,148,174,186,276,288,316,34,44,144,366,366,401,401,401,419,429,454,468,488,488,488,488,488,488,9,44,44],"floor_reached":56,"playtime":2484,"items_purged":["Strike_R","Strike_R","Strike_R"],"score":2050,"play_id":"d3f2b11d-e725-401d-a2c3-b556469221b8","local_time":"20190609014750","is_ascension_mode":true,"campfire_choices":[{"data":"Armaments","floor":6.0,"key":"SMITH"},{"data":"Battle Trance","floor":11.0,"key":"SMITH"},{"data":"True Grit","floor":13.0,"key":"SMITH"},{"floor":15.0,"key":"RECALL"},{"floor":23.0,"key":"REST"},{"floor":27.0,"key":"REST"},{"floor":30.0,"key":"REST"},{"floor":32.0,"key":"REST"},{"data":"Inflame","floor":40.0,"key":"SMITH"},{"data":"Limit Break","floor":42.0,"key":"SMITH"},{"floor":49.0,"key":"REST"},{"floor":53.0,"key":"REST"}],"neow_cost":"NONE","seed_source_timestamp":1136091840325800,"circlet_count":0,"master_deck":["AscendersBane","Strike_R","Strike_R","Defend_R","Defend_R+1","Defend_R","Defend_R","Bash","Limit Break+1","Headbutt","Armaments+1","Spot Weakness","Battle Trance+1","Seeing Red+1","Sword Boomerang","Heavy Blade","True Grit+1","Sword Boomerang","Spot Weakness","Impervious","Intimidate","Inflame+1","Burning Pact+1","Barricade","Sentinel","Pummel","Shrug It Off","Sentinel+1","Flex+1","Evolve","Ghostly Armor"],"special_seed":0,"relics":["Burning Blood","Matryoshka","Oddly Smooth Stone","War Paint","Strawberry","Tiny Chest","Mark of Pain","Membership Card","Mummified Hand","Enchiridion","MawBank","Red Mask","Runic Pyramid","ClockworkSouvenir","Vajra","Champion Belt","The Courier","Mango","Paper Frog","Medical Kit","Dodecahedron","Orichalcum","Red Skull","Bottled Lightning","Shuriken"],"potions_floor_usage":[56,56],"damage_taken":[{"damage":8.0,"enemies":"2 Louse","floor":1.0,"turns":3.0},{"damage":1.0,"enemies":"Cultist","floor":2.0,"turns":3.0},{"damage":14.0,"enemies":"Jaw Worm","floor":3.0,"turns":4.0},{"damage":8.0,"enemies":"Blue Slaver","floor":5.0,"turns":5.0},{"damage":25.0,"enemies":"3 Sentries","floor":7.0,"turns":6.0},{"damage":20.0,"enemies":"Gremlin Nob","floor":10.0,"turns":3.0},{"damage":0.0,"enemies":"Large Slime","floor":12.0,"turns":2.0},{"damage":54.0,"enemies":"3 Sentries","floor":14.0,"turns":11.0},{"damage":2.0,"enemies":"Hexaghost","floor":16.0,"turns":8.0},{"damage":18.0,"enemies":"Spheric Guardian","floor":18.0,"turns":4.0},{"damage":17.0,"enemies":"Shell Parasite","floor":20.0,"turns":3.0},{"damage":53.0,"enemies":"Masked Bandits","floor":28.0,"turns":5.0},{"damage":24.0,"enemies":"Centurion and Healer","floor":29.0,"turns":6.0},{"damage":2.0,"enemies":"Chosen and Byrds","floor":31.0,"turns":4.0},{"damage":24.0,"enemies":"Automaton","floor":33.0,"turns":6.0},{"damage":0.0,"enemies":"3 Shapes","floor":35.0,"turns":4.0},{"damage":0.0,"enemies":"Orb Walker","floor":37.0,"turns":4.0},{"damage":0.0,"enemies":"Mind Bloom Boss Battle","floor":38.0,"turns":7.0},{"damage":0.0,"enemies":"Giant Head","floor":41.0,"turns":4.0},{"damage":66.0,"enemies":"Jaw Worm Horde","floor":44.0,"turns":5.0},{"damage":0.0,"enemies":"3 Darklings","floor":45.0,"turns":7.0},{"damage":3.0,"enemies":"Reptomancer","floor":46.0,"turns":4.0},{"damage":14.0,"enemies":"Writhing Mass","floor":47.0,"turns":6.0},{"damage":5.0,"enemies":"4 Shapes","floor":48.0,"turns":7.0},{"damage":23.0,"enemies":"Time Eater","floor":50.0,"turns":7.0},{"damage":52.0,"enemies":"Donu and Deca","floor":51.0,"turns":7.0},{"damage":18.0,"enemies":"Shield and Spear","floor":55.0,"turns":6.0},{"damage":124,"enemies":"The Heart","floor":56,"turns":6}],"seed_played":"-1654385575662230236","potions_obtained":[{"floor":5.0,"key":"EssenceOfSteel"},{"floor":7.0,"key":"FearPotion"},{"floor":10.0,"key":"BloodPotion"},{"floor":12.0,"key":"Fire Potion"},{"floor":16.0,"key":"EssenceOfSteel"},{"floor":28.0,"key":"BloodPotion"},{"floor":31.0,"key":"PowerPotion"},{"floor":33.0,"key":"Regen Potion"},{"floor":37.0,"key":"PowerPotion"},{"floor":46.0,"key":"Swift Potion"},{"floor":48.0,"key":"Dexterity Potion"},{"floor":55.0,"key":"LiquidBronze"}],"is_trial":false,"path_per_floor":["M","M","M","$","M","R","E","?","T","E","R","M","R","E","R","B",null,"M","$","M","T","?","R","$","?","T","R","?","M","R","M","R","B",null,"M","$","M","?","?","R","E","R","T","M","M","E","M","M","R","B","B",null,"R","$","E","B"],"character_chosen":"IRONCLAD","items_purchased":["Battle Trance","Seeing Red","Membership Card","Inflame","ClockworkSouvenir","Vajra","Pummel","Shrug It Off","Medical Kit","Dodecahedron","Orichalcum","Red Skull","Bottled Lightning"],"campfire_rested":6,"item_purchase_floors":[4,4,19,24,36,36,36,36,54,54,54,54,54],"current_hp_per_floor":[66,71,63,63,61,61,42,75,75,68,68,74,74,26,26,30,69,57,57,46,46,25,49,49,49,49,73,26,16,40,44,68,50,74,80,80,82,82,82,82,82,82,96,36,57,60,52,53,81,64,18,77,96,96,84,0],"gold":44,"neow_bonus":"ONE_RANDOM_RARE_CARD","is_prod":false,"is_daily":false,"chose_seed":false,"campfire_upgraded":5,"win_rate":0,"timestamp":1560012470,"path_taken":["M","M","M","$","M","R","E","?","T","E","R","M","R","E","R","BOSS","M","$","M","?","?","R","?","?","T","R","?","?","R","M","R","BOSS","M","$","M","?","?","R","E","R","T","M","M","E","M","M","R","BOSS","BOSS","R","$","E","BOSS"],"build_version":"2019-01-23","purchased_purges":3,"victory":false,"max_hp_per_floor":[75,75,75,75,75,75,75,75,75,82,82,82,82,82,82,82,82,82,82,82,82,82,82,82,82,82,82,82,82,82,82,82,82,82,82,82,82,82,82,82,82,82,96,96,96,96,96,96,96,96,96,96,96,96,96,96],"card_choices":[{"not_picked":["Warcry","Shrug It Off"],"picked":"Headbutt","floor":1.0},{"not_picked":["Clash","Warcry"],"picked":"Armaments","floor":2.0},{"not_picked":["Anger","Warcry"],"picked":"Spot Weakness","floor":3.0},{"not_picked":["Body Slam","Reckless Charge"],"picked":"Sword Boomerang","floor":5.0},{"not_picked":["Headbutt","True Grit"],"picked":"Heavy Blade","floor":7.0},{"not_picked":["Clash","Heavy Blade"],"picked":"True Grit","floor":10.0},{"not_picked":["Blood for Blood","Barricade"],"picked":"Sword Boomerang","floor":12.0},{"not_picked":["Heavy Blade","Dual Wield"],"picked":"Spot Weakness","floor":14.0},{"not_picked":["Exhume","Bludgeon"],"picked":"Impervious","floor":16.0},{"not_picked":["Armaments","Havoc+1","Body Slam"],"picked":"SKIP","floor":18.0},{"not_picked":["Twin Strike","Perfected Strike"],"picked":"Intimidate","floor":20.0},{"not_picked":["Sword Boomerang","Feel No Pain"],"picked":"Burning Pact+1","floor":28.0},{"not_picked":["Wild Strike","Iron Wave","Clash"],"picked":"SKIP","floor":29.0},{"not_picked":["Clash+1","Hemokinesis","Rampage"],"picked":"SKIP","floor":31.0},{"not_picked":["Immolate","Fiend Fire"],"picked":"Barricade","floor":33.0},{"not_picked":["Warcry","Combust+1"],"picked":"Sentinel","floor":35.0},{"not_picked":["Heavy Blade+1","Searing Blow","Anger"],"picked":"SKIP","floor":37.0},{"not_picked":["Pummel","Combust"],"picked":"Sentinel+1","floor":38.0},{"not_picked":["Body Slam","Clothesline"],"picked":"Flex+1","floor":41.0},{"not_picked":["Blood for Blood+1","Metallicize","Infernal Blade+1"],"picked":"SKIP","floor":44.0},{"not_picked":["Anger","True Grit","Double Tap"],"picked":"SKIP","floor":45.0},{"not_picked":["Twin Strike","Havoc"],"picked":"Evolve","floor":46.0},{"not_picked":["Body Slam","Perfected Strike","Searing Blow"],"picked":"SKIP","floor":47.0},{"not_picked":["Thunderclap","Warcry"],"picked":"Ghostly Armor","floor":48.0},{"not_picked":["Blood for Blood","Searing Blow+1","Bludgeon"],"picked":"SKIP","floor":55.0}],"player_experience":5301048,"relics_obtained":[{"floor":7.0,"key":"Matryoshka"},{"floor":9.0,"key":"Oddly Smooth Stone"},{"floor":9.0,"key":"War Paint"},{"floor":10.0,"key":"Strawberry"},{"floor":14.0,"key":"Tiny Chest"},{"floor":21.0,"key":"Mummified Hand"},{"floor":22.0,"key":"Enchiridion"},{"floor":26.0,"key":"MawBank"},{"floor":28.0,"key":"Red Mask"},{"floor":38.0,"key":"Champion Belt"},{"floor":41.0,"key":"The Courier"},{"floor":43.0,"key":"Mango"},{"floor":46.0,"key":"Paper Frog"},{"floor":55.0,"key":"Shuriken"}],"event_choices":[{"damage_healed":33.0,"max_hp_gain":0.0,"max_hp_loss":0.0,"gold_gain":0.0,"event_name":"Wheel of Change","player_choice":"Full Heal","floor":8.0,"gold_loss":0.0,"damage_taken":0.0},{"damage_healed":0.0,"max_hp_gain":0.0,"max_hp_loss":0.0,"gold_gain":0.0,"event_name":"Cursed Tome","player_choice":"Obtained Book","floor":22.0,"gold_loss":0.0,"damage_taken":21.0},{"damage_healed":0.0,"max_hp_gain":0.0,"max_hp_loss":0.0,"gold_gain":0.0,"event_name":"The Mausoleum","player_choice":"Ignored","floor":25.0,"gold_loss":0.0,"damage_taken":0.0},{"damage_healed":0.0,"max_hp_gain":0.0,"max_hp_loss":0.0,"gold_gain":0.0,"event_name":"Masked Bandits","player_choice":"Fought Bandits","floor":28.0,"gold_loss":0.0,"damage_taken":0.0},{"damage_healed":0.0,"max_hp_gain":0.0,"max_hp_loss":0.0,"gold_gain":0.0,"event_name":"MindBloom","player_choice":"Fight","floor":38.0,"gold_loss":0.0,"damage_taken":0.0},{"damage_healed":0.0,"max_hp_gain":0.0,"max_hp_loss":0.0,"gold_gain":222.0,"event_name":"Tomb of Lord Red Mask","player_choice":"Wore Mask","floor":39.0,"gold_loss":0.0,"damage_taken":0.0}],"is_beta":false,"boss_relics":[{"not_picked":["Snecko Eye","Coffee Dripper"],"picked":"Mark of Pain"},{"not_picked":["Astrolabe","Calling Bell"],"picked":"Runic Pyramid"}],"items_purged_floors":[19,36,54],"is_endless":false,"potions_floor_spawned":[5,7,10,12,16,28,31,33,37,44,46,48,55],"killed_by":"The Heart","ascension_level":20}