{"gold_per_floor":[109,109,109,123,148,148,168,168,168,211,82,82,97,113,113,203,203,228,228,228,153,166,166,66,104,104,104,128,3,39,39],"floor_reached":31,"playtime":780,"items_purged":["Strike_G","Defend_G","Pain"],"score":606,"play_id":"dbdc52c2-f7a3-4ecd-b260-c24b4a129839","local_time":"20190726015353","is_ascension_mode":true,"campfire_choices":[{"data":"Skewer","floor":6,"key":"SMITH"},{"data":"Noxious Fumes","floor":8,"key":"SMITH"},{"data":"Malaise","floor":12,"key":"SMITH"},{"data":"Footwork","floor":15,"key":"SMITH"},{"data":"Neutralize","floor":23,"key":"SMITH"},{"floor":27,"key":"REST"}],"neow_cost":"PERCENT_DAMAGE","seed_source_timestamp":145260563971100,"circlet_count":0,"master_deck":["AscendersBane","Strike_G","Strike_G","Strike_G","Strike_G","Defend_G","Defend_G","Defend_G","Defend_G","Survivor","Neutralize+1","Malaise+1","Backstab","Noxious Fumes+1","Skewer+1","Footwork+1","Endless Agony","Corpse Explosion","Calculated Gamble","Grand Finale","Backflip","Cloak And Dagger+1","Outmaneuver+1","Blur"],"relics":["Ring of the Snake","Golden Idol","Ninja Scroll","Pen Nib","Question Card","Cursed Key","Red Mask","Snake Skull"],"potions_floor_usage":[10,14,16,25,30],"damage_taken":[{"damage":1,"enemies":"Small Slimes","floor":1,"turns":5},{"damage":0,"enemies":"2 Louse","floor":4,"turns":4},{"damage":0,"enemies":"Cultist","floor":5,"turns":4},{"damage":8,"enemies":"3 Louse","floor":7,"turns":5},{"damage":13,"enemies":"Lagavulin","floor":10,"turns":6},{"damage":0,"enemies":"Blue Slaver","floor":13,"turns":1},{"damage":0,"enemies":"Lots of Slimes","floor":14,"turns":1},{"damage":0,"enemies":"The Guardian","floor":16,"turns":10},{"damage":24,"enemies":"Shell Parasite","floor":18,"turns":8},{"damage":0,"enemies":"Chosen","floor":22,"turns":1},{"damage":12,"enemies":"Masked Bandits","floor":25,"turns":3},{"damage":0,"enemies":"3 Cultists","floor":28,"turns":2},{"damage":30,"enemies":"Book of Stabbing","floor":30,"turns":5},{"damage":12,"enemies":"Snecko","floor":31,"turns":3}],"seed_played":"-6660209394925832272","potions_obtained":[{"floor":1,"key":"Fire Potion"},{"floor":10,"key":"Strength Potion"},{"floor":14,"key":"Fruit Juice"},{"floor":22,"key":"Fire Potion"},{"floor":28,"key":"Strength Potion"}],"is_trial":false,"path_per_floor":["M","?","?","M","M","R","M","R","T","E","?","R","M","M","R","B",null,"M","?","?","$","M","R","$","?","T","R","M","$","E","M"],"character_chosen":"THE_SILENT","items_purchased":[],"campfire_rested":1,"item_purchase_floors":[],"current_hp_per_floor":[43,48,48,48,48,48,40,40,40,27,27,27,27,32,32,32,60,36,36,26,26,26,26,26,14,14,34,34,34,4,0],"gold":39,"neow_bonus":"THREE_RARE_CARDS","is_prod":false,"is_daily":false,"chose_seed":false,"campfire_upgraded":5,"win_rate":0,"timestamp":1564073633,"path_taken":["M","?","?","M","M","R","M","R","T","E","?","R","?","M","R","BOSS","M","?","?","$","?","R","$","?","T","R","M","$","E","M"],"build_version":"2019-07-17","purchased_purges":3,"victory":false,"max_hp_per_floor":[66,71,64,64,64,64,64,64,64,64,64,64,64,69,69,69,69,69,69,69,69,69,69,69,69,69,69,69,69,69,69],"card_choices":[{"not_picked":["Storm of Steel","Burst"],"picked":"Malaise","floor":0},{"not_picked":["Dagger Spray","Dagger Throw"],"picked":"Backstab","floor":1},{"not_picked":["Quick Slash","Cloak And Dagger"],"picked":"Noxious Fumes","floor":4},{"not_picked":["Dagger Throw","Dagger Spray"],"picked":"Skewer","floor":5},{"not_picked":["Escape Plan","Calculated Gamble"],"picked":"Footwork","floor":7},{"not_picked":["Dodge and Roll","Underhanded Strike"],"picked":"Endless Agony","floor":10},{"not_picked":["Flechettes","Tactician","Outmaneuver"],"picked":"Corpse Explosion","floor":13},{"not_picked":["Flying Knee","Sucker Punch","Slice"],"picked":"Calculated Gamble","floor":14},{"not_picked":["A Thousand Cuts","Phantasmal Killer","Night Terror"],"picked":"Grand Finale","floor":16},{"not_picked":["Deflect","Underhanded Strike","Riddle With Holes","Catalyst+1"],"picked":"SKIP","floor":18},{"not_picked":["Outmaneuver","Blade Dance","Dagger Throw"],"picked":"Backflip","floor":22},{"not_picked":["Wraith Form v2","Deflect","Backflip"],"picked":"Cloak And Dagger+1","floor":25},{"not_picked":["Slice","Setup","Underhanded Strike"],"picked":"Outmaneuver+1","floor":28},{"not_picked":["Calculated Gamble","PiercingWail","Leg Sweep"],"picked":"Blur","floor":30}],"player_experience":5821861,"relics_obtained":[{"floor":9,"key":"Ninja Scroll"},{"floor":10,"key":"Pen Nib"},{"floor":25,"key":"Red Mask"},{"floor":30,"key":"Snake Skull"}],"event_choices":[{"damage_healed":0,"gold_gain":0,"player_choice":"Donut","damage_taken":0,"max_hp_gain":5,"max_hp_loss":0,"event_name":"Big Fish","floor":2,"gold_loss":0},{"damage_healed":0,"gold_gain":0,"player_choice":"Lose Max HP","damage_taken":0,"relics_obtained":["Golden Idol"],"max_hp_gain":0,"max_hp_loss":7,"event_name":"Golden Idol","floor":3,"gold_loss":0},{"damage_healed":0,"gold_gain":0,"player_choice":"Paid Gold","damage_taken":0,"relics_obtained":["Question Card"],"max_hp_gain":0,"max_hp_loss":0,"event_name":"WeMeetAgain","floor":11,"gold_loss":129},{"damage_healed":0,"gold_gain":0,"player_choice":"Ignored","damage_taken":0,"max_hp_gain":0,"max_hp_loss":0,"event_name":"The Mausoleum","floor":19,"gold_loss":0},{"damage_healed":0,"gold_gain":0,"player_choice":"Damaged","damage_taken":10,"max_hp_gain":0,"max_hp_loss":0,"event_name":"Wheel of Change","floor":20,"gold_loss":0},{"damage_healed":0,"gold_gain":0,"player_choice":"Fought Bandits","damage_taken":0,"max_hp_gain":0,"max_hp_loss":0,"event_name":"Masked Bandits","floor":25,"gold_loss":0}],"is_beta":false,"boss_relics":[{"not_picked":["Lizard Tail","Tiny House"],"picked":"Cursed Key"}],"items_purged_floors":[21,24,29],"is_endless":false,"potions_floor_spawned":[1,10,14,22,28],"killed_by":"Snecko","ascension_level":20}