{"gold_per_floor":[112,128,147,161,99,99,99,124,124,141,141,45,45,45,45,121,121,140,155,155],"floor_reached":20,"playtime":567,"items_purged":[],"score":548,"play_id":"8bfd2e0a-64b2-4b84-aea1-17f3abc3dc11","local_time":"20190720042347","is_ascension_mode":true,"campfire_choices":[{"floor":6.0,"key":"REST"},{"floor":13,"key":"REST"},{"floor":15,"key":"REST"}],"neow_cost":"","seed_source_timestamp":2471238862121255,"circlet_count":0,"master_deck":["AscendersBane","Strike_R","Strike_R","Strike_R","Strike_R","Strike_R","Defend_R","Defend_R","Defend_R","Defend_R","Bash","Armaments","Perfected Strike","Whirlwind","Perfected Strike","Ghostly Armor","Reaper"],"special_seed":0,"relics":["Burning Blood","Nunchaku","Red Skull","Shuriken","Letter Opener","Fusion Hammer"],"potions_floor_usage":[10,16],"damage_taken":[{"damage":0.0,"enemies":"Small Slimes","floor":1.0,"turns":6.0},{"damage":14.0,"enemies":"Jaw Worm","floor":2.0,"turns":3.0},{"damage":6.0,"enemies":"Cultist","floor":3.0,"turns":4.0},{"damage":15.0,"enemies":"Red Slaver","floor":4.0,"turns":5.0},{"damage":56,"enemies":"Gremlin Nob","floor":8,"turns":5},{"damage":8,"enemies":"Blue Slaver","floor":10,"turns":4},{"damage":45,"enemies":"Slime Boss","floor":16,"turns":8},{"damage":23,"enemies":"Shell Parasite","floor":18,"turns":4},{"damage":22,"enemies":"Spheric Guardian","floor":19,"turns":4},{"damage":39,"enemies":"Snake Plant","floor":20,"turns":3}],"seed_played":"-479230813395280095","potions_obtained":[{"floor":2.0,"key":"SkillPotion"},{"floor":3.0,"key":"SpeedPotion"},{"floor":10,"key":"Ancient Potion"}],"is_trial":false,"path_per_floor":["M","M","M","M","?","R","?","E","T","M","$","$","R","?","R","B",null,"M","M","M"],"character_chosen":"IRONCLAD","items_purchased":["Red Skull","Armaments","Ghostly Armor","Explosive Potion"],"campfire_rested":3,"item_purchase_floors":[0,0,12,12],"current_hp_per_floor":[54,46,46,37,37,59,59,9,9,7,7,7,29,29,51,12,59,54,38,0],"gold":155,"neow_bonus":"","is_prod":false,"is_daily":false,"chose_seed":false,"campfire_upgraded":0,"win_rate":0,"timestamp":1563589427,"path_taken":["M","M","M","M","?","R","?","E","T","?","?","$","R","?","R","BOSS","M","M","M"],"build_version":"2019-07-17","purchased_purges":0,"victory":false,"max_hp_per_floor":[75,75,75,75,75,75,75,75,75,75,75,75,75,75,75,75,75,75,75,75],"card_choices":[{"not_picked":["Warcry","Armaments"],"picked":"Perfected Strike","floor":1.0},{"not_picked":["Anger","Body Slam","Heavy Blade"],"picked":"SKIP","floor":2.0},{"not_picked":["Havoc","Flex","Sword Boomerang"],"picked":"SKIP","floor":3.0},{"not_picked":["Shrug It Off","Intimidate"],"picked":"Whirlwind","floor":4.0},{"not_picked":["Sever Soul","Havoc","Disarm"],"picked":"SKIP","floor":8},{"not_picked":["Pommel Strike","Heavy Blade"],"picked":"Perfected Strike","floor":10},{"not_picked":["Impervious","Double Tap"],"picked":"Reaper","floor":16},{"not_picked":["Anger","Sever Soul","True Grit"],"picked":"SKIP","floor":18},{"not_picked":["Second Wind","Rampage","Havoc"],"picked":"SKIP","floor":19}],"player_experience":514930,"relics_obtained":[{"floor":8,"key":"Shuriken"},{"floor":9,"key":"Letter Opener"}],"event_choices":[{"damage_healed":0.0,"max_hp_gain":0.0,"max_hp_loss":0.0,"gold_gain":0.0,"event_name":"World of Goop","player_choice":"Left Gold","floor":5.0,"gold_loss":62.0,"damage_taken":0.0},{"damage_healed":0,"gold_gain":0,"player_choice":"Leave","damage_taken":0,"max_hp_gain":0,"max_hp_loss":0,"event_name":"FaceTrader","floor":7,"gold_loss":0},{"damage_healed":0,"gold_gain":0,"player_choice":"Ignored","damage_taken":0,"max_hp_gain":0,"max_hp_loss":0,"event_name":"Purifier","floor":14,"gold_loss":0}],"is_beta":false,"boss_relics":[{"not_picked":["Eternal Feather","Runic Pyramid"],"picked":"Fusion Hammer"}],"items_purged_floors":[],"is_endless":false,"potions_floor_spawned":[2,3,10],"killed_by":"Snake Plant","ascension_level":20}