{"gold_per_floor":[113,125,143,163,163,198,198,224,251,251,251,281,298,314,314,314],"floor_reached":16,"playtime":315,"items_purged":[],"score":294,"play_id":"06f8f520-a205-4c01-947a-a5c5ba0720f1","local_time":"20190430021705","is_ascension_mode":true,"campfire_choices":[{"data":"Bludgeon","floor":7,"key":"SMITH"},{"data":"Hemokinesis","floor":10,"key":"SMITH"},{"data":"Feel No Pain","floor":15,"key":"SMITH"}],"neow_cost":"NONE","seed_source_timestamp":774871782643300,"circlet_count":0,"master_deck":["AscendersBane","Strike_R","Strike_R+1","Strike_R","Strike_R","Defend_R+1","Defend_R","Defend_R+1","Defend_R","Bash","Sword Boomerang","Hemokinesis+1","Shrug It Off+1","Bludgeon+1","Corruption","Rampage","Reaper","Feel No Pain+1"],"relics":["Burning Blood","War Paint","PreservedInsect","Lantern","Omamori","Strawberry"],"potions_floor_usage":[8,12,16],"damage_taken":[{"damage":4,"enemies":"Jaw Worm","floor":1,"turns":5},{"damage":7,"enemies":"2 Louse","floor":2,"turns":3},{"damage":4,"enemies":"Cultist","floor":3,"turns":3},{"damage":7,"enemies":"2 Fungi Beasts","floor":4,"turns":4},{"damage":11,"enemies":"Gremlin Nob","floor":6,"turns":3},{"damage":16,"enemies":"3 Sentries","floor":8,"turns":3},{"damage":2,"enemies":"Gremlin Nob","floor":12,"turns":2},{"damage":2,"enemies":"Blue Slaver","floor":13,"turns":2},{"damage":26,"enemies":"3 Louse","floor":14,"turns":3},{"damage":40,"enemies":"Hexaghost","floor":16,"turns":9}],"seed_played":"4485848548162750841","potions_obtained":[{"floor":2,"key":"SpeedPotion"},{"floor":4,"key":"Fire Potion"},{"floor":6,"key":"BloodPotion"},{"floor":13,"key":"Dexterity Potion"},{"floor":14,"key":"Strength Potion"}],"is_trial":false,"path_per_floor":["M","M","M","M","?","E","R","E","T","R","?","E","M","M","R","B"],"character_chosen":"IRONCLAD","items_purchased":[],"campfire_rested":0,"item_purchase_floors":[],"current_hp_per_floor":[70,69,71,70,59,54,54,44,44,44,21,39,43,33,33,0],"gold":314,"neow_bonus":"REMOVE_CARD","is_prod":false,"is_daily":false,"chose_seed":false,"campfire_upgraded":3,"win_rate":0,"timestamp":1556558225,"path_taken":["M","M","M","M","?","E","R","E","T","R","?","E","M","M","R","BOSS"],"build_version":"2019-01-23","purchased_purges":0,"victory":false,"max_hp_per_floor":[75,75,75,75,75,75,75,75,75,75,75,82,82,82,82,82],"card_choices":[{"not_picked":["Body Slam","Fire Breathing"],"picked":"Sword Boomerang","floor":1},{"not_picked":["Wild Strike","Body Slam"],"picked":"Hemokinesis","floor":2},{"not_picked":["Seeing Red","Twin Strike"],"picked":"Shrug It Off","floor":3},{"not_picked":["Clash","True Grit"],"picked":"Bludgeon","floor":4},{"not_picked":["True Grit","Rampage"],"picked":"Corruption","floor":6},{"not_picked":["Twin Strike","Fire Breathing","Rampage"],"picked":"SKIP","floor":8},{"not_picked":["Twin Strike","Fire Breathing"],"picked":"Rampage","floor":8},{"not_picked":["Twin Strike","Heavy Blade"],"picked":"Reaper","floor":12},{"not_picked":["Clash","Perfected Strike","Twin Strike"],"picked":"SKIP","floor":13},{"not_picked":["Fire Breathing","Heavy Blade"],"picked":"Feel No Pain","floor":14}],"player_experience":4875022,"relics_obtained":[{"floor":6,"key":"PreservedInsect"},{"floor":8,"key":"Lantern"},{"floor":9,"key":"Omamori"},{"floor":12,"key":"Strawberry"}],"event_choices":[{"damage_healed":0,"gold_gain":0,"player_choice":"Success","damage_taken":11,"relics_obtained":["War Paint"],"max_hp_gain":0,"max_hp_loss":0,"event_name":"Scrap Ooze","floor":5,"gold_loss":0},{"damage_healed":0,"gold_gain":0,"player_choice":"Entered Light","damage_taken":23,"max_hp_gain":0,"max_hp_loss":0,"event_name":"Shining Light","floor":11,"gold_loss":0,"cards_upgraded":["Defend_R","Strike_R"]}],"is_beta":false,"boss_relics":[],"items_purged_floors":[],"is_endless":false,"potions_floor_spawned":[2,4,6,13,14],"killed_by":"Hexaghost","ascension_level":20}