{"gold_per_floor":[119,119,131,146,158,184,184,211,266,266,284,249,281,301,301,378,378,393,366,366,366,381,381,381],"floor_reached":24,"playtime":554,"items_purged":[],"score":436,"play_id":"72c84827-d50f-4190-8cc4-5988d98f3c13","local_time":"20190331235232","is_ascension_mode":true,"campfire_choices":[{"floor":7.0,"key":"REST"},{"floor":15.0,"key":"REST"},{"data":"Envenom","floor":23.0,"key":"SMITH"}],"neow_cost":"NONE","seed_source_timestamp":1555148701286200,"circlet_count":0,"master_deck":["AscendersBane","Defend_G+1","Defend_G+1","Defend_G+1","Defend_G+1","Defend_G+1","Strike_G+1","Strike_G+1","Strike_G+1","Strike_G+1","Strike_G+1","Survivor","Neutralize","Wraith Form v2","Bane","Masterful Stab","All Out Attack","Deadly Poison","Cloak And Dagger","Terror","Adrenaline","Envenom+1","Infinite Blades","Backflip"],"special_seed":0,"relics":["Ring of the Snake","Singing Bowl","Ornamental Fan","Anchor","Snake Skull","CultistMask","Vajra","WristBlade"],"potions_floor_usage":[24],"damage_taken":[{"damage":7.0,"enemies":"Small Slimes","floor":1.0,"turns":5.0},{"damage":8.0,"enemies":"2 Louse","floor":3.0,"turns":4.0},{"damage":4.0,"enemies":"Cultist","floor":4.0,"turns":3.0},{"damage":11.0,"enemies":"Blue Slaver","floor":5.0,"turns":4.0},{"damage":4.0,"enemies":"Gremlin Nob","floor":6.0,"turns":5.0},{"damage":11.0,"enemies":"3 Sentries","floor":8.0,"turns":8.0},{"damage":1.0,"enemies":"Looter","floor":11.0,"turns":2.0},{"damage":21.0,"enemies":"Lagavulin","floor":13.0,"turns":5.0},{"damage":0.0,"enemies":"3 Louse","floor":14.0,"turns":2.0},{"damage":20.0,"enemies":"Slime Boss","floor":16.0,"turns":7.0},{"damage":19.0,"enemies":"Spheric Guardian","floor":18.0,"turns":5.0},{"damage":3.0,"enemies":"2 Thieves","floor":19.0,"turns":4.0},{"damage":6.0,"enemies":"Cultist and Chosen","floor":22.0,"turns":4.0},{"damage":35,"enemies":"Chosen and Byrds","floor":24,"turns":3}],"seed_played":"-612239448446735394","potions_obtained":[{"floor":4.0,"key":"Fire Potion"},{"floor":6.0,"key":"Fire Potion"},{"floor":8.0,"key":"Energy Potion"},{"floor":11.0,"key":"Poison Potion"},{"floor":13.0,"key":"Weak Potion"}],"is_trial":false,"path_per_floor":["M","?","M","M","M","E","R","E","T","?","M","?","E","M","R","B",null,"M","M","?","?","M","R","M"],"character_chosen":"THE_SILENT","items_purchased":[],"campfire_rested":2,"item_purchase_floors":[],"current_hp_per_floor":[52,41,33,29,18,14,33,22,22,22,23,40,19,21,42,22,58,39,36,36,36,32,32,0],"gold":381,"neow_bonus":"ONE_RANDOM_RARE_CARD","is_prod":false,"is_daily":false,"chose_seed":false,"campfire_upgraded":1,"win_rate":0,"timestamp":1554043952,"path_taken":["M","?","M","M","M","E","R","E","T","?","?","?","E","M","R","BOSS","M","M","?","?","M","R","M"],"build_version":"2019-01-23","purchased_purges":0,"victory":false,"max_hp_per_floor":[66,66,66,66,66,66,66,66,66,66,68,68,68,70,70,70,70,70,70,70,70,72,72,72],"card_choices":[{"not_picked":["Catalyst","Acrobatics"],"picked":"Bane","floor":1.0},{"not_picked":["Footwork","Choke"],"picked":"Masterful Stab","floor":3.0},{"not_picked":["Reflex","Dodge and Roll"],"picked":"All Out Attack","floor":4.0},{"not_picked":["Flying Knee","Footwork"],"picked":"Deadly Poison","floor":5.0},{"not_picked":["Poisoned Stab","Reflex"],"picked":"Cloak And Dagger","floor":6.0},{"not_picked":["Masterful Stab","Quick Slash"],"picked":"Terror","floor":8.0},{"not_picked":["Underhanded Strike","Outmaneuver","Bane"],"picked":"Singing Bowl","floor":11.0},{"not_picked":["Backflip","Deadly Poison"],"picked":"Adrenaline","floor":13.0},{"not_picked":["Outmaneuver","Bane","Flying Knee"],"picked":"Singing Bowl","floor":14.0},{"not_picked":["Phantasmal Killer","Glass Knife"],"picked":"Envenom","floor":16.0},{"not_picked":["Dagger Spray","Deflect"],"picked":"Infinite Blades","floor":18.0},{"not_picked":["Deadly Poison","Slice"],"picked":"Backflip","floor":19.0},{"not_picked":["Outmaneuver","Prepared","Dagger Throw"],"picked":"Singing Bowl","floor":22.0}],"player_experience":4669300,"relics_obtained":[{"floor":6.0,"key":"Ornamental Fan"},{"floor":8.0,"key":"Anchor"},{"floor":9.0,"key":"Snake Skull"},{"floor":13.0,"key":"Vajra"}],"event_choices":[{"damage_healed":0.0,"max_hp_gain":0.0,"max_hp_loss":0.0,"gold_gain":0.0,"event_name":"Scrap Ooze","player_choice":"Success","floor":2.0,"gold_loss":0.0,"damage_taken":11.0,"relics_obtained":["Singing Bowl"]},{"damage_healed":0.0,"max_hp_gain":0.0,"max_hp_loss":0.0,"gold_gain":0.0,"event_name":"FaceTrader","player_choice":"Trade","floor":10.0,"gold_loss":0.0,"damage_taken":0.0,"relics_obtained":["CultistMask"]},{"damage_healed":17.0,"max_hp_gain":0.0,"max_hp_loss":0.0,"gold_gain":0.0,"event_name":"The Cleric","player_choice":"Healed","floor":12.0,"gold_loss":35.0,"damage_taken":0.0},{"damage_healed":0.0,"max_hp_gain":0.0,"max_hp_loss":0.0,"gold_gain":0.0,"event_name":"Back to Basics","player_choice":"Simplicity","floor":20.0,"gold_loss":0.0,"damage_taken":0.0,"cards_upgraded":["Defend_G","Defend_G","Defend_G","Defend_G","Defend_G","Strike_G","Strike_G","Strike_G","Strike_G","Strike_G"]},{"damage_healed":0.0,"max_hp_gain":0.0,"max_hp_loss":0.0,"gold_gain":0.0,"event_name":"Ghosts","player_choice":"Ignored","floor":21.0,"gold_loss":0.0,"damage_taken":0.0}],"is_beta":false,"boss_relics":[{"not_picked":["Black Star","Tiny House"],"picked":"WristBlade"}],"items_purged_floors":[],"is_endless":false,"potions_floor_spawned":[4,6,8,11,13,22],"killed_by":"Chosen and Byrds","ascension_level":20}