{"gold_per_floor":[115,130,150,167,182,182,182,182,261,261,272,1,1],"floor_reached":13,"playtime":429,"items_purged":[],"score":154,"play_id":"0f9eca49-3e5d-4e94-8fe9-73c0fedabcec","local_time":"20190527013133","is_ascension_mode":true,"campfire_choices":[{"data":"Panacea","floor":6,"key":"SMITH"},{"data":"Entrench","floor":8,"key":"SMITH"},{"data":"Bash","floor":10,"key":"SMITH"}],"neow_cost":"","seed_source_timestamp":13163834806300,"circlet_count":0,"master_deck":["Panacea+1","Berserk","Berserk","Defend_R","Defend_R","Defend_R","Bash+1","Strike_R","Strike_R","Strike_R","Strike_R","Strike_R","Ghostly Armor","Power Through","Warcry","Ghostly Armor","Entrench+1","Warcry","Burning Pact"],"relics":["Burning Blood","Tiny Chest","Sundial"],"potions_floor_usage":[5,13],"damage_taken":[{"damage":19,"enemies":"Jaw Worm","floor":1,"turns":4},{"damage":0,"enemies":"Cultist","floor":2,"turns":3},{"damage":0,"enemies":"Small Slimes","floor":3,"turns":4},{"damage":7,"enemies":"Exordium Wildlife","floor":4,"turns":6},{"damage":14,"enemies":"Lots of Slimes","floor":5,"turns":8},{"damage":1,"enemies":"2 Fungi Beasts","floor":11,"turns":5},{"damage":65,"enemies":"3 Sentries","floor":13,"turns":13}],"seed_played":"3771978377035955915","potions_obtained":[{"floor":2,"key":"Strength Potion"},{"floor":3,"key":"BloodPotion"},{"floor":5,"key":"LiquidBronze"},{"floor":11,"key":"Swift Potion"}],"is_trial":true,"path_per_floor":["M","M","M","M","M","R","?","R","T","R","M","$","E"],"character_chosen":"IRONCLAD","items_purchased":["Sundial"],"campfire_rested":0,"item_purchase_floors":[12],"current_hp_per_floor":[55,61,67,66,65,65,65,65,65,65,70,70,5],"gold":1,"neow_bonus":"","is_prod":false,"is_daily":false,"chose_seed":false,"campfire_upgraded":3,"win_rate":0,"timestamp":1558888293,"path_taken":["M","M","M","M","M","R","?","R","T","R","M","$","E"],"build_version":"2019-01-23","purchased_purges":0,"victory":false,"max_hp_per_floor":[75,75,75,75,75,75,75,75,75,75,75,75,75],"card_choices":[{"not_picked":["Clothesline","True Grit"],"picked":"Ghostly Armor","floor":1},{"not_picked":["Fire Breathing","Clothesline"],"picked":"Power Through","floor":2},{"not_picked":["Dual Wield","Havoc"],"picked":"Warcry","floor":3},{"not_picked":["Armaments","Cleave"],"picked":"Ghostly Armor","floor":4},{"not_picked":["Heavy Blade","Metallicize"],"picked":"Entrench","floor":5},{"not_picked":["Warcry","Clothesline"],"picked":"Burning Pact","floor":11}],"player_experience":5166840,"relics_obtained":[{"floor":9,"key":"Tiny Chest"}],"event_choices":[{"damage_healed":0,"gold_gain":0,"cards_transformed":["Defend_R"],"player_choice":"Transformed","damage_taken":0,"max_hp_gain":0,"max_hp_loss":0,"event_name":"Transmorgrifier","floor":7,"gold_loss":0,"cards_obtained":["Warcry"]}],"is_beta":false,"boss_relics":[],"items_purged_floors":[],"is_endless":false,"potions_floor_spawned":[2,3,5,11],"killed_by":"3 Sentries","ascension_level":20}