{"gold_per_floor":[115,115,3,3,20,20,46,46,46,59,59,94,31,41,41,119,119,137,137,137,152,162,162,54,54,103,103,115,65,79,93,93,93],"floor_reached":33,"playtime":990,"items_purged":["Defend_R"],"score":510,"play_id":"1c138ec0-6b14-4088-9ad4-1524e6654d8e","local_time":"20190325001158","is_ascension_mode":true,"campfire_choices":[{"data":"Carnage","floor":6.0,"key":"SMITH"},{"floor":8,"key":"REST"},{"data":"Bloodletting","floor":11,"key":"SMITH"},{"floor":15,"key":"REST"},{"data":"Rupture","floor":23,"key":"SMITH"},{"data":"Bandage Up","floor":25,"key":"SMITH"},{"data":"Metallicize","floor":27,"key":"SMITH"},{"floor":32,"key":"REST"}],"neow_cost":"CURSE","seed_source_timestamp":951046355871700,"circlet_count":0,"master_deck":["AscendersBane","Defend_R","Defend_R+1","Defend_R+1","Bash","Pain","Rupture+1","Burning Pact","Metallicize+1","Carnage+1","Bloodletting+1","Twin Strike","Immolate","Sword Boomerang+1","Uppercut+1","Double Tap+1","Rupture+1","Warcry+1","Flame Barrier","Bandage Up+1","Rage"],"special_seed":0,"relics":["Burning Blood","Ancient Tea Set","Self Forming Clay","Dream Catcher","Letter Opener","Astrolabe","NlothsMask"],"potions_floor_usage":[12,28,31,33],"damage_taken":[{"damage":14.0,"enemies":"2 Louse","floor":1.0,"turns":4.0},{"damage":18.0,"enemies":"Cultist","floor":5.0,"turns":5.0},{"damage":34,"enemies":"Lagavulin","floor":7,"turns":6},{"damage":2,"enemies":"Jaw Worm","floor":10,"turns":1},{"damage":14,"enemies":"3 Sentries","floor":12,"turns":6},{"damage":8,"enemies":"Large Slime","floor":14,"turns":5},{"damage":32,"enemies":"The Guardian","floor":16,"turns":8},{"damage":10,"enemies":"Chosen","floor":18,"turns":4},{"damage":16,"enemies":"Spheric Guardian","floor":21,"turns":4},{"damage":23,"enemies":"Centurion and Healer","floor":22,"turns":5},{"damage":9,"enemies":"3 Cultists","floor":28,"turns":3},{"damage":26,"enemies":"Sentry and Sphere","floor":30,"turns":6},{"damage":19,"enemies":"Snake Plant","floor":31,"turns":4},{"damage":43,"enemies":"Collector","floor":33,"turns":3}],"seed_played":"1784256972576198173","potions_obtained":[{"floor":10,"key":"AttackPotion"},{"floor":16,"key":"Explosive Potion"},{"floor":18,"key":"Weak Potion"},{"floor":28,"key":"Dexterity Potion"}],"is_trial":false,"path_per_floor":["M","?","$","?","M","R","E","R","T","M","R","E","?","M","R","B",null,"M","?","?","M","M","R","$","R","T","R","M","?","M","M","R","B"],"character_chosen":"IRONCLAD","items_purchased":["Metallicize","Bandage Up"],"campfire_rested":3,"item_purchase_floors":[3,24],"current_hp_per_floor":[60,60,60,60,48,48,20,42,42,46,46,38,38,36,58,32,64,60,60,60,50,33,33,33,33,33,33,36,36,22,15,37,0],"gold":93,"neow_bonus":"TRANSFORM_TWO_CARDS","is_prod":false,"is_daily":false,"chose_seed":false,"campfire_upgraded":5,"win_rate":0,"timestamp":1553440318,"path_taken":["M","?","?","?","M","R","E","R","T","M","R","E","?","?","R","BOSS","M","?","?","?","M","R","?","R","T","R","M","?","M","M","R","BOSS"],"build_version":"2019-01-23","purchased_purges":1,"victory":false,"max_hp_per_floor":[75,75,75,75,75,75,75,75,75,75,75,75,75,75,75,75,75,75,75,75,75,75,75,75,75,75,75,75,75,75,75,75,75],"card_choices":[{"not_picked":["Perfected Strike","Headbutt","Carnage"],"picked":"SKIP","floor":1.0},{"not_picked":["Body Slam","Iron Wave"],"picked":"Carnage","floor":5.0},{"not_picked":["Impervious","Twin Strike"],"picked":"Bloodletting","floor":7},{"not_picked":["Cleave","Thunderclap","Pommel Strike"],"picked":"SKIP","floor":10},{"not_picked":["Flex","Pommel Strike"],"picked":"Twin Strike","floor":12},{"not_picked":["Perfected Strike","Warcry","Reckless Charge"],"picked":"SKIP","floor":14},{"not_picked":["Demon Form","Barricade"],"picked":"Immolate","floor":16},{"not_picked":["Havoc+1","True Grit","Heavy Blade"],"picked":"SKIP","floor":18},{"not_picked":["Headbutt","True Grit"],"picked":"Warcry+1","floor":21},{"not_picked":["Heavy Blade","Sword Boomerang"],"picked":"Flame Barrier","floor":22},{"not_picked":["Perfected Strike","Headbutt","Demon Form"],"picked":"SKIP","floor":28},{"not_picked":["Cleave","Inflame"],"picked":"Rage","floor":30},{"not_picked":["Thunderclap","Warcry","Rampage"],"picked":"SKIP","floor":31}],"player_experience":4615545,"relics_obtained":[{"floor":7,"key":"Ancient Tea Set"},{"floor":9,"key":"Self Forming Clay"},{"floor":12,"key":"Dream Catcher"}],"event_choices":[{"damage_healed":0.0,"max_hp_gain":0.0,"max_hp_loss":0.0,"gold_gain":0.0,"event_name":"Upgrade Shrine","player_choice":"Upgraded","floor":2.0,"gold_loss":0.0,"damage_taken":0.0,"cards_upgraded":["Rupture"]},{"damage_healed":0.0,"max_hp_gain":0.0,"max_hp_loss":0.0,"gold_gain":0.0,"event_name":"Golden Idol","player_choice":"Ignored","floor":4.0,"gold_loss":0.0,"damage_taken":0.0},{"damage_healed":0,"gold_gain":0,"player_choice":"Paid Gold","damage_taken":0,"relics_obtained":["Letter Opener"],"max_hp_gain":0,"max_hp_loss":0,"event_name":"WeMeetAgain","floor":13,"gold_loss":63},{"damage_healed":0,"gold_gain":0,"player_choice":"Read","damage_taken":0,"max_hp_gain":0,"max_hp_loss":0,"event_name":"The Library","floor":19,"gold_loss":0,"cards_obtained":["Rupture"]},{"damage_healed":0,"gold_gain":0,"player_choice":"Trade","damage_taken":0,"relics_obtained":["NlothsMask"],"max_hp_gain":0,"max_hp_loss":0,"event_name":"FaceTrader","floor":20,"gold_loss":0},{"damage_healed":0,"gold_gain":0,"player_choice":"Upgraded Two","damage_taken":0,"max_hp_gain":0,"max_hp_loss":0,"event_name":"Designer","floor":29,"gold_loss":50,"cards_upgraded":["Defend_R","Defend_R"]}],"is_beta":false,"boss_relics":[{"not_picked":["Black Blood","Black Star"],"picked":"Astrolabe"}],"items_purged_floors":[3],"is_endless":false,"potions_floor_spawned":[10,16,18,21,28],"killed_by":"Collector","ascension_level":20}