{"gold_per_floor":[117,128,128,128,53,53,74,99,145,145,163,177,177,177,177,270,270,284,300,110,129,150,150,150],"floor_reached":24,"playtime":780,"items_purged":["Defend_G","Strike_G"],"score":380,"play_id":"7f88f373-8632-43d8-a719-6baab3f7a664","local_time":"20190420024821","is_ascension_mode":true,"campfire_choices":[{"data":"Calculated Gamble","floor":6.0,"key":"SMITH"},{"data":"Deadly Poison","floor":10.0,"key":"SMITH"},{"data":"Concentrate","floor":13.0,"key":"SMITH"},{"data":"Bane","floor":15.0,"key":"SMITH"},{"data":"Prepared","floor":23,"key":"SMITH"}],"neow_cost":"PERCENT_DAMAGE","seed_source_timestamp":268296090286500,"circlet_count":0,"master_deck":["AscendersBane","Defend_G","Defend_G","Strike_G+1","Strike_G+1","Survivor","Neutralize","Concentrate+1","After Image","Calculated Gamble+1","Deadly Poison+1","Bane+1","Escape Plan","Adrenaline","Reflex+1","Die Die Die","Tactician","Well Laid Plans","Prepared+1"],"special_seed":0,"relics":["Ring of the Snake","Golden Idol","CultistMask","Whetstone","Empty Cage"],"potions_floor_usage":[19,21,22],"damage_taken":[{"damage":4.0,"enemies":"Cultist","floor":1.0,"turns":5.0},{"damage":0.0,"enemies":"Small Slimes","floor":2.0,"turns":4.0},{"damage":0.0,"enemies":"2 Louse","floor":7.0,"turns":4.0},{"damage":4.0,"enemies":"Lots of Slimes","floor":8.0,"turns":4.0},{"damage":3.0,"enemies":"Gremlin Gang","floor":11.0,"turns":5.0},{"damage":0.0,"enemies":"Blue Slaver","floor":12.0,"turns":3.0},{"damage":23,"enemies":"The Guardian","floor":16,"turns":10},{"damage":6,"enemies":"Shell Parasite","floor":18,"turns":5},{"damage":2,"enemies":"Chosen","floor":19,"turns":4},{"damage":6,"enemies":"Snake Plant","floor":21,"turns":4},{"damage":14,"enemies":"Cultist and Chosen","floor":22,"turns":7},{"damage":26,"enemies":"Chosen and Byrds","floor":24,"turns":3}],"seed_played":"5996340022783863414","potions_obtained":[{"floor":1.0,"key":"Fire Potion"},{"floor":12.0,"key":"AttackPotion"},{"floor":16,"key":"SteroidPotion"}],"is_trial":false,"path_per_floor":["M","M","?","?","$","R","M","M","T","R","M","M","R","?","R","B",null,"M","M","$","M","M","R","M"],"character_chosen":"THE_SILENT","items_purchased":["Well Laid Plans","Swift Potion"],"campfire_rested":0,"item_purchase_floors":[20,20],"current_hp_per_floor":[40,40,40,40,40,40,40,36,36,36,33,33,33,33,33,10,48,42,40,40,34,20,20,0],"gold":150,"neow_bonus":"TRANSFORM_TWO_CARDS","is_prod":false,"is_daily":false,"chose_seed":false,"campfire_upgraded":5,"win_rate":0,"timestamp":1555696101,"path_taken":["M","?","?","?","$","R","?","M","T","R","?","M","R","?","R","BOSS","M","M","$","M","M","R","M"],"build_version":"2019-01-23","purchased_purges":2,"victory":false,"max_hp_per_floor":[66,66,60,60,60,60,60,60,60,60,60,60,60,60,60,60,60,60,60,60,60,60,60,60],"card_choices":[{"not_picked":["Dagger Throw","Deadly Poison"],"picked":"Calculated Gamble","floor":1.0},{"not_picked":["Sucker Punch","Bane"],"picked":"Deadly Poison","floor":2.0},{"not_picked":["Cloak And Dagger","Quick Slash"],"picked":"Bane","floor":7.0},{"not_picked":["Sucker Punch","Prepared"],"picked":"Escape Plan","floor":8.0},{"not_picked":["Backstab","Concentrate"],"picked":"Adrenaline","floor":11.0},{"not_picked":["Dagger Spray","Bane"],"picked":"Reflex","floor":12.0},{"not_picked":["Bullet Time","Phantasmal Killer"],"picked":"Die Die Die","floor":16},{"not_picked":["Setup","Footwork"],"picked":"Tactician","floor":18},{"not_picked":["Blade Dance","Flechettes","Sucker Punch+1"],"picked":"SKIP","floor":19},{"not_picked":["Deadly Poison","Caltrops","Reflex"],"picked":"SKIP","floor":21},{"not_picked":["Deadly Poison","Caltrops","Reflex"],"picked":"SKIP","floor":21},{"not_picked":["Infinite Blades","Bouncing Flask"],"picked":"Prepared","floor":22}],"player_experience":4848018,"relics_obtained":[{"floor":9.0,"key":"Whetstone"}],"event_choices":[{"damage_healed":0.0,"max_hp_gain":0.0,"max_hp_loss":6.0,"gold_gain":0.0,"event_name":"Golden Idol","player_choice":"Lose Max HP","floor":3.0,"gold_loss":0.0,"damage_taken":0.0,"relics_obtained":["Golden Idol"]},{"damage_healed":0.0,"max_hp_gain":0.0,"max_hp_loss":0.0,"gold_gain":0.0,"event_name":"FaceTrader","player_choice":"Trade","floor":4.0,"gold_loss":0.0,"damage_taken":0.0,"relics_obtained":["CultistMask"]},{"damage_healed":0.0,"max_hp_gain":0.0,"max_hp_loss":0.0,"gold_gain":0.0,"event_name":"Upgrade Shrine","player_choice":"Upgraded","floor":14.0,"gold_loss":0.0,"damage_taken":0.0,"cards_upgraded":["Reflex"]}],"is_beta":false,"boss_relics":[{"not_picked":["Orrery","Busted Crown"],"picked":"Empty Cage"}],"items_purged_floors":[5,20],"is_endless":false,"potions_floor_spawned":[1,12,16,18],"killed_by":"Chosen and Byrds","ascension_level":20}