{"gold_per_floor":[116,116,129,129,54,83,83,103,103,113,126,126,156,191,191,263,263,278,297,35,49,49,77,177,177,177,201,245,274,319,347,359,442,454,480,95,0,50,70,70,101,136,136,171,190,205,220,68,68,68,68,68,68,22,49,49],"floor_reached":57,"playtime":3779,"items_purged":["Sword Boomerang"],"score":3219,"play_id":"4cc10a89-2e5c-44d5-a4c6-99f9032fbd1d","local_time":"20190517015045","daily_mods":["Diverse"],"is_ascension_mode":true,"campfire_choices":[{"data":"Hyperbeam","floor":7,"key":"SMITH"},{"data":"Burning Pact","floor":15,"key":"SMITH"},{"floor":25,"key":"RECALL"},{"data":"Armaments","floor":32,"key":"SMITH"},{"data":"Dual Wield","floor":40,"key":"SMITH"},{"data":"Heatsinks","floor":49,"key":"SMITH"},{"data":"Evolve","floor":53,"key":"SMITH"}],"neow_cost":"","seed_source_timestamp":19149157603900,"circlet_count":0,"master_deck":["Sweeping Beam","Sword Boomerang","Clothesline","Recycle","Reinforced Body","Malaise","Distraction","Deflect","Choke","Turbo","Creative AI","Undo","Redo","Darkness","Acrobatics","Hyperbeam+1","Recycle","Streamline","Burning Pact+1","Corpse Explosion","Dual Wield+1","Night Terror","Self Repair","Phantasmal Killer","Heatsinks+1","Metallicize","Armaments+1","Armaments+1","Skim","Corruption","Backflip","Sentinel+1","Metallicize+1","Evolve+1","Discovery"],"relics":["Burning Blood","Snecko Eye","Pandora\u0027s Box","Self Forming Clay","Bottled Tornado","WingedGreaves","Bag of Marbles","Sozu","Membership Card","Dodecahedron","Prayer Wheel","Matryoshka","MawBank","Regal Pillow","Kunai","Red Skull","Coffee Dripper","Art of War","Blood Vial","TheAbacus","Red Mask","Sundial","Happy Flower","Strawberry","Bottled Lightning","Strange Spoon","Shuriken"],"potions_floor_usage":[14,18],"damage_taken":[{"damage":0,"enemies":"Small Slimes","floor":1,"turns":2},{"damage":0,"enemies":"2 Louse","floor":3,"turns":3},{"damage":0,"enemies":"3 Sentries","floor":6,"turns":3},{"damage":3,"enemies":"Jaw Worm","floor":8,"turns":3},{"damage":9,"enemies":"Blue Slaver","floor":10,"turns":3},{"damage":12,"enemies":"Lots of Slimes","floor":11,"turns":2},{"damage":12,"enemies":"Lagavulin","floor":13,"turns":5},{"damage":17,"enemies":"3 Sentries","floor":14,"turns":6},{"damage":0,"enemies":"Slime Boss","floor":16,"turns":6},{"damage":6,"enemies":"3 Byrds","floor":18,"turns":2},{"damage":0,"enemies":"Chosen","floor":19,"turns":5},{"damage":0,"enemies":"Centurion and Healer","floor":21,"turns":4},{"damage":8,"enemies":"Book of Stabbing","floor":23,"turns":13},{"damage":18,"enemies":"Colosseum Slavers","floor":24,"turns":7},{"damage":0,"enemies":"Colosseum Nobs","floor":24,"turns":1},{"damage":7,"enemies":"Snecko","floor":27,"turns":4},{"damage":26,"enemies":"Slavers","floor":28,"turns":2},{"damage":0,"enemies":"Snake Plant","floor":29,"turns":1},{"damage":18,"enemies":"Gremlin Leader","floor":30,"turns":6},{"damage":0,"enemies":"3 Cultists","floor":31,"turns":3},{"damage":36,"enemies":"Automaton","floor":33,"turns":13},{"damage":19,"enemies":"3 Darklings","floor":35,"turns":3},{"damage":0,"enemies":"Orb Walker","floor":39,"turns":2},{"damage":7,"enemies":"Nemesis","floor":41,"turns":5},{"damage":11,"enemies":"Reptomancer","floor":42,"turns":5},{"damage":0,"enemies":"Giant Head","floor":44,"turns":4},{"damage":0,"enemies":"Maw","floor":45,"turns":8},{"damage":0,"enemies":"Writhing Mass","floor":46,"turns":4},{"damage":0,"enemies":"Sphere and 2 Shapes","floor":47,"turns":4},{"damage":0,"enemies":"Donu and Deca","floor":50,"turns":6},{"damage":16,"enemies":"Time Eater","floor":51,"turns":13},{"damage":32,"enemies":"Shield and Spear","floor":55,"turns":5},{"damage":70,"enemies":"The Heart","floor":56,"turns":15}],"seed_played":"5301468135703399232","potions_obtained":[{"floor":1,"key":"LiquidBronze"},{"floor":8,"key":"Regen Potion"}],"is_trial":true,"path_per_floor":["M","?","M","?","?","E","R","M","T","M","M","?","E","E","R","B",null,"M","M","$","M","?","E","?","R","T","M","E","M","E","M","R","B",null,"M","$","?","?","M","R","E","E","T","E","M","M","M","$","R","B","B",null,"R","$","E","B",null],"character_chosen":"IRONCLAD","items_purchased":["Membership Card","Night Terror","Skim","Art of War","Blood Vial","TheAbacus","Corruption","Strange Spoon","Evolve","Discovery"],"campfire_rested":0,"item_purchase_floors":[20,20,36,36,36,36,36,48,48,54],"current_hp_per_floor":[74,74,75,68,68,74,74,75,75,72,66,66,60,64,64,70,74,74,75,75,75,54,66,80,80,80,79,59,65,74,80,80,57,74,71,71,71,71,79,79,80,80,87,87,87,87,87,87,87,87,84,86,86,86,87,23],"gold":49,"neow_bonus":"","is_prod":false,"is_daily":false,"chose_seed":false,"campfire_upgraded":6,"win_rate":0,"timestamp":1558025445,"path_taken":["M","?","M","?","?","E","R","M","T","M","?","?","E","E","R","BOSS","M","M","$","?","?","E","?","R","T","M","E","M","E","M","R","BOSS","M","$","?","?","?","R","E","E","T","E","M","M","M","$","R","BOSS","BOSS","R","$","E","BOSS"],"build_version":"2019-01-23","purchased_purges":1,"victory":true,"max_hp_per_floor":[75,75,75,75,75,75,75,75,75,75,75,75,75,75,75,75,75,75,75,75,75,80,80,80,80,80,80,80,80,80,80,80,80,80,80,80,80,80,80,80,80,80,87,87,87,87,87,87,87,87,87,87,87,87,87,87],"card_choices":[{"not_picked":["Infinite Blades","Dagger Spray"],"picked":"Recycle","floor":1},{"not_picked":["Cold Snap","Rupture"],"picked":"Streamline","floor":3},{"not_picked":["Twin Strike","Steam","Endless Agony"],"picked":"SKIP","floor":6},{"not_picked":["Metallicize","Perfected Strike","Coolheaded"],"picked":"SKIP","floor":8},{"not_picked":["Unload","Prepared"],"picked":"Burning Pact","floor":10},{"not_picked":["Leap","Blade Dance","Havoc"],"picked":"SKIP","floor":11},{"not_picked":["Steam Power","True Grit","Beam Cell"],"picked":"SKIP","floor":13},{"not_picked":["Perfected Strike","Infernal Blade","Clash"],"picked":"SKIP","floor":14},{"not_picked":["Machine Learning","After Image"],"picked":"Corpse Explosion","floor":16},{"not_picked":["Dodge and Roll","Havoc"],"picked":"Dual Wield","floor":18},{"not_picked":["Storm","Body Slam"],"picked":"Self Repair","floor":21},{"not_picked":["BootSequence","Dodge and Roll"],"picked":"Phantasmal Killer","floor":23},{"not_picked":["Shrug It Off","Pummel","Sword Boomerang+1"],"picked":"SKIP","floor":27},{"not_picked":["Heel Hook","Clothesline+1","Flechettes"],"picked":"SKIP","floor":27},{"not_picked":["Glass Knife","Fission","Streamline"],"picked":"SKIP","floor":28},{"not_picked":["Outmaneuver","Beam Cell"],"picked":"Heatsinks","floor":29},{"not_picked":["Inflame","Outmaneuver"],"picked":"Metallicize","floor":29},{"not_picked":["Hemokinesis","Accuracy","Recycle"],"picked":"SKIP","floor":30},{"not_picked":["Thunderclap","Melter"],"picked":"Armaments","floor":31},{"not_picked":["Heatsinks","Rip and Tear","Combust"],"picked":"SKIP","floor":31},{"not_picked":["Beam Cell+1","Acrobatics"],"picked":"Armaments+1","floor":35},{"not_picked":["Sucker Punch","Melter+1","Steam"],"picked":"SKIP","floor":35},{"not_picked":["Rebound","Whirlwind+1"],"picked":"Backflip","floor":39},{"not_picked":["Redo","Loop","Barrage"],"picked":"SKIP","floor":39},{"not_picked":["Corruption+1","Havoc+1","PiercingWail"],"picked":"SKIP","floor":41},{"not_picked":["Bouncing Flask","Rip and Tear+1"],"picked":"Sentinel+1","floor":42},{"not_picked":["Compile Driver+1","Fission"],"picked":"Metallicize+1","floor":44},{"not_picked":["Go for the Eyes","Flex","Leap"],"picked":"SKIP","floor":45},{"not_picked":["Tactician","Defragment+1","Searing Blow"],"picked":"SKIP","floor":45},{"not_picked":["Heavy Blade","Ball Lightning+1","Aggregate"],"picked":"SKIP","floor":46},{"not_picked":["Uppercut","PiercingWail","Warcry"],"picked":"SKIP","floor":46},{"not_picked":["Headbutt","Flex+1","Clothesline"],"picked":"SKIP","floor":47},{"not_picked":["Tactician","Seek","Shrug It Off"],"picked":"SKIP","floor":47},{"not_picked":["Clothesline+1","Cleave+1","Spot Weakness"],"picked":"SKIP","floor":55}],"player_experience":5052753,"relics_obtained":[{"floor":6,"key":"Self Forming Clay"},{"floor":9,"key":"Bottled Tornado"},{"floor":13,"key":"WingedGreaves"},{"floor":14,"key":"Bag of Marbles"},{"floor":23,"key":"Dodecahedron"},{"floor":24,"key":"Prayer Wheel"},{"floor":24,"key":"Matryoshka"},{"floor":26,"key":"MawBank"},{"floor":26,"key":"Regal Pillow"},{"floor":28,"key":"Kunai"},{"floor":30,"key":"Red Skull"},{"floor":41,"key":"Sundial"},{"floor":42,"key":"Happy Flower"},{"floor":43,"key":"Strawberry"},{"floor":44,"key":"Bottled Lightning"},{"floor":55,"key":"Shuriken"}],"event_choices":[{"cards_removed":["Warcry"],"damage_healed":0,"gold_gain":0,"player_choice":"Forget","damage_taken":0,"max_hp_gain":0,"max_hp_loss":0,"event_name":"Living Wall","floor":2,"gold_loss":0},{"cards_removed":["Aggregate"],"damage_healed":0,"gold_gain":0,"player_choice":"Card Removal","damage_taken":7,"max_hp_gain":0,"max_hp_loss":0,"event_name":"Golden Wing","floor":4,"gold_loss":0},{"cards_removed":["Turbo"],"damage_healed":0,"gold_gain":0,"player_choice":"Card Removal","damage_taken":0,"max_hp_gain":0,"max_hp_loss":0,"event_name":"The Cleric","floor":5,"gold_loss":75},{"damage_healed":0,"gold_gain":0,"player_choice":"Got Potions","damage_taken":0,"max_hp_gain":0,"max_hp_loss":0,"event_name":"Lab","floor":12,"gold_loss":0},{"damage_healed":0,"gold_gain":0,"player_choice":"Shed Blood","damage_taken":26,"max_hp_gain":5,"max_hp_loss":0,"event_name":"Forgotten Altar","floor":22,"gold_loss":0},{"damage_healed":0,"gold_gain":0,"player_choice":"Fight","damage_taken":0,"max_hp_gain":0,"max_hp_loss":0,"event_name":"Colosseum","floor":24,"gold_loss":0},{"damage_healed":0,"gold_gain":0,"player_choice":"Fought Nobs","damage_taken":0,"max_hp_gain":0,"max_hp_loss":0,"event_name":"Colosseum","floor":24,"gold_loss":0},{"damage_healed":0,"gold_gain":0,"player_choice":"Paid","damage_taken":0,"relics_obtained":["Red Mask"],"max_hp_gain":0,"max_hp_loss":0,"event_name":"Tomb of Lord Red Mask","floor":37,"gold_loss":95},{"damage_healed":0,"gold_gain":50,"player_choice":"Pray","damage_taken":0,"max_hp_gain":0,"max_hp_loss":0,"event_name":"Golden Shrine","floor":38,"gold_loss":0}],"is_beta":false,"boss_relics":[{"not_picked":["Cursed Key","Pandora\u0027s Box"],"picked":"Sozu"},{"not_picked":["White Beast Statue","Philosopher\u0027s Stone"],"picked":"Coffee Dripper"}],"items_purged_floors":[36],"is_endless":false,"potions_floor_spawned":[1,8,11,13,18,27,28,30,31,33,41,42,44,46,55],"ascension_level":20}