{"gold_per_floor":[110,122,72,72,72,98,98,110,110,110],"floor_reached":10,"playtime":590,"items_purged":[],"score":69,"play_id":"2a737bbb-b365-43e2-9c21-30d3b15f1552","local_time":"20190719200458","is_ascension_mode":true,"campfire_choices":[{"floor":7,"key":"RECALL"}],"neow_cost":"TEN_PERCENT_HP_LOSS","seed_source_timestamp":785012527884000,"circlet_count":0,"master_deck":["Strike_B","Strike_B","Strike_B","Strike_B","Defend_B","Defend_B","Defend_B","Zap","Dualcast","All For One","Gash","White Noise","Self Repair"],"relics":["Cracked Core","Meat on the Bone","Potion Belt","Dodecahedron"],"potions_floor_usage":[6,10,10],"damage_taken":[{"damage":0,"enemies":"Small Slimes","floor":1,"turns":2},{"damage":0,"enemies":"Cultist","floor":2,"turns":3},{"damage":53,"enemies":"3 Sentries","floor":6,"turns":7},{"damage":3,"enemies":"Jaw Worm","floor":8,"turns":4},{"damage":31,"enemies":"Gremlin Nob","floor":10,"turns":4}],"seed_played":"8359392405277126600","potions_obtained":[{"floor":2,"key":"Poison Potion"},{"floor":6,"key":"EssenceOfSteel"},{"floor":8,"key":"LiquidBronze"}],"is_trial":false,"path_per_floor":["M","M","?","$","?","E","R","M","T","E"],"character_chosen":"DEFECT","items_purchased":[],"campfire_rested":0,"item_purchase_floors":[],"current_hp_per_floor":[68,68,68,68,56,15,15,31,31,0],"gold":110,"neow_bonus":"THREE_RARE_CARDS","is_prod":false,"is_daily":false,"chose_seed":false,"campfire_upgraded":0,"win_rate":0,"timestamp":1563584698,"path_taken":["M","M","?","$","?","E","R","M","T","E"],"build_version":"2019-07-17","purchased_purges":0,"victory":false,"max_hp_per_floor":[68,68,68,68,68,68,68,68,68,68],"card_choices":[{"not_picked":["Core Surge","Amplify"],"picked":"All For One","floor":0},{"not_picked":["Sweeping Beam","Coolheaded"],"picked":"Gash","floor":1},{"not_picked":["Compile Driver","Steam Power"],"picked":"White Noise","floor":2},{"not_picked":["Beam Cell","Steam Power"],"picked":"Self Repair","floor":6},{"not_picked":["Rebound","Turbo","Sweeping Beam"],"picked":"SKIP","floor":8}],"player_experience":100643,"relics_obtained":[{"floor":6,"key":"Potion Belt"},{"floor":9,"key":"Dodecahedron"}],"event_choices":[{"cards_removed":["Defend_B"],"damage_healed":0,"gold_gain":0,"player_choice":"Card Removal","damage_taken":0,"max_hp_gain":0,"max_hp_loss":0,"event_name":"The Cleric","floor":3,"gold_loss":50},{"damage_healed":0,"gold_gain":0,"player_choice":"Success","damage_taken":12,"relics_obtained":["Meat on the Bone"],"max_hp_gain":0,"max_hp_loss":0,"event_name":"Scrap Ooze","floor":5,"gold_loss":0}],"is_beta":false,"boss_relics":[],"items_purged_floors":[],"is_endless":false,"potions_floor_spawned":[2,6,8],"killed_by":"Gremlin Nob","ascension_level":1}