{"gold_per_floor":[111,36,54,54,64,89,89,108,108,139,157,173,173,7,7,81,81,91,91,191,91,66,66,95,95,95,95,114,114,149,165,165,238,238,249,266,266,281,296,323,323,339,339,350,360,360,392,403,403,403,403,403,403,10,44,44],"floor_reached":57,"playtime":2620,"items_purged":["Strike_G","Defend_G"],"score":3082,"play_id":"b7a7f31b-cb2b-41e2-8491-9706a7b4cadc","local_time":"20190616022353","is_ascension_mode":true,"campfire_choices":[{"data":"Noxious Fumes","floor":7.0,"key":"SMITH"},{"floor":13.0,"key":"REST"},{"data":"Neutralize","floor":15.0,"key":"SMITH"},{"data":"Well Laid Plans","floor":23.0,"key":"SMITH"},{"floor":29.0,"key":"REST"},{"data":"Blur","floor":32.0,"key":"SMITH"},{"floor":41.0,"key":"RECALL"},{"data":"Tools of the Trade","floor":46.0,"key":"SMITH"},{"floor":49.0,"key":"REST"},{"floor":53,"key":"REST"}],"neow_cost":"NONE","seed_source_timestamp":115367481246800,"circlet_count":0,"master_deck":["AscendersBane","Defend_G","Defend_G","Defend_G","Defend_G","Survivor","Neutralize+1","Dagger Spray+1","Noxious Fumes+1","Blur+1","Dash","Prepared+1","Venomology+1","Backflip+1","Prepared+1","Dash","Night Terror+1","Blur+1","Ghostly+1","Ghostly+1","Ghostly+1","Bouncing Flask+1","Well Laid Plans+1","Prepared+1","Bouncing Flask+1","Dodge and Roll+1","Prepared+1","Glass Knife+1","Riddle With Holes+1","PiercingWail+1","Tools of the Trade+1","Deadly Poison+1","Tactician+1","Catalyst+1","Backflip+1","Night Terror+1","Backflip+1"],"special_seed":0,"relics":["Ring of the Snake","NeowsBlessing","Snake Skull","Toxic Egg 2","StoneCalendar","Black Star","Mango","Shuriken","Centennial Puzzle","Omamori","Pen Nib","Bag of Preparation","Bottled Tornado","Astrolabe","Bag of Marbles","Boot","Pear","Darkstone Periapt","Happy Flower","Art of War","Gremlin Horn","Dead Branch"],"potions_floor_usage":[50,51,55,56,56,56],"damage_taken":[{"damage":0.0,"enemies":"2 Louse","floor":1.0,"turns":1.0},{"damage":0.0,"enemies":"Jaw Worm","floor":3.0,"turns":1.0},{"damage":0.0,"enemies":"Cultist","floor":5.0,"turns":1.0},{"damage":22.0,"enemies":"3 Sentries","floor":6.0,"turns":7.0},{"damage":5.0,"enemies":"Gremlin Gang","floor":8.0,"turns":4.0},{"damage":22.0,"enemies":"Gremlin Nob","floor":10.0,"turns":4.0},{"damage":1.0,"enemies":"Large Slime","floor":11.0,"turns":5.0},{"damage":5.0,"enemies":"Blue Slaver","floor":12.0,"turns":4.0},{"damage":0.0,"enemies":"Hexaghost","floor":16.0,"turns":8.0},{"damage":10.0,"enemies":"Chosen","floor":18.0,"turns":7.0},{"damage":3.0,"enemies":"Colosseum Slavers","floor":20.0,"turns":7.0},{"damage":7.0,"enemies":"Colosseum Nobs","floor":20.0,"turns":5.0},{"damage":2.0,"enemies":"2 Thieves","floor":22.0,"turns":4.0},{"damage":7.0,"enemies":"Book of Stabbing","floor":24.0,"turns":7.0},{"damage":0.0,"enemies":"Snake Plant","floor":28.0,"turns":6.0},{"damage":6.0,"enemies":"Slavers","floor":30.0,"turns":6.0},{"damage":2.0,"enemies":"3 Cultists","floor":31.0,"turns":6.0},{"damage":0.0,"enemies":"Champ","floor":33.0,"turns":10.0},{"damage":0.0,"enemies":"Orb Walker","floor":35.0,"turns":6.0},{"damage":0.0,"enemies":"3 Shapes","floor":36.0,"turns":5.0},{"damage":0.0,"enemies":"Sphere and 2 Shapes","floor":38.0,"turns":6.0},{"damage":0.0,"enemies":"Jaw Worm Horde","floor":39.0,"turns":6.0},{"damage":0.0,"enemies":"Reptomancer","floor":40.0,"turns":7.0},{"damage":1.0,"enemies":"Writhing Mass","floor":42.0,"turns":6.0},{"damage":0.0,"enemies":"Maw","floor":44.0,"turns":5.0},{"damage":13.0,"enemies":"3 Darklings","floor":45.0,"turns":6.0},{"damage":0.0,"enemies":"Giant Head","floor":47.0,"turns":4.0},{"damage":15.0,"enemies":"Sphere and 2 Shapes","floor":48.0,"turns":7.0},{"damage":25,"enemies":"Time Eater","floor":50,"turns":4},{"damage":7,"enemies":"Donu and Deca","floor":51,"turns":7},{"damage":1,"enemies":"Shield and Spear","floor":55,"turns":7},{"damage":27,"enemies":"The Heart","floor":56,"turns":8}],"seed_played":"3532525506953959643","potions_obtained":[{"floor":5.0,"key":"PowerPotion"},{"floor":6.0,"key":"EssenceOfSteel"},{"floor":8.0,"key":"Dexterity Potion"},{"floor":10.0,"key":"SkillPotion"},{"floor":16.0,"key":"Explosive Potion"},{"floor":22.0,"key":"EntropicBrew"},{"floor":28.0,"key":"GhostInAJar"},{"floor":30.0,"key":"Regen Potion"},{"floor":31.0,"key":"PowerPotion"},{"floor":33.0,"key":"SpeedPotion"},{"floor":36.0,"key":"FearPotion"},{"floor":38.0,"key":"SkillPotion"},{"floor":39.0,"key":"Weak Potion"},{"floor":44.0,"key":"Energy Potion"},{"floor":55,"key":"SkillPotion"}],"is_trial":false,"path_per_floor":["M","?","M","?","M","E","R","M","T","E","M","M","R","$","R","B",null,"M","?","?","$","M","R","E","?","T","?","M","R","E","M","R","B",null,"M","M","?","M","M","E","R","M","T","M","M","R","E","M","R","B","B",null,"R","$","E","B",null],"character_chosen":"THE_SILENT","items_purchased":["Prepared+1","Dash","Art of War","Night Terror+1","Poison Potion"],"campfire_rested":4,"item_purchase_floors":[14,14,54,54,54],"current_hp_per_floor":[59,59,59,59,59,37,37,32,32,10,9,4,23,23,23,23,55,45,33,37,37,35,35,28,28,28,25,25,39,33,46,46,46,47,47,47,47,47,47,47,47,46,56,56,43,43,43,43,57,32,25,49,57,57,56,29],"gold":44,"neow_bonus":"THREE_ENEMY_KILL","is_prod":false,"is_daily":false,"chose_seed":false,"campfire_upgraded":5,"win_rate":0,"timestamp":1560619433,"path_taken":["M","?","M","?","?","E","R","?","T","E","M","?","R","$","R","BOSS","M","?","?","?","M","R","E","?","T","?","M","R","E","M","R","BOSS","M","?","?","M","M","E","R","M","T","M","M","R","E","M","R","BOSS","BOSS","R","$","E","BOSS"],"build_version":"2019-01-23","purchased_purges":2,"victory":true,"max_hp_per_floor":[66,66,66,66,66,66,66,66,66,66,66,66,66,66,66,66,66,66,33,47,47,47,47,47,47,47,47,47,47,47,47,47,47,47,47,47,47,47,47,47,47,47,57,57,57,57,57,57,57,57,57,57,57,57,57,57],"card_choices":[{"not_picked":["Prepared","Bane"],"picked":"Dagger Spray","floor":1.0},{"not_picked":["Skewer","Expertise"],"picked":"Dagger Throw","floor":3.0},{"not_picked":["Dagger Throw","Caltrops"],"picked":"Noxious Fumes","floor":5.0},{"not_picked":["All Out Attack","Cloak And Dagger"],"picked":"Blur","floor":6.0},{"not_picked":["Reflex","Bullet Time"],"picked":"Dash","floor":8.0},{"not_picked":["Poisoned Stab","Blade Dance+1"],"picked":"Prepared+1","floor":10.0},{"not_picked":["Prepared+1","Finisher"],"picked":"Venomology+1","floor":11.0},{"not_picked":["Dagger Throw","Deflect+1"],"picked":"Backflip+1","floor":12.0},{"not_picked":["Glass Knife","Bullet Time+1"],"picked":"Night Terror+1","floor":16.0},{"not_picked":["Blade Dance+1","Quick Slash"],"picked":"Blur+1","floor":18.0},{"not_picked":["Sucker Punch","Endless Agony"],"picked":"Bouncing Flask+1","floor":20.0},{"not_picked":["Outmaneuver+1","Noxious Fumes"],"picked":"Well Laid Plans","floor":22.0},{"not_picked":["Tools of the Trade","Setup+1"],"picked":"Prepared+1","floor":24.0},{"not_picked":["Riddle With Holes","Backstab"],"picked":"Bouncing Flask+1","floor":28.0},{"not_picked":["Outmaneuver+1","Blade Dance+1","Quick Slash+1"],"picked":"SKIP","floor":30.0},{"not_picked":["Leg Sweep+1","Outmaneuver+1"],"picked":"Dodge and Roll+1","floor":31.0},{"not_picked":["Quick Slash+1","Bane","Dagger Spray+1"],"picked":"SKIP","floor":35.0},{"not_picked":["Acrobatics+1","Grand Finale"],"picked":"PiercingWail+1","floor":36.0},{"not_picked":["Dagger Spray","PiercingWail+1"],"picked":"Deadly Poison+1","floor":38.0},{"not_picked":["Leg Sweep+1","PiercingWail+1"],"picked":"Tactician+1","floor":39.0},{"not_picked":["Underhanded Strike","Expertise+1"],"picked":"Catalyst+1","floor":40.0},{"not_picked":["Flying Knee","Quick Slash+1"],"picked":"Backflip+1","floor":42.0},{"not_picked":["Flying Knee","Poisoned Stab","Blade Dance+1"],"picked":"SKIP","floor":44.0},{"not_picked":["Poisoned Stab","Riddle With Holes","Slice"],"picked":"SKIP","floor":45.0},{"not_picked":["Cloak And Dagger+1","Sucker Punch","Terror+1"],"picked":"SKIP","floor":47.0},{"not_picked":["Cloak And Dagger+1","Underhanded Strike","Dodge and Roll+1"],"picked":"SKIP","floor":48.0},{"not_picked":["Heel Hook","Deflect+1"],"picked":"Backflip+1","floor":55}],"player_experience":5373710,"relics_obtained":[{"floor":6.0,"key":"Snake Skull"},{"floor":9.0,"key":"Toxic Egg 2"},{"floor":10.0,"key":"StoneCalendar"},{"floor":20.0,"key":"Mango"},{"floor":20.0,"key":"Shuriken"},{"floor":24.0,"key":"Centennial Puzzle"},{"floor":24.0,"key":"Omamori"},{"floor":30.0,"key":"Bag of Preparation"},{"floor":30.0,"key":"Bottled Tornado"},{"floor":40.0,"key":"Bag of Marbles"},{"floor":40.0,"key":"Boot"},{"floor":43.0,"key":"Pear"},{"floor":47.0,"key":"Darkstone Periapt"},{"floor":47.0,"key":"Happy Flower"},{"floor":55,"key":"Gremlin Horn"},{"floor":55,"key":"Dead Branch"}],"event_choices":[{"cards_removed":["Strike_G"],"damage_healed":0.0,"max_hp_gain":0.0,"max_hp_loss":0.0,"gold_gain":0.0,"event_name":"The Cleric","player_choice":"Card Removal","floor":2.0,"gold_loss":75.0,"damage_taken":0.0},{"damage_healed":0.0,"max_hp_gain":0.0,"max_hp_loss":0.0,"gold_gain":0.0,"event_name":"Upgrade Shrine","player_choice":"Upgraded","floor":4.0,"gold_loss":0.0,"damage_taken":0.0,"cards_upgraded":["Dagger Spray"]},{"damage_healed":0.0,"max_hp_gain":0.0,"max_hp_loss":33.0,"gold_gain":0.0,"event_name":"Ghosts","player_choice":"Became a Ghost","floor":19.0,"gold_loss":0.0,"damage_taken":0.0,"cards_obtained":["Ghostly","Ghostly","Ghostly"]},{"damage_healed":0.0,"max_hp_gain":0.0,"max_hp_loss":0.0,"gold_gain":0.0,"event_name":"Colosseum","player_choice":"Fight","floor":20.0,"gold_loss":0.0,"damage_taken":0.0},{"damage_healed":0.0,"max_hp_gain":0.0,"max_hp_loss":0.0,"gold_gain":0.0,"event_name":"Colosseum","player_choice":"Fought Nobs","floor":20.0,"gold_loss":0.0,"damage_taken":0.0},{"damage_healed":0.0,"max_hp_gain":0.0,"max_hp_loss":0.0,"gold_gain":0.0,"event_name":"Addict","player_choice":"Stole Relic","floor":25.0,"gold_loss":0.0,"damage_taken":0.0,"relics_obtained":["Pen Nib"],"cards_obtained":["Shame"]},{"damage_healed":0.0,"max_hp_gain":0.0,"max_hp_loss":0.0,"gold_gain":0.0,"event_name":"The Woman in Blue","player_choice":"Bought 0 Potions","floor":27.0,"gold_loss":0.0,"damage_taken":0.0},{"damage_healed":0.0,"max_hp_gain":0.0,"max_hp_loss":0.0,"gold_gain":0.0,"cards_transformed":["Dagger Throw"],"event_name":"Transmorgrifier","player_choice":"Transformed","floor":37.0,"gold_loss":0.0,"damage_taken":0.0,"cards_obtained":["Tools of the Trade"]}],"is_beta":false,"boss_relics":[{"not_picked":["Sozu","Velvet Choker"],"picked":"Black Star"},{"not_picked":["WristBlade","Lizard Tail"],"picked":"Astrolabe"}],"items_purged_floors":[14,21],"is_endless":false,"potions_floor_spawned":[5,6,8,10,12,16,22,28,30,31,33,36,38,39,44,55],"ascension_level":20}