{"gold_per_floor":[115,135,151,166,181,181,181,207,207,207,238,257,269,56,56,132,132,132,132,132,132,132,132,33,33,33,33,33,33,33,33,33,33],"floor_reached":33,"playtime":983,"items_purged":["Strike_R"],"score":648,"play_id":"8074cbb8-113c-461e-9801-974aee704608","local_time":"20190531004805","is_ascension_mode":true,"campfire_choices":[{"data":"Inflame","floor":6,"key":"SMITH"},{"data":"Immolate","floor":10,"key":"SMITH"},{"data":"Whirlwind","floor":15,"key":"SMITH"},{"data":"Flex","floor":23,"key":"SMITH"},{"floor":25,"key":"REST"},{"floor":28,"key":"REST"},{"data":"Flex","floor":32,"key":"SMITH"}],"neow_cost":"NONE","seed_source_timestamp":356559582360900,"circlet_count":0,"master_deck":["AscendersBane","Strike_R","Strike_R","Strike_R","Defend_R","Defend_R","Defend_R","Defend_R","Bash","Clothesline","Inflame+1","Seeing Red","Whirlwind+1","Immolate+1","Twin Strike","Headbutt","Burning Pact","Ghostly Armor","Bludgeon","Havoc","Flex+1","Inflame+1","Armaments","Warcry","Flex+1","Fiend Fire","Armaments+1"],"relics":["Burning Blood","Boot","Blood Vial","OrangePellets","Ectoplasm","Meat on the Bone","Ginger","Kunai"],"potions_floor_usage":[11,16,16,27,33,33],"damage_taken":[{"damage":7,"enemies":"Small Slimes","floor":1,"turns":4},{"damage":0,"enemies":"Cultist","floor":2,"turns":4},{"damage":2,"enemies":"2 Louse","floor":3,"turns":4},{"damage":25,"enemies":"Lots of Slimes","floor":4,"turns":6},{"damage":6,"enemies":"Looter","floor":5,"turns":3},{"damage":10,"enemies":"3 Sentries","floor":8,"turns":2},{"damage":0,"enemies":"Lagavulin","floor":11,"turns":4},{"damage":17,"enemies":"Exordium Thugs","floor":12,"turns":3},{"damage":0,"enemies":"Lots of Slimes","floor":13,"turns":1},{"damage":33,"enemies":"The Guardian","floor":16,"turns":13},{"damage":9,"enemies":"3 Byrds","floor":18,"turns":3},{"damage":4,"enemies":"Chosen","floor":20,"turns":3},{"damage":38,"enemies":"Centurion and Healer","floor":22,"turns":6},{"damage":44,"enemies":"Book of Stabbing","floor":27,"turns":4},{"damage":33,"enemies":"Gremlin Leader","floor":29,"turns":6},{"damage":13,"enemies":"Chosen and Byrds","floor":30,"turns":4},{"damage":0,"enemies":"Snake Plant","floor":31,"turns":2},{"damage":64,"enemies":"Automaton","floor":33,"turns":8}],"seed_played":"-1435232022102882380","potions_obtained":[{"floor":2,"key":"FearPotion"},{"floor":4,"key":"FearPotion"},{"floor":11,"key":"PowerPotion"},{"floor":22,"key":"FearPotion"},{"floor":27,"key":"Block Potion"},{"floor":29,"key":"Dexterity Potion"}],"is_trial":false,"path_per_floor":["M","M","M","M","M","R","?","E","T","R","E","M","M","$","R","B",null,"M","?","M","?","M","R","$","R","T","E","R","E","M","M","R","B"],"character_chosen":"IRONCLAD","items_purchased":["OrangePellets","Armaments"],"campfire_rested":2,"item_purchase_floors":[14,24],"current_hp_per_floor":[74,80,82,63,63,63,63,59,59,59,65,56,64,64,64,39,71,70,70,74,74,44,44,44,68,68,44,68,55,50,58,58,0],"gold":33,"neow_bonus":"TEN_PERCENT_HP_BONUS","is_prod":false,"is_daily":false,"chose_seed":false,"campfire_upgraded":5,"win_rate":0,"timestamp":1559231285,"path_taken":["M","M","M","M","M","R","?","E","T","R","E","M","M","$","R","BOSS","M","?","M","?","M","R","$","R","T","E","R","E","?","M","R","BOSS"],"build_version":"2019-01-23","purchased_purges":1,"victory":false,"max_hp_per_floor":[82,82,82,82,82,82,82,82,82,82,82,82,82,82,82,82,82,82,82,82,82,82,82,82,82,82,82,82,82,82,82,82,82],"card_choices":[{"not_picked":["Warcry","Body Slam"],"picked":"Clothesline","floor":1},{"not_picked":["Pommel Strike","Heavy Blade"],"picked":"Inflame","floor":2},{"not_picked":["Power Through","Sentinel"],"picked":"Seeing Red","floor":3},{"not_picked":["Carnage","Perfected Strike"],"picked":"Whirlwind","floor":4},{"not_picked":["Rampage","Clash"],"picked":"Immolate","floor":5},{"not_picked":["Clothesline","Iron Wave"],"picked":"Headbutt","floor":8},{"not_picked":["Cleave","Entrench"],"picked":"Burning Pact","floor":11},{"not_picked":["Thunderclap","Heavy Blade"],"picked":"Ghostly Armor","floor":12},{"not_picked":["Wild Strike","Hemokinesis","Headbutt"],"picked":"SKIP","floor":13},{"not_picked":["Juggernaut","Exhume"],"picked":"Bludgeon","floor":16},{"not_picked":["Seeing Red","Hemokinesis"],"picked":"Havoc","floor":18},{"not_picked":["Clash","Dropkick","Reckless Charge"],"picked":"SKIP","floor":20},{"not_picked":["Pummel","Flame Barrier"],"picked":"Inflame+1","floor":22},{"not_picked":["Cleave","Clash"],"picked":"Warcry","floor":27},{"not_picked":["True Grit","Blood for Blood"],"picked":"Flex","floor":29},{"not_picked":["Flex","Pommel Strike"],"picked":"Fiend Fire","floor":30},{"not_picked":["Uppercut","Sword Boomerang"],"picked":"Armaments+1","floor":31}],"player_experience":5218031,"relics_obtained":[{"floor":8,"key":"Boot"},{"floor":11,"key":"Blood Vial"},{"floor":26,"key":"Meat on the Bone"},{"floor":27,"key":"Ginger"},{"floor":29,"key":"Kunai"}],"event_choices":[{"damage_healed":0,"gold_gain":0,"cards_transformed":["Strike_R"],"player_choice":"Transformed","damage_taken":0,"max_hp_gain":0,"max_hp_loss":0,"event_name":"Transmorgrifier","floor":7,"gold_loss":0,"cards_obtained":["Twin Strike"]},{"damage_healed":0,"gold_gain":0,"player_choice":"Read","damage_taken":0,"max_hp_gain":0,"max_hp_loss":0,"event_name":"The Library","floor":19,"gold_loss":0,"cards_obtained":["Flex"]},{"damage_healed":0,"gold_gain":0,"player_choice":"Ignored","damage_taken":0,"max_hp_gain":0,"max_hp_loss":0,"event_name":"Golden Shrine","floor":21,"gold_loss":0}],"is_beta":false,"boss_relics":[{"not_picked":["Coffee Dripper","Busted Crown"],"picked":"Ectoplasm"}],"items_purged_floors":[24],"is_endless":false,"potions_floor_spawned":[2,4,11,13,22,27,29,30],"killed_by":"Automaton","ascension_level":20}