{"gold_per_floor":[113,38,53,53,67,101,1,1,48,48,48,48,77,92,92,194,194,209,236,236,256,131,131],"floor_reached":23,"playtime":690,"items_purged":["Strike_R","Strike_R","Defend_R"],"score":187,"play_id":"aa8bd3d7-c3c3-4197-865f-cf71aa217d32","local_time":"20190703184416","is_ascension_mode":false,"campfire_choices":[{"floor":10,"key":"REST"},{"floor":15,"key":"REST"}],"neow_cost":"NONE","seed_source_timestamp":1057541786653294,"circlet_count":0,"master_deck":["Strike_R","Strike_R","Defend_R","Defend_R","Bash+1","Anger","True Grit+1"],"relics":["Empty Cage"],"potions_floor_usage":[6,19,21],"damage_taken":[{"damage":1,"enemies":"Cultist","floor":1,"turns":4},{"damage":0,"enemies":"Small Slimes","floor":3,"turns":3},{"damage":0,"enemies":"2 Louse","floor":5,"turns":3},{"damage":49,"enemies":"Lagavulin","floor":6,"turns":7},{"damage":15,"enemies":"The Mushroom Lair","floor":13,"turns":5},{"damage":0,"enemies":"Looter","floor":14,"turns":4},{"damage":55,"enemies":"Hexaghost","floor":16,"turns":10},{"damage":7,"enemies":"Chosen","floor":18,"turns":5},{"damage":82,"enemies":"Masked Bandits","floor":19,"turns":8},{"damage":13,"enemies":"3 Byrds","floor":21,"turns":8},{"damage":5,"enemies":"Cultist and Chosen","floor":23,"turns":3}],"seed_played":"9217237168417900102","potions_obtained":[{"floor":1,"key":"Regen Potion"},{"floor":5,"key":"EssenceOfSteel"},{"floor":18,"key":"BloodPotion"}],"is_trial":false,"path_per_floor":["M","$","M","?","M","E","$","?","T","R","?","$","?","M","R","B",null,"M","?","?","M","$","M"],"character_chosen":"IRONCLAD","items_purchased":[],"campfire_rested":2,"item_purchase_floors":[],"current_hp_per_floor":[79,79,79,84,84,49,49,32,32,57,57,57,42,42,67,12,85,78,17,17,4,4,0],"gold":131,"neow_bonus":"BOSS_RELIC","is_prod":false,"is_daily":false,"chose_seed":false,"campfire_upgraded":0,"win_rate":0,"timestamp":1562175856,"path_taken":["M","$","?","?","M","E","$","?","T","R","?","$","?","?","R","BOSS","M","?","?","M","$","M"],"build_version":"2019-07-01","purchased_purges":3,"victory":false,"max_hp_per_floor":[80,80,80,85,85,85,85,85,85,85,85,85,85,85,85,85,85,85,85,85,85,85,85],"card_choices":[{"not_picked":["Power Through","Iron Wave"],"picked":"Anger","floor":1},{"not_picked":["Wild Strike","Twin Strike","Pommel Strike"],"picked":"SKIP","floor":3},{"not_picked":["Wild Strike","Thunderclap"],"picked":"True Grit","floor":5},{"not_picked":["Clothesline","Pommel Strike","Rage"],"picked":"SKIP","floor":6},{"not_picked":["Anger","Iron Wave","Shrug It Off"],"picked":"SKIP","floor":14},{"not_picked":["Clothesline","Seeing Red","Whirlwind"],"picked":"SKIP","floor":18},{"not_picked":["Shrug It Off","Dropkick+1","Headbutt"],"picked":"SKIP","floor":21}],"player_experience":97006,"relics_obtained":[],"event_choices":[{"damage_healed":0,"gold_gain":0,"player_choice":"Donut","damage_taken":0,"max_hp_gain":5,"max_hp_loss":0,"event_name":"Big Fish","floor":4,"gold_loss":0},{"damage_healed":0,"gold_gain":0,"player_choice":"Entered Light","damage_taken":17,"max_hp_gain":0,"max_hp_loss":0,"event_name":"Shining Light","floor":8,"gold_loss":0,"cards_upgraded":["Bash","True Grit"]},{"damage_healed":0,"gold_gain":0,"player_choice":"Searched \u00270\u0027 times","damage_taken":0,"max_hp_gain":0,"max_hp_loss":0,"event_name":"Dead Adventurer","floor":11,"gold_loss":0},{"damage_healed":0,"gold_gain":0,"player_choice":"Fought Mushrooms","damage_taken":0,"max_hp_gain":0,"max_hp_loss":0,"event_name":"Mushrooms","floor":13,"gold_loss":0},{"damage_healed":0,"gold_gain":0,"player_choice":"Fought Bandits","damage_taken":0,"max_hp_gain":0,"max_hp_loss":0,"event_name":"Masked Bandits","floor":19,"gold_loss":0},{"damage_healed":0,"gold_gain":0,"player_choice":"Ignored","damage_taken":0,"max_hp_gain":0,"max_hp_loss":0,"event_name":"Vampires","floor":20,"gold_loss":0}],"is_beta":false,"boss_relics":[{"not_picked":["Runic Dome","Ectoplasm","Eternal Feather"]}],"items_purged_floors":[2,7,22],"is_endless":false,"potions_floor_spawned":[1,5,18],"killed_by":"Cultist and Chosen","ascension_level":0}