{"gold_per_floor":[118,136,154,154,169,169,192,28,52,69,69,94,104,104,104,181,181,196,102,102],"floor_reached":20,"playtime":548,"items_purged":[],"score":348,"play_id":"85302980-9881-4a7a-b366-badd41fc31ea","local_time":"20190720033623","is_ascension_mode":true,"campfire_choices":[{"data":"Perfected Strike","floor":6,"key":"SMITH"},{"floor":11,"key":"REST"},{"data":"Demon Form","floor":15,"key":"SMITH"}],"neow_cost":"NONE","seed_source_timestamp":2468428245398507,"circlet_count":0,"master_deck":["AscendersBane","Strike_R","Strike_R","Strike_R","Strike_R","Strike_R","Defend_R","Defend_R","Defend_R","Defend_R","Bash+1","Cleave","Perfected Strike+1","Perfected Strike","Twin Strike","Flame Barrier","Whirlwind","Perfected Strike","Demon Form+1","Bludgeon","Enlightenment"],"relics":["Burning Blood","Orichalcum","Odd Mushroom","Dream Catcher","Philosopher\u0027s Stone"],"potions_floor_usage":[12,12,13,16],"damage_taken":[{"damage":12,"enemies":"Cultist","floor":1,"turns":5},{"damage":1,"enemies":"Small Slimes","floor":2,"turns":4},{"damage":1,"enemies":"2 Louse","floor":3,"turns":3},{"damage":25,"enemies":"Exordium Thugs","floor":5,"turns":4},{"damage":21,"enemies":"The Mushroom Lair","floor":7,"turns":4},{"damage":11,"enemies":"Exordium Wildlife","floor":10,"turns":4},{"damage":28,"enemies":"Lagavulin","floor":12,"turns":6},{"damage":5,"enemies":"Gremlin Gang","floor":13,"turns":2},{"damage":18,"enemies":"Slime Boss","floor":16,"turns":9},{"damage":27,"enemies":"Shell Parasite","floor":18,"turns":3},{"damage":45,"enemies":"3 Byrds","floor":20,"turns":3}],"seed_played":"3346727100674633722","potions_obtained":[{"floor":5,"key":"SteroidPotion"},{"floor":10,"key":"SteroidPotion"},{"floor":12,"key":"BloodPotion"},{"floor":13,"key":"SpeedPotion"},{"floor":16,"key":"Poison Potion"}],"is_trial":false,"path_per_floor":["M","M","M","$","M","R","?","$","T","M","R","E","M","?","R","B",null,"M","$","M"],"character_chosen":"IRONCLAD","items_purchased":["Flame Barrier","Whirlwind","Enlightenment"],"campfire_rested":1,"item_purchase_floors":[8,8,19],"current_hp_per_floor":[62,67,72,72,53,53,38,38,38,33,55,33,52,52,52,40,66,45,45,0],"gold":102,"neow_bonus":"RANDOM_COMMON_RELIC","is_prod":false,"is_daily":false,"chose_seed":false,"campfire_upgraded":2,"win_rate":0,"timestamp":1563586583,"path_taken":["M","M","M","$","M","R","?","$","T","M","R","E","M","?","R","BOSS","M","$","M"],"build_version":"2019-07-17","purchased_purges":0,"victory":false,"max_hp_per_floor":[75,75,75,75,75,75,75,75,75,75,75,75,75,75,75,75,75,75,75,75],"card_choices":[{"not_picked":["Wild Strike","Clash"],"picked":"Cleave","floor":1},{"not_picked":["Iron Wave","Pummel"],"picked":"Perfected Strike","floor":2},{"not_picked":["Corruption","Havoc","Pummel"],"picked":"SKIP","floor":3},{"not_picked":["Hemokinesis","Fire Breathing"],"picked":"Perfected Strike","floor":5},{"not_picked":["Body Slam","Flex"],"picked":"Twin Strike","floor":7},{"not_picked":["True Grit","Dual Wield"],"picked":"Perfected Strike","floor":10},{"not_picked":["Headbutt","Sentinel"],"picked":"Demon Form","floor":12},{"not_picked":["Metallicize","Evolve","Intimidate"],"picked":"SKIP","floor":13},{"not_picked":["Barricade","Impervious"],"picked":"Bludgeon","floor":16},{"not_picked":["Hemokinesis","Clash","Searing Blow"],"picked":"SKIP","floor":18}],"player_experience":512167,"relics_obtained":[{"floor":7,"key":"Odd Mushroom"},{"floor":12,"key":"Dream Catcher"}],"event_choices":[{"damage_healed":0,"gold_gain":0,"player_choice":"Fought Mushrooms","damage_taken":0,"max_hp_gain":0,"max_hp_loss":0,"event_name":"Mushrooms","floor":7,"gold_loss":0},{"damage_healed":0,"gold_gain":0,"player_choice":"Upgraded","damage_taken":0,"max_hp_gain":0,"max_hp_loss":0,"event_name":"Upgrade Shrine","floor":14,"gold_loss":0,"cards_upgraded":["Bash"]}],"is_beta":false,"boss_relics":[{"not_picked":["Fusion Hammer","Black Blood"],"picked":"Philosopher\u0027s Stone"}],"items_purged_floors":[],"is_endless":false,"potions_floor_spawned":[5,10,12,13,16],"killed_by":"3 Byrds","ascension_level":20}