{"gold_per_floor":[115,129,143,154,174,202,202,202,226,226,226,241,241,166,166,241,241,261,68,81,100,113,113,140,65,89,89,12,32,46,146,146,223,223,234,334,345,355,409,409,428,428],"floor_reached":42,"playtime":2526,"items_purged":["Quick Slash"],"score":844,"play_id":"6c1b08ee-1b22-4745-a735-32e2411726bb","local_time":"20190522011853","is_ascension_mode":true,"campfire_choices":[{"floor":7.0,"key":"REST"},{"floor":15.0,"key":"REST"},{"floor":23.0,"key":"REST"},{"floor":32.0,"key":"REST"},{"floor":40.0,"key":"REST"}],"neow_cost":"NONE","seed_source_timestamp":275647681861000,"circlet_count":0,"master_deck":["AscendersBane","Survivor+1","Neutralize","PiercingWail","Backstab+1","Dodge and Roll","Flechettes","Deadly Poison","Corpse Explosion","Footwork","Underhanded Strike","Backflip","Envenom","Outmaneuver","Escape Plan","Malaise","Backstab","Setup","Backflip","Cloak And Dagger+1","Blur+1","Blur","Acrobatics","Well Laid Plans","Envenom","Footwork+1","Heel Hook+1","Night Terror+1","Footwork","Outmaneuver+1"],"special_seed":0,"relics":["Ring of the Snake","War Paint","Boot","WarpedTongs","Pandora\u0027s Box","Whetstone","The Specimen","Ancient Tea Set","Incense Burner","Pocketwatch","Sundial","Astrolabe","Dead Branch","Prayer Wheel"],"potions_floor_usage":[42],"damage_taken":[{"damage":12.0,"enemies":"Cultist","floor":1.0,"turns":6.0},{"damage":0.0,"enemies":"2 Louse","floor":2.0,"turns":3.0},{"damage":1.0,"enemies":"Small Slimes","floor":3.0,"turns":4.0},{"damage":9.0,"enemies":"Gremlin Gang","floor":4.0,"turns":7.0},{"damage":11.0,"enemies":"3 Louse","floor":5.0,"turns":4.0},{"damage":31.0,"enemies":"3 Sentries","floor":6.0,"turns":12.0},{"damage":3.0,"enemies":"2 Fungi Beasts","floor":12.0,"turns":4.0},{"damage":31.0,"enemies":"The Guardian","floor":16.0,"turns":14.0},{"damage":0.0,"enemies":"3 Byrds","floor":18.0,"turns":3.0},{"damage":5.0,"enemies":"Spheric Guardian","floor":20.0,"turns":3.0},{"damage":11.0,"enemies":"Snecko","floor":21.0,"turns":5.0},{"damage":1.0,"enemies":"Centurion and Healer","floor":22.0,"turns":5.0},{"damage":19.0,"enemies":"Gremlin Leader","floor":24.0,"turns":8.0},{"damage":3.0,"enemies":"Cultist and Chosen","floor":29.0,"turns":3.0},{"damage":11.0,"enemies":"Snake Plant","floor":30.0,"turns":6.0},{"damage":0.0,"enemies":"Colosseum Slavers","floor":31.0,"turns":6.0},{"damage":0.0,"enemies":"Colosseum Nobs","floor":31.0,"turns":4.0},{"damage":23.0,"enemies":"Automaton","floor":33.0,"turns":9.0},{"damage":0.0,"enemies":"3 Shapes","floor":35.0,"turns":7.0},{"damage":0.0,"enemies":"Mind Bloom Boss Battle","floor":36.0,"turns":4.0},{"damage":4.0,"enemies":"Orb Walker","floor":37.0,"turns":7.0},{"damage":0.0,"enemies":"Maw","floor":38.0,"turns":9.0},{"damage":40.0,"enemies":"2 Orb Walkers","floor":39.0,"turns":7.0},{"damage":27.0,"enemies":"Jaw Worm Horde","floor":41.0,"turns":6.0},{"damage":1,"enemies":"Reptomancer","floor":42,"turns":2}],"seed_played":"4362754979463564274","potions_obtained":[{"floor":1.0,"key":"LiquidBronze"},{"floor":4.0,"key":"GamblersBrew"},{"floor":16.0,"key":"SkillPotion"},{"floor":22.0,"key":"EssenceOfSteel"},{"floor":24.0,"key":"Fire Potion"},{"floor":30.0,"key":"Block Potion"},{"floor":31.0,"key":"Explosive Potion"},{"floor":36.0,"key":"AttackPotion"},{"floor":37.0,"key":"Dexterity Potion"}],"is_trial":false,"path_per_floor":["M","M","M","M","M","E","R","T","T","?","?","M","?","?","R","B",null,"M","$","M","M","M","R","E","$","T","?","$","M","M","?","R","B",null,"M","?","M","M","?","R","M","E"],"character_chosen":"THE_SILENT","items_purchased":["Backflip","Whetstone","Blur"],"campfire_rested":5,"item_purchase_floors":[19,19,28],"current_hp_per_floor":[53,53,52,43,32,1,22,22,22,22,22,19,19,19,40,9,56,56,56,51,40,39,60,41,41,41,41,41,38,27,27,48,25,60,60,60,56,56,16,37,10,9],"gold":428,"neow_bonus":"TEN_PERCENT_HP_BONUS","is_prod":false,"is_daily":false,"chose_seed":false,"campfire_upgraded":0,"win_rate":0,"timestamp":1558455533,"path_taken":["M","M","?","M","M","E","R","?","T","?","?","?","?","?","R","BOSS","M","$","M","M","M","R","E","$","T","?","?","M","?","?","R","BOSS","M","?","M","M","?","R","M","E"],"build_version":"2019-01-23","purchased_purges":1,"victory":false,"max_hp_per_floor":[72,72,72,72,72,72,72,72,72,72,72,72,72,72,72,72,72,72,72,72,72,72,72,72,72,72,72,72,72,72,72,72,72,72,72,72,72,72,72,72,72,72],"card_choices":[{"not_picked":["Dodge and Roll","Cloak And Dagger"],"picked":"Quick Slash","floor":1.0},{"not_picked":["Acrobatics","Deflect"],"picked":"PiercingWail","floor":2.0},{"not_picked":["Footwork","Outmaneuver"],"picked":"Backstab","floor":3.0},{"not_picked":["Acrobatics","Bane"],"picked":"Dodge and Roll","floor":4.0},{"not_picked":["Setup","Dodge and Roll","Acrobatics"],"picked":"SKIP","floor":5.0},{"not_picked":["Infinite Blades","Tools of the Trade"],"picked":"Flechettes","floor":6.0},{"not_picked":["Deflect","Reflex"],"picked":"Deadly Poison","floor":12.0},{"not_picked":["A Thousand Cuts","Doppelganger"],"picked":"Corpse Explosion","floor":16.0},{"not_picked":["Eviscerate","Bane+1","Cloak And Dagger"],"picked":"SKIP","floor":18.0},{"not_picked":["Eviscerate","Bane+1"],"picked":"Cloak And Dagger","floor":18.0},{"not_picked":["Blade Dance","Dodge and Roll"],"picked":"Cloak And Dagger+1","floor":20.0},{"not_picked":["Poisoned Stab","Setup+1"],"picked":"Blur+1","floor":21.0},{"not_picked":["Quick Slash","Dagger Spray","Dodge and Roll+1"],"picked":"SKIP","floor":22.0},{"not_picked":["Cloak And Dagger","Blade Dance+1","Flying Knee"],"picked":"SKIP","floor":24.0},{"not_picked":["Cloak And Dagger","Grand Finale"],"picked":"Finisher","floor":29.0},{"not_picked":["Underhanded Strike","Deadly Poison"],"picked":"Acrobatics","floor":30.0},{"not_picked":["Blade Dance+1","Predator"],"picked":"Well Laid Plans","floor":31.0},{"not_picked":["Storm of Steel","Venomology"],"picked":"Envenom","floor":33.0},{"not_picked":["Heel Hook","Eviscerate","PiercingWail"],"picked":"SKIP","floor":35.0},{"not_picked":["Dagger Throw","Underhanded Strike","Bane+1"],"picked":"SKIP","floor":37.0},{"not_picked":["Dodge and Roll","Quick Slash"],"picked":"Footwork","floor":38.0},{"not_picked":["Quick Slash","PiercingWail"],"picked":"Outmaneuver+1","floor":41.0},{"not_picked":["Distraction","Slice+1","Prepared"],"picked":"SKIP","floor":41.0}],"player_experience":5097060,"relics_obtained":[{"floor":6.0,"key":"War Paint"},{"floor":9.0,"key":"Boot"},{"floor":24.0,"key":"The Specimen"},{"floor":26.0,"key":"Ancient Tea Set"},{"floor":31.0,"key":"Pocketwatch"},{"floor":31.0,"key":"Sundial"},{"floor":36.0,"key":"Dead Branch"},{"floor":39.0,"key":"Prayer Wheel"}],"event_choices":[{"damage_healed":0.0,"max_hp_gain":0.0,"max_hp_loss":0.0,"gold_gain":0.0,"event_name":"Shining Light","player_choice":"Ignored","floor":10.0,"gold_loss":0.0,"damage_taken":0.0},{"damage_healed":0.0,"max_hp_gain":0.0,"max_hp_loss":0.0,"gold_gain":0.0,"event_name":"Accursed Blacksmith","player_choice":"Rummage","floor":11.0,"gold_loss":0.0,"damage_taken":0.0,"relics_obtained":["WarpedTongs"],"cards_obtained":["Pain"]},{"damage_healed":0.0,"max_hp_gain":0.0,"max_hp_loss":0.0,"gold_gain":0.0,"event_name":"Dead Adventurer","player_choice":"Searched \u00270\u0027 times","floor":13.0,"gold_loss":0.0,"damage_taken":0.0},{"cards_removed":["Pain"],"damage_healed":0.0,"max_hp_gain":0.0,"max_hp_loss":0.0,"gold_gain":0.0,"event_name":"The Cleric","player_choice":"Card Removal","floor":14.0,"gold_loss":75.0,"damage_taken":0.0},{"damage_healed":0.0,"max_hp_gain":0.0,"max_hp_loss":0.0,"gold_gain":0.0,"event_name":"WeMeetAgain","player_choice":"Gave Potion","floor":27.0,"gold_loss":0.0,"damage_taken":0.0,"relics_obtained":["Incense Burner"]},{"damage_healed":0.0,"max_hp_gain":0.0,"max_hp_loss":0.0,"gold_gain":0.0,"event_name":"Colosseum","player_choice":"Fight","floor":31.0,"gold_loss":0.0,"damage_taken":0.0},{"damage_healed":0.0,"max_hp_gain":0.0,"max_hp_loss":0.0,"gold_gain":0.0,"event_name":"Colosseum","player_choice":"Fought Nobs","floor":31.0,"gold_loss":0.0,"damage_taken":0.0},{"damage_healed":0.0,"max_hp_gain":0.0,"max_hp_loss":0.0,"gold_gain":0.0,"event_name":"MindBloom","player_choice":"Fight","floor":36.0,"gold_loss":0.0,"damage_taken":0.0},{"damage_healed":0.0,"max_hp_gain":0.0,"max_hp_loss":0.0,"gold_gain":0.0,"event_name":"Mysterious Sphere","player_choice":"Fight","floor":39.0,"gold_loss":0.0,"damage_taken":0.0}],"is_beta":false,"boss_relics":[{"not_picked":["Runic Pyramid","Philosopher\u0027s Stone"],"picked":"Pandora\u0027s Box"},{"not_picked":["White Beast Statue","Lizard Tail"],"picked":"Astrolabe"}],"items_purged_floors":[25],"is_endless":false,"potions_floor_spawned":[1,4,16,22,24,30,31,35,36,37],"killed_by":"Reptomancer","ascension_level":20}