{"gold_per_floor":[117,132,132,148,167,200,57,57,107,122,156,156,187,205,205,310,310,328,99,99,99,99,133,133,133],"floor_reached":25,"playtime":1368,"items_purged":["Decay"],"score":323,"play_id":"95f1ffea-22c2-4ac7-9fc9-69ab145010ee","local_time":"20190718144115","is_ascension_mode":true,"campfire_choices":[{"data":"Armaments","floor":8,"key":"SMITH"},{"floor":12,"key":"REST"},{"floor":15,"key":"REST"},{"data":"Bash","floor":24,"key":"SMITH"}],"neow_cost":"NONE","seed_source_timestamp":13224467055200,"circlet_count":0,"master_deck":["Strike_R","Strike_R","Strike_R","Strike_R","Strike_R","Defend_R","Defend_R","Defend_R","Defend_R","Bash+1","Armaments+1","Carnage","Evolve","Iron Wave","Iron Wave","Reaper","Cleave","Battle Trance","Iron Wave","Juggernaut","Corruption","Shrug It Off","Juggernaut","Disarm"],"relics":["Burning Blood","Bottled Lightning","Omamori","Bronze Scales","Juzu Bracelet","Cursed Key","Anchor","Dodecahedron","Matryoshka"],"potions_floor_usage":[6,11,11,11,13,16,25,25,25],"damage_taken":[{"damage":7,"enemies":"2 Louse","floor":1,"turns":3},{"damage":9,"enemies":"Cultist","floor":2,"turns":5},{"damage":2,"enemies":"Small Slimes","floor":4,"turns":3},{"damage":18,"enemies":"Exordium Thugs","floor":5,"turns":5},{"damage":25,"enemies":"3 Sentries","floor":6,"turns":8},{"damage":0,"enemies":"Exordium Wildlife","floor":10,"turns":6},{"damage":48,"enemies":"Lagavulin","floor":11,"turns":8},{"damage":15,"enemies":"Gremlin Nob","floor":13,"turns":4},{"damage":12,"enemies":"Looter","floor":14,"turns":2},{"damage":49,"enemies":"Slime Boss","floor":16,"turns":11},{"damage":0,"enemies":"3 Byrds","floor":18,"turns":2},{"damage":43,"enemies":"Book of Stabbing","floor":23,"turns":5},{"damage":46,"enemies":"Slavers","floor":25,"turns":4}],"seed_played":"-5163175293872932262","potions_obtained":[{"floor":0,"key":"Ancient Potion"},{"floor":0,"key":"AttackPotion"},{"floor":0,"key":"EntropicBrew"},{"floor":11,"key":"Regen Potion"},{"floor":14,"key":"Swift Potion"},{"floor":16,"key":"SneckoOil"},{"floor":18,"key":"LiquidBronze"}],"is_trial":false,"path_per_floor":["M","M","?","M","M","E","$","R","T","M","E","R","E","M","R","B",null,"M","$","T","?","?","E","R","E"],"character_chosen":"IRONCLAD","items_purchased":["Reaper","Corruption","Shrug It Off","Anchor"],"campfire_rested":2,"item_purchase_floors":[7,19,19,19],"current_hp_per_floor":[71,68,68,72,60,41,41,41,41,51,15,39,42,36,60,27,67,73,73,73,73,73,36,36,0],"gold":133,"neow_bonus":"THREE_SMALL_POTIONS","is_prod":false,"is_daily":false,"chose_seed":false,"campfire_upgraded":2,"win_rate":0,"timestamp":1563475275,"path_taken":["M","M","?","M","M","E","$","R","T","?","E","R","E","M","R","BOSS","M","$","?","?","?","E","R","E"],"build_version":"2019-07-17","purchased_purges":1,"victory":false,"max_hp_per_floor":[80,80,80,80,80,80,80,80,80,80,80,80,80,80,80,80,80,80,80,80,80,80,80,80,80],"card_choices":[{"not_picked":["Perfected Strike","Pommel Strike"],"picked":"Armaments","floor":1},{"not_picked":["Burning Pact","Body Slam"],"picked":"Carnage","floor":2},{"not_picked":["Second Wind","Reckless Charge"],"picked":"Evolve","floor":4},{"not_picked":["Havoc","Rage"],"picked":"Iron Wave","floor":5},{"not_picked":["Clash","Heavy Blade"],"picked":"Iron Wave","floor":6},{"not_picked":["Pommel Strike","Clothesline"],"picked":"Cleave","floor":10},{"not_picked":["Body Slam","Heavy Blade"],"picked":"Battle Trance","floor":11},{"not_picked":["Sword Boomerang","True Grit"],"picked":"Iron Wave","floor":13},{"not_picked":["Barricade","Anger","Searing Blow"],"picked":"SKIP","floor":14},{"not_picked":["Fiend Fire","Brutality"],"picked":"Juggernaut","floor":16},{"not_picked":["Sever Soul","Cleave","Thunderclap"],"picked":"SKIP","floor":18},{"not_picked":["Pommel Strike","Havoc"],"picked":"Disarm","floor":23}],"player_experience":245634,"relics_obtained":[{"floor":6,"key":"Bottled Lightning"},{"floor":9,"key":"Omamori"},{"floor":11,"key":"Bronze Scales"},{"floor":13,"key":"Juzu Bracelet"},{"floor":20,"key":"Dodecahedron"},{"floor":23,"key":"Matryoshka"}],"event_choices":[{"damage_healed":0,"gold_gain":0,"player_choice":"Cursed","damage_taken":0,"max_hp_gain":0,"max_hp_loss":0,"event_name":"Wheel of Change","floor":3,"gold_loss":0,"cards_obtained":["Decay"]},{"damage_healed":0,"gold_gain":0,"player_choice":"Ignored","damage_taken":0,"max_hp_gain":0,"max_hp_loss":0,"event_name":"Ghosts","floor":21,"gold_loss":0},{"damage_healed":0,"gold_gain":0,"player_choice":"Copied","damage_taken":0,"max_hp_gain":0,"max_hp_loss":0,"event_name":"Duplicator","floor":22,"gold_loss":0,"cards_obtained":["Juggernaut"]}],"is_beta":false,"boss_relics":[{"not_picked":["Black Star","White Beast Statue"],"picked":"Cursed Key"}],"items_purged_floors":[7],"is_endless":false,"potions_floor_spawned":[2,4,11,14,16,18],"killed_by":"Slavers","ascension_level":7}