{"gold_per_floor":[117,392,402,402,413,413,439,364,388,6,26,58,129,160,160,237,237,253,271,286,299,299,299],"floor_reached":23,"playtime":611,"items_purged":["Strike_B"],"score":572,"play_id":"9dd0e5be-c5d7-4483-a925-eeeeafefad9b","local_time":"20190626023334","is_ascension_mode":true,"campfire_choices":[{"data":"Rip and Tear","floor":6,"key":"SMITH"},{"floor":15,"key":"REST"}],"neow_cost":"NONE","seed_source_timestamp":633074184534000,"circlet_count":0,"master_deck":["AscendersBane","Strike_B","Strike_B","Defend_B","Defend_B","Defend_B","Defend_B","Zap","Dualcast","Rebound","Cold Snap","Rip and Tear+1","Gash","Sunder","Sweeping Beam","Blind","Buffer","Ball Lightning","Glacier","Electrodynamics+1","Sweeping Beam+1","Capacitor+1","FTL+1"],"relics":["Cracked Core","NeowsBlessing","Art of War","Regal Pillow","Membership Card","Symbiotic Virus","Frozen Egg 2","Meat on the Bone","Velvet Choker"],"potions_floor_usage":[14,23],"damage_taken":[{"damage":0,"enemies":"2 Louse","floor":1,"turns":1},{"damage":0,"enemies":"Cultist","floor":3,"turns":1},{"damage":0,"enemies":"Jaw Worm","floor":5,"turns":1},{"damage":38,"enemies":"3 Sentries","floor":7,"turns":7},{"damage":10,"enemies":"Lots of Slimes","floor":11,"turns":3},{"damage":8,"enemies":"Gremlin Nob","floor":12,"turns":4},{"damage":0,"enemies":"Lagavulin","floor":14,"turns":6},{"damage":0,"enemies":"Slime Boss","floor":16,"turns":5},{"damage":19,"enemies":"3 Byrds","floor":18,"turns":4},{"damage":0,"enemies":"Spheric Guardian","floor":19,"turns":3},{"damage":28,"enemies":"Snake Plant","floor":20,"turns":5},{"damage":20,"enemies":"Centurion and Healer","floor":21,"turns":5},{"damage":23,"enemies":"Slavers","floor":23,"turns":1}],"seed_played":"777929292780627862","potions_obtained":[{"floor":1,"key":"Block Potion"},{"floor":3,"key":"Block Potion"},{"floor":18,"key":"Ancient Potion"},{"floor":19,"key":"SteroidPotion"},{"floor":21,"key":"SkillPotion"}],"is_trial":false,"path_per_floor":["M","?","M","?","M","R","E","?","T","$","M","E","T","E","R","B",null,"M","M","M","M","?","E"],"character_chosen":"DEFECT","items_purchased":["Membership Card","Sunder","Sweeping Beam","Blind"],"campfire_rested":1,"item_purchase_floors":[10,10,10,10],"current_hp_per_floor":[64,64,64,60,60,60,22,22,22,22,12,4,4,4,40,40,63,44,44,28,20,20,0],"gold":299,"neow_bonus":"THREE_ENEMY_KILL","is_prod":false,"is_daily":false,"chose_seed":false,"campfire_upgraded":1,"win_rate":0,"timestamp":1561484014,"path_taken":["M","?","?","?","?","R","E","?","T","$","M","E","?","E","R","BOSS","M","M","M","M","?","E"],"build_version":"2019-01-23","purchased_purges":1,"victory":false,"max_hp_per_floor":[71,71,71,71,71,71,71,71,71,71,71,71,71,71,71,71,71,71,71,71,71,71,71],"card_choices":[{"not_picked":["Leap","Steam Power"],"picked":"Rebound","floor":1},{"not_picked":["Rebound","Beam Cell"],"picked":"Cold Snap","floor":3},{"not_picked":["Stack","Streamline"],"picked":"Rip and Tear","floor":5},{"not_picked":["Lockon","Force Field"],"picked":"Gash","floor":7},{"not_picked":["Consume","Blizzard"],"picked":"Buffer","floor":11},{"not_picked":["Machine Learning","Streamline"],"picked":"Ball Lightning","floor":12},{"not_picked":["Seek","Conserve Battery"],"picked":"Glacier","floor":14},{"not_picked":["Creative AI+1","Buffer+1"],"picked":"Electrodynamics+1","floor":16},{"not_picked":["Conserve Battery","Go for the Eyes","Blizzard"],"picked":"SKIP","floor":18},{"not_picked":["Rebound","Beam Cell+1"],"picked":"Sweeping Beam+1","floor":19},{"not_picked":["Turbo","Redo+1"],"picked":"Capacitor+1","floor":20},{"not_picked":["Turbo","Ball Lightning"],"picked":"FTL+1","floor":21}],"player_experience":5494125,"relics_obtained":[{"floor":7,"key":"Art of War"},{"floor":9,"key":"Regal Pillow"},{"floor":12,"key":"Symbiotic Virus"},{"floor":13,"key":"Frozen Egg 2"},{"floor":14,"key":"Meat on the Bone"}],"event_choices":[{"damage_healed":0,"gold_gain":275,"player_choice":"Desecrate","damage_taken":0,"max_hp_gain":0,"max_hp_loss":0,"event_name":"Golden Shrine","floor":2,"gold_loss":0,"cards_obtained":["Regret"]},{"damage_healed":0,"gold_gain":0,"player_choice":"Bought 0 Potions","damage_taken":0,"max_hp_gain":0,"max_hp_loss":0,"event_name":"The Woman in Blue","floor":4,"gold_loss":0},{"cards_removed":["Regret"],"damage_healed":0,"gold_gain":0,"player_choice":"Card Removal","damage_taken":0,"max_hp_gain":0,"max_hp_loss":0,"event_name":"The Cleric","floor":8,"gold_loss":75},{"cards_removed":["Strike_B"],"damage_healed":0,"gold_gain":0,"player_choice":"Card Removal","damage_taken":0,"max_hp_gain":0,"max_hp_loss":0,"event_name":"Wheel of Change","floor":22,"gold_loss":0}],"is_beta":false,"boss_relics":[{"not_picked":["Lizard Tail","Orrery"],"picked":"Velvet Choker"}],"items_purged_floors":[10],"is_endless":false,"potions_floor_spawned":[1,3,7,12,18,19,21],"killed_by":"Slavers","ascension_level":20}