{"gold_per_floor":[112,122,141,160,160,160,193,193,216,216,248,262,262,293,293,372,372,384,397,417,417,417,442,455,469,549,569,418,333,349,349,349,427,427,441,90,50,0,13,13,43,43,43,61,61,93,110,121,121,121,121,121,121,32,62,62],"floor_reached":57,"playtime":2910,"items_purged":["Strike_G","Strike_G","Strike_G","Strike_G"],"score":3333,"play_id":"4cbce412-c033-4afc-b2ef-c1fed3addaa0","local_time":"20190614034816","is_ascension_mode":true,"campfire_choices":[{"data":"Neutralize","floor":6,"key":"SMITH"},{"floor":8,"key":"REST"},{"floor":10,"key":"REST"},{"data":"Survivor","floor":15,"key":"SMITH"},{"floor":32,"key":"RECALL"},{"floor":40,"key":"REST"},{"floor":45,"key":"REST"},{"floor":49,"key":"REST"},{"floor":53,"key":"REST"}],"neow_cost":"","seed_source_timestamp":1569302899290000,"circlet_count":0,"master_deck":["Survivor+1","Defend_G+1","Defend_G+1","Neutralize+1","Echo Form","Echo Form","Echo Form","Deadly Poison+1","Deflect+1","Calculated Gamble+1","Adrenaline+1","Blur+1","After Image","Prepared+1","Malaise+1","Adrenaline+1","Cloak And Dagger+1","Quick Slash","Acrobatics+1","Terror+1","Choke+1","Bandage Up+1","Night Terror+1","Backflip+1","Reflex+1","Bouncing Flask+1","Escape Plan+1","PiercingWail+1","Acrobatics+1","Tactician+1"],"relics":["Ring of the Snake","Toxic Egg 2","War Paint","Omamori","Lantern","Juzu Bracelet","Bag of Preparation","Fusion Hammer","Smiling Mask","Ginger","Tiny Chest","Regal Pillow","Cursed Key","Medical Kit","Blood Vial","Mummified Hand","Snake Skull"],"potions_floor_usage":[18,30,41,50,56],"damage_taken":[{"damage":1,"enemies":"Cultist","floor":1,"turns":4},{"damage":9,"enemies":"Small Slimes","floor":2,"turns":4},{"damage":0,"enemies":"2 Louse","floor":3,"turns":3},{"damage":18,"enemies":"Exordium Thugs","floor":4,"turns":6},{"damage":23,"enemies":"3 Sentries","floor":7,"turns":8},{"damage":0,"enemies":"Lagavulin","floor":11,"turns":7},{"damage":6,"enemies":"Large Slime","floor":12,"turns":7},{"damage":19,"enemies":"Gremlin Nob","floor":14,"turns":5},{"damage":0,"enemies":"Hexaghost","floor":16,"turns":11},{"damage":3,"enemies":"Shell Parasite","floor":18,"turns":9},{"damage":0,"enemies":"3 Byrds","floor":19,"turns":5},{"damage":0,"enemies":"3 Cultists","floor":20,"turns":7},{"damage":13,"enemies":"Book of Stabbing","floor":23,"turns":7},{"damage":0,"enemies":"Centurion and Healer","floor":24,"turns":7},{"damage":0,"enemies":"Shelled Parasite and Fungi","floor":25,"turns":6},{"damage":0,"enemies":"Snake Plant","floor":27,"turns":4},{"damage":0,"enemies":"Cultist and Chosen","floor":30,"turns":5},{"damage":3,"enemies":"Collector","floor":33,"turns":7},{"damage":0,"enemies":"Orb Walker","floor":35,"turns":2},{"damage":0,"enemies":"3 Shapes","floor":39,"turns":4},{"damage":0,"enemies":"Reptomancer","floor":41,"turns":5},{"damage":0,"enemies":"Sphere and 2 Shapes","floor":44,"turns":5},{"damage":0,"enemies":"Giant Head","floor":46,"turns":7},{"damage":0,"enemies":"Jaw Worm Horde","floor":47,"turns":3},{"damage":19,"enemies":"Writhing Mass","floor":48,"turns":5},{"damage":0,"enemies":"Time Eater","floor":50,"turns":18},{"damage":0,"enemies":"Awakened One","floor":51,"turns":13},{"damage":0,"enemies":"Shield and Spear","floor":55,"turns":4},{"damage":16,"enemies":"The Heart","floor":56,"turns":10}],"seed_played":"-2749439811888181893","potions_obtained":[{"floor":2,"key":"SmokeBomb"},{"floor":4,"key":"SpeedPotion"},{"floor":12,"key":"Regen Potion"},{"floor":20,"key":"SteroidPotion"},{"floor":23,"key":"SkillPotion"},{"floor":30,"key":"Explosive Potion"},{"floor":37,"key":"SkillPotion"},{"floor":47,"key":"Weak Potion"},{"floor":48,"key":"Dexterity Potion"}],"is_trial":true,"path_per_floor":["M","M","M","M","?","R","E","R","T","R","E","M","?","E","R","B",null,"M","M","M","?","T","E","M","M","T","M","$","?","M","?","R","B",null,"M","$","?","$","M","R","E","?","T","M","R","E","M","M","R","B","B",null,"R","$","E","B",null],"character_chosen":"THE_SILENT","items_purchased":["Bandage Up+1","Reflex+1","Medical Kit","Tactician+1"],"campfire_rested":6,"item_purchase_floors":[28,36,36,54],"current_hp_per_floor":[58,49,49,31,26,26,3,22,22,41,41,35,35,16,16,16,54,66,66,66,66,66,53,53,53,53,53,53,53,53,53,53,62,65,65,65,65,65,65,66,66,66,66,66,66,66,66,47,66,66,66,66,66,66,66,56],"gold":62,"neow_bonus":"","is_prod":false,"is_daily":false,"chose_seed":false,"campfire_upgraded":2,"win_rate":0,"timestamp":1560451696,"path_taken":["M","M","M","M","?","R","E","R","T","R","E","M","?","E","R","BOSS","M","M","M","?","?","E","M","M","T","M","$","?","M","?","R","BOSS","M","$","?","$","M","R","E","?","T","M","R","E","M","M","R","BOSS","BOSS","R","$","E","BOSS"],"build_version":"2019-01-23","purchased_purges":4,"victory":true,"max_hp_per_floor":[66,66,66,66,66,66,66,66,66,66,66,66,66,66,66,66,66,66,66,66,66,66,66,66,66,66,66,66,66,66,66,66,66,66,66,66,66,66,66,66,66,66,66,66,66,66,66,66,66,66,66,66,66,66,66,66],"card_choices":[{"not_picked":["Bane","Prepared+1"],"picked":"Deadly Poison+1","floor":1},{"not_picked":["Sucker Punch","Accuracy"],"picked":"Deflect+1","floor":2},{"not_picked":["Quick Slash","Caltrops"],"picked":"Calculated Gamble+1","floor":3},{"not_picked":["Finisher","Bane"],"picked":"Adrenaline+1","floor":4},{"not_picked":["Expertise+1","Dagger Throw"],"picked":"Blur+1","floor":7},{"not_picked":["Sucker Punch","Blade Dance+1"],"picked":"After Image","floor":11},{"not_picked":["PiercingWail+1","Well Laid Plans"],"picked":"Prepared+1","floor":12},{"not_picked":["Calculated Gamble+1","Deflect+1"],"picked":"Malaise+1","floor":14},{"not_picked":["Storm of Steel+1","Envenom"],"picked":"Adrenaline+1","floor":16},{"not_picked":["Dagger Throw+1","Poisoned Stab"],"picked":"Cloak And Dagger+1","floor":18},{"not_picked":["Poisoned Stab","Expertise+1","Slice"],"picked":"SKIP","floor":19},{"not_picked":["Underhanded Strike","Poisoned Stab","Sucker Punch"],"picked":"SKIP","floor":20},{"not_picked":["Masterful Stab","Dodge and Roll+1","Tools of the Trade"],"picked":"SKIP","floor":23},{"not_picked":["Predator","All Out Attack"],"picked":"Terror+1","floor":24},{"not_picked":["Poisoned Stab","Underhanded Strike+1"],"picked":"Choke+1","floor":25},{"not_picked":["Finisher","All Out Attack","Cloak And Dagger+1"],"picked":"SKIP","floor":27},{"not_picked":["Blade Dance+1","Poisoned Stab","Deflect+1"],"picked":"SKIP","floor":30},{"not_picked":["Storm of Steel+1","Phantasmal Killer+1"],"picked":"Night Terror+1","floor":33},{"not_picked":["Footwork","Underhanded Strike"],"picked":"Backflip+1","floor":35},{"not_picked":["Dagger Spray+1","Blade Dance+1"],"picked":"Bouncing Flask+1","floor":39},{"not_picked":["Flying Knee","Deflect+1"],"picked":"Escape Plan+1","floor":41},{"not_picked":["Accuracy","Outmaneuver+1"],"picked":"PiercingWail+1","floor":44},{"not_picked":["Envenom","Prepared+1","PiercingWail+1"],"picked":"SKIP","floor":46},{"not_picked":["Cloak And Dagger+1","Underhanded Strike","Crippling Poison+1"],"picked":"SKIP","floor":47},{"not_picked":["Deflect+1","Footwork"],"picked":"Acrobatics+1","floor":48},{"not_picked":["Blade Dance+1","Storm of Steel+1","Dagger Throw"],"picked":"SKIP","floor":55}],"player_experience":5356731,"relics_obtained":[{"floor":7,"key":"Omamori"},{"floor":9,"key":"Lantern"},{"floor":11,"key":"Juzu Bracelet"},{"floor":14,"key":"Bag of Preparation"},{"floor":22,"key":"Smiling Mask"},{"floor":23,"key":"Ginger"},{"floor":26,"key":"Tiny Chest"},{"floor":41,"key":"Blood Vial"},{"floor":46,"key":"Mummified Hand"},{"floor":55,"key":"Snake Skull"}],"event_choices":[{"damage_healed":0,"gold_gain":0,"player_choice":"Success","damage_taken":5,"relics_obtained":["War Paint"],"max_hp_gain":0,"max_hp_loss":0,"event_name":"Scrap Ooze","floor":5,"gold_loss":0},{"cards_removed":["Defend_G"],"damage_healed":0,"gold_gain":0,"player_choice":"Forget","damage_taken":0,"max_hp_gain":0,"max_hp_loss":0,"event_name":"Living Wall","floor":13,"gold_loss":0},{"damage_healed":0,"gold_gain":0,"cards_transformed":["Defend_G","Defend_G"],"player_choice":"Became Test Subject","damage_taken":0,"max_hp_gain":0,"max_hp_loss":0,"event_name":"Drug Dealer","floor":21,"gold_loss":0,"cards_obtained":["Quick Slash","Acrobatics"]},{"damage_healed":0,"gold_gain":0,"player_choice":"Obtained Relic","damage_taken":0,"relics_obtained":["Regal Pillow"],"max_hp_gain":0,"max_hp_loss":0,"event_name":"Addict","floor":29,"gold_loss":85},{"cards_removed":["Strike_G"],"damage_healed":0,"gold_gain":0,"player_choice":"Elegance","damage_taken":0,"max_hp_gain":0,"max_hp_loss":0,"event_name":"Back to Basics","floor":31,"gold_loss":0},{"damage_healed":0,"gold_gain":0,"player_choice":"Bought 3 Potions","damage_taken":0,"max_hp_gain":0,"max_hp_loss":0,"event_name":"The Woman in Blue","floor":37,"gold_loss":0},{"damage_healed":13,"gold_gain":0,"player_choice":"Writhe","damage_taken":0,"max_hp_gain":0,"max_hp_loss":0,"event_name":"Winding Halls","floor":42,"gold_loss":0,"cards_obtained":["Writhe"]}],"is_beta":false,"boss_relics":[{"not_picked":["WristBlade","White Beast Statue"],"picked":"Fusion Hammer"},{"not_picked":["Ring of the Serpent","Snecko Eye"],"picked":"Cursed Key"}],"items_purged_floors":[28,36,38,54],"is_endless":false,"potions_floor_spawned":[2,4,7,12,14,20,23,27,30,33,39,47,48],"ascension_level":20}