{"gold_per_floor":[144,144,144,189,234,324,324,369,369,414,459,504,504,19,19,319,319,364,364,409,409],"floor_reached":21,"playtime":1981,"items_purged":[],"score":183,"play_id":"0e8b9f3a-b70f-44be-a2df-a090e8f8f949","local_time":"20181227143551","daily_mods":["Heirloom","Uncertain Future","Midas"],"is_ascension_mode":false,"campfire_choices":[{"floor":7,"key":"REST"},{"floor":13,"key":"REST"},{"floor":15,"key":"REST"}],"neow_cost":"","seed_source_timestamp":0,"circlet_count":0,"master_deck":["Strike_R","Strike_R","Strike_R+1","Strike_R+1","Strike_R","Defend_R","Bash","Rage","Havoc","Havoc","Demon Form","Shrug It Off","Clash","Heavy Blade","Warcry","Immolate","Headbutt","Spot Weakness","Armaments","Limit Break","Seeing Red","Havoc+1"],"special_seed":17892,"relics":["Burning Blood","Charon\u0027s Ashes","Dream Catcher","StoneCalendar","Frozen Eye","Ornamental Fan","Empty Cage","NlothsMask"],"potions_floor_usage":[16,16],"damage_taken":[{"damage":11,"enemies":"Jaw Worm","floor":1,"turns":4},{"damage":10,"enemies":"Small Slimes","floor":4,"turns":4},{"damage":1,"enemies":"Cultist","floor":5,"turns":3},{"damage":31,"enemies":"Gremlin Nob","floor":6,"turns":4},{"damage":0,"enemies":"Exordium Wildlife","floor":8,"turns":3},{"damage":4,"enemies":"Large Slime","floor":10,"turns":5},{"damage":0,"enemies":"Exordium Thugs","floor":11,"turns":4},{"damage":0,"enemies":"3 Louse","floor":12,"turns":1},{"damage":41,"enemies":"The Guardian","floor":16,"turns":8},{"damage":31,"enemies":"3 Byrds","floor":18,"turns":5},{"damage":31,"enemies":"Spheric Guardian","floor":20,"turns":5},{"damage":30,"enemies":"Snecko","floor":21,"turns":3}],"seed_played":"-1575734639931517173","potions_obtained":[{"floor":6,"key":"SteroidPotion"},{"floor":8,"key":"Strength Potion"},{"floor":11,"key":"Explosive Potion"},{"floor":16,"key":"FearPotion"},{"floor":20,"key":"Explosive Potion"}],"is_trial":false,"path_per_floor":["M","?","?","M","M","E","R","M","T","M","M","M","R","$","R","B",null,"M","?","M","M"],"character_chosen":"IRONCLAD","items_purchased":["Spot Weakness","Frozen Eye","Ornamental Fan"],"campfire_rested":3,"item_purchase_floors":[14,14,14],"current_hp_per_floor":[75,59,59,55,60,35,59,65,65,67,73,79,80,80,80,45,80,55,55,30,0],"gold":409,"neow_bonus":"","is_prod":false,"is_daily":true,"chose_seed":false,"campfire_upgraded":0,"win_rate":0.0,"timestamp":1545939351,"path_taken":["M","?","?","?","M","E","R","M","T","M","M","M","R","$","R","BOSS","M","?","M","M"],"build_version":"2018-12-20","purchased_purges":0,"victory":false,"max_hp_per_floor":[80,80,80,80,80,80,80,80,80,80,80,80,80,80,80,80,80,80,80,80,80],"card_choices":[{"not_picked":["True Grit","Armaments"],"picked":"Rage","floor":1},{"not_picked":["Shockwave","Cleave"],"picked":"Havoc","floor":4},{"not_picked":["Warcry","Flex"],"picked":"Havoc","floor":5},{"not_picked":["Metallicize","Pommel Strike"],"picked":"Demon Form","floor":6},{"not_picked":["Flex","Headbutt"],"picked":"Shrug It Off","floor":7},{"not_picked":["Iron Wave","Perfected Strike"],"picked":"Clash","floor":8},{"not_picked":["Warcry","Iron Wave"],"picked":"Heavy Blade","floor":10},{"not_picked":["Thunderclap","Twin Strike"],"picked":"Warcry","floor":11},{"not_picked":["Sword Boomerang","Shrug It Off"],"picked":"Immolate","floor":12},{"not_picked":["Rupture","Wild Strike"],"picked":"Headbutt","floor":13},{"not_picked":["Iron Wave","Metallicize"],"picked":"Armaments","floor":15},{"not_picked":["Fiend Fire","Demon Form"],"picked":"Limit Break","floor":16},{"not_picked":["Wild Strike","Perfected Strike"],"picked":"Seeing Red","floor":18},{"not_picked":["Sentinel","Heavy Blade"],"picked":"Havoc+1","floor":20}],"player_experience":13301,"relics_obtained":[{"floor":6,"key":"Dream Catcher"},{"floor":9,"key":"StoneCalendar"}],"event_choices":[{"damage_healed":0,"gold_gain":0,"player_choice":"Entered Light","damage_taken":16,"max_hp_gain":0,"max_hp_loss":0,"event_name":"Shining Light","floor":2,"gold_loss":0,"cards_upgraded":["Strike_R","Strike_R"]},{"cards_removed":["Defend_R"],"damage_healed":0,"gold_gain":0,"player_choice":"Forget","damage_taken":0,"max_hp_gain":0,"max_hp_loss":0,"event_name":"Living Wall","floor":3,"gold_loss":0},{"damage_healed":0,"gold_gain":0,"player_choice":"Trade","damage_taken":0,"relics_obtained":["NlothsMask"],"max_hp_gain":0,"max_hp_loss":0,"event_name":"FaceTrader","floor":19,"gold_loss":0}],"is_beta":false,"boss_relics":[{"not_picked":["Runic Dome","Orrery"],"picked":"Empty Cage"}],"items_purged_floors":[],"is_endless":false,"potions_floor_spawned":[6,8,11,16,20],"killed_by":"Snecko","ascension_level":0}