{"gold_per_floor":[118,128,147,147,162,162,175,202,226,238,255,255,270,302,302,377,377,395,395,395,406,72,72,90,90,90,90,108,108,108],"floor_reached":30,"playtime":943,"items_purged":["Bite"],"score":513,"play_id":"314e2fd7-0a7b-4de7-b1a6-85044ea4122b","local_time":"20190703022500","is_ascension_mode":true,"campfire_choices":[{"floor":6,"key":"REST"},{"floor":12,"key":"REST"},{"floor":15,"key":"REST"},{"data":"Fission","floor":23,"key":"SMITH"},{"data":"Bite","floor":25,"key":"SMITH"},{"data":"Bite","floor":27,"key":"SMITH"}],"neow_cost":"PERCENT_DAMAGE","seed_source_timestamp":12269848455000,"circlet_count":0,"master_deck":["AscendersBane","Defend_B","Defend_B","Defend_B","Defend_B","Zap","Dualcast","Melter","Sweeping Beam","Leap","Compile Driver","Barrage","White Noise","Streamline","Sunder","White Noise","Darkness","Steam","Fission+1","Recycle","Bite+1","Bite+1","Bite","Bite","Blind","Chill"],"relics":["FrozenCore","Happy Flower","Dream Catcher","Juzu Bracelet","Bag of Preparation"],"potions_floor_usage":[8,8,10,14,29,30],"damage_taken":[{"damage":0,"enemies":"Small Slimes","floor":1,"turns":2},{"damage":1,"enemies":"2 Louse","floor":2,"turns":3},{"damage":1,"enemies":"Cultist","floor":3,"turns":3},{"damage":9,"enemies":"3 Louse","floor":5,"turns":4},{"damage":6,"enemies":"Exordium Wildlife","floor":7,"turns":4},{"damage":32,"enemies":"Gremlin Nob","floor":8,"turns":4},{"damage":12,"enemies":"Exordium Thugs","floor":10,"turns":4},{"damage":17,"enemies":"Lots of Slimes","floor":11,"turns":4},{"damage":0,"enemies":"Exordium Wildlife","floor":13,"turns":2},{"damage":25,"enemies":"Lagavulin","floor":14,"turns":5},{"damage":23,"enemies":"The Guardian","floor":16,"turns":11},{"damage":16,"enemies":"Shell Parasite","floor":18,"turns":6},{"damage":37,"enemies":"Chosen","floor":21,"turns":8},{"damage":0,"enemies":"Snecko","floor":24,"turns":6},{"damage":29,"enemies":"Snake Plant","floor":28,"turns":4},{"damage":18,"enemies":"Colosseum Slavers","floor":29,"turns":14},{"damage":38,"enemies":"Slavers","floor":30,"turns":3}],"seed_played":"4061821778101322706","potions_obtained":[{"floor":1,"key":"AttackPotion"},{"floor":5,"key":"SkillPotion"},{"floor":8,"key":"Fire Potion"},{"floor":10,"key":"PowerPotion"},{"floor":16,"key":"FocusPotion"},{"floor":21,"key":"LiquidBronze"}],"is_trial":false,"path_per_floor":["M","M","M","?","M","R","M","E","T","M","M","R","M","E","R","B",null,"M","?","?","M","$","R","M","R","T","R","M","?","E"],"character_chosen":"DEFECT","items_purchased":["Bag of Preparation","Blind"],"campfire_rested":3,"item_purchase_floors":[22,22],"current_hp_per_floor":[60,59,58,58,49,74,68,36,36,24,7,32,32,7,32,9,66,50,50,50,27,27,27,39,39,39,39,20,27,0],"gold":108,"neow_bonus":"TWENTY_PERCENT_HP_BONUS","is_prod":false,"is_daily":false,"chose_seed":false,"campfire_upgraded":3,"win_rate":0,"timestamp":1562088300,"path_taken":["M","M","M","?","M","R","M","E","T","M","M","R","M","E","R","BOSS","M","?","?","M","$","R","M","R","T","R","M","?","E"],"build_version":"2019-07-01","purchased_purges":1,"victory":false,"max_hp_per_floor":[85,85,85,85,85,85,85,85,85,85,85,85,85,85,85,85,85,85,85,59,59,59,59,59,59,59,59,59,59,59],"card_choices":[{"not_picked":["Aggregate","Force Field","Hello World"],"picked":"SKIP","floor":1},{"not_picked":["Cold Snap","Rebound"],"picked":"Melter","floor":2},{"not_picked":["Hologram","Gash"],"picked":"Sweeping Beam","floor":3},{"not_picked":["Double Energy","Recycle"],"picked":"Compile Driver","floor":5},{"not_picked":["Auto Shields","Steam Power"],"picked":"Barrage","floor":7},{"not_picked":["Multi-Cast","Leap"],"picked":"White Noise","floor":8},{"not_picked":["Beam Cell","Go for the Eyes"],"picked":"Streamline","floor":10},{"not_picked":["Barrage","Storm"],"picked":"Sunder","floor":11},{"not_picked":["Rebound","Machine Learning"],"picked":"White Noise","floor":13},{"not_picked":["Coolheaded","Barrage"],"picked":"Darkness","floor":14},{"not_picked":["Gash","Doom and Gloom"],"picked":"Steam","floor":15},{"not_picked":["Reboot","Hyperbeam"],"picked":"Fission","floor":16},{"not_picked":["Barrage","Reprogram","Turbo"],"picked":"SKIP","floor":18},{"not_picked":["Rebound+1","Redo","Sweeping Beam"],"picked":"SKIP","floor":21},{"not_picked":["Melter","Turbo","Go for the Eyes"],"picked":"SKIP","floor":24},{"not_picked":["Sweeping Beam","Fission"],"picked":"Chill","floor":28}],"player_experience":5566727,"relics_obtained":[{"floor":8,"key":"Happy Flower"},{"floor":9,"key":"Dream Catcher"},{"floor":14,"key":"Juzu Bracelet"}],"event_choices":[{"damage_healed":0,"gold_gain":0,"cards_transformed":["Strike_B"],"player_choice":"Change","damage_taken":0,"max_hp_gain":0,"max_hp_loss":0,"event_name":"Living Wall","floor":4,"gold_loss":0,"cards_obtained":["Leap"]},{"damage_healed":0,"gold_gain":0,"player_choice":"1 cards matched","damage_taken":0,"max_hp_gain":0,"max_hp_loss":0,"event_name":"Match and Keep!","floor":19,"gold_loss":0,"cards_obtained":["Recycle"]},{"damage_healed":0,"gold_gain":0,"player_choice":"Became a vampire","damage_taken":0,"max_hp_gain":0,"max_hp_loss":26,"event_name":"Vampires","floor":20,"gold_loss":0,"cards_obtained":["Bite","Bite","Bite","Bite","Bite"]},{"damage_healed":0,"gold_gain":0,"player_choice":"Fight","damage_taken":0,"max_hp_gain":0,"max_hp_loss":0,"event_name":"Colosseum","floor":29,"gold_loss":0},{"damage_healed":0,"gold_gain":0,"player_choice":"Fled From Nobs","damage_taken":0,"max_hp_gain":0,"max_hp_loss":0,"event_name":"Colosseum","floor":29,"gold_loss":0}],"is_beta":false,"boss_relics":[{"not_picked":["Runic Dome","Coffee Dripper"],"picked":"FrozenCore"}],"items_purged_floors":[22],"is_endless":false,"potions_floor_spawned":[1,5,8,10,16,21,24],"killed_by":"Slavers","ascension_level":20}