{"gold_per_floor":[114,132,57,68,87,87,118,118,118,150,167,183,183,196,196,299,299,316,331,342,361,83,83,116,116,139,152,152,177,177,211,211,308,308,318,318,328,328,344,344,14,14,38,104,134,21,21,32,32,32],"floor_reached":50,"playtime":4381,"items_purged":["Normality","Defend_G","Strike_G"],"score":649,"play_id":"6a6d01ef-802a-4fcf-b4b8-360dcedf66a1","local_time":"20190318114331","is_ascension_mode":true,"campfire_choices":[{"data":"Wraith Form v2","floor":6,"key":"SMITH"},{"floor":8,"key":"REST"},{"data":"Caltrops","floor":15,"key":"SMITH"},{"floor":23,"key":"REST"},{"data":"Glass Knife","floor":28,"key":"SMITH"},{"floor":30,"key":"REST"},{"floor":32,"key":"REST"},{"data":"Wraith Form v2","floor":40,"key":"SMITH"},{"data":"Footwork","floor":47,"key":"SMITH"},{"floor":49,"key":"REST"}],"neow_cost":"CURSE","seed_source_timestamp":70886893454708,"circlet_count":0,"master_deck":["Defend_G","Defend_G","Defend_G","Defend_G","Strike_G","Strike_G","Survivor","Neutralize","Slice","Blur","Footwork+1","Wraith Form v2+1","Unload","Noxious Fumes","Prepared","Caltrops+1","Glass Knife","Caltrops+1","Dagger Throw+1","Glass Knife+1","Unload","Backflip+1","Unload","Wraith Form v2+1","Well Laid Plans","Finisher+1"],"relics":["Ring of the Snake","StoneCalendar","FossilizedHelix","Mummified Hand","Question Card","Velvet Choker","HandDrill","Lantern","Pen Nib","Potion Belt","Oddly Smooth Stone","White Beast Statue","Bag of Marbles","MawBank","Unceasing Top"],"potions_floor_usage":[7,10,20,20,29,45,50,50,50,50,50],"damage_taken":[{"damage":20,"enemies":"Cultist","floor":1,"turns":5},{"damage":3,"enemies":"2 Louse","floor":2,"turns":4},{"damage":8,"enemies":"Jaw Worm","floor":4,"turns":7},{"damage":2,"enemies":"Red Slaver","floor":5,"turns":6},{"damage":13,"enemies":"Lagavulin","floor":7,"turns":7},{"damage":1,"enemies":"Gremlin Nob","floor":10,"turns":6},{"damage":0,"enemies":"Large Slime","floor":11,"turns":6},{"damage":0,"enemies":"Blue Slaver","floor":12,"turns":4},{"damage":8,"enemies":"Exordium Wildlife","floor":14,"turns":6},{"damage":14,"enemies":"The Guardian","floor":16,"turns":10},{"damage":17,"enemies":"2 Thieves","floor":18,"turns":5},{"damage":0,"enemies":"Spheric Guardian","floor":19,"turns":4},{"damage":12,"enemies":"Centurion and Healer","floor":20,"turns":7},{"damage":31,"enemies":"Snake Plant","floor":21,"turns":4},{"damage":25,"enemies":"Book of Stabbing","floor":24,"turns":5},{"damage":21,"enemies":"Cultist and Chosen","floor":27,"turns":5},{"damage":46,"enemies":"Gremlin Leader","floor":29,"turns":5},{"damage":3,"enemies":"Slavers","floor":31,"turns":5},{"damage":0,"enemies":"Champ","floor":33,"turns":10},{"damage":1,"enemies":"Orb Walker","floor":35,"turns":3},{"damage":25,"enemies":"3 Darklings","floor":37,"turns":4},{"damage":4,"enemies":"4 Shapes","floor":39,"turns":7},{"damage":0,"enemies":"2 Orb Walkers","floor":44,"turns":5},{"damage":0,"enemies":"Spire Growth","floor":45,"turns":5},{"damage":0,"enemies":"Transient","floor":48,"turns":5},{"damage":70,"enemies":"Awakened One","floor":50,"turns":13}],"seed_played":"-7427808075440418760","potions_obtained":[{"floor":2,"key":"Explosive Potion"},{"floor":5,"key":"Strength Potion"},{"floor":10,"key":"Fruit Juice"},{"floor":11,"key":"GamblersBrew"},{"floor":12,"key":"Energy Potion"},{"floor":14,"key":"FearPotion"},{"floor":18,"key":"Fire Potion"},{"floor":21,"key":"SpeedPotion"},{"floor":27,"key":"FearPotion"},{"floor":29,"key":"AttackPotion"},{"floor":35,"key":"Strength Potion"},{"floor":37,"key":"FearPotion"},{"floor":39,"key":"Explosive Potion"},{"floor":45,"key":"GhostInAJar"},{"floor":48,"key":"SkillPotion"}],"is_trial":false,"path_per_floor":["M","M","$","M","M","R","E","R","T","E","M","M","?","M","R","B",null,"M","M","M","M","$","R","E","?","T","M","R","E","R","E","R","B",null,"M","?","M","?","M","R","$","?","T","?","M","$","R","M","R","B"],"character_chosen":"THE_SILENT","items_purchased":["Glass Knife","HandDrill","Well Laid Plans","Bag of Marbles"],"campfire_rested":5,"item_purchase_floors":[22,22,41,41],"current_hp_per_floor":[50,47,47,39,37,37,24,45,45,49,49,49,49,41,41,27,75,58,58,46,15,15,37,12,75,75,54,54,8,30,27,49,49,75,74,74,49,49,45,45,45,45,45,45,45,45,45,45,66,0],"gold":32,"neow_bonus":"ONE_RARE_RELIC","is_prod":false,"is_daily":false,"chose_seed":false,"campfire_upgraded":5,"win_rate":0,"timestamp":1552923811,"path_taken":["M","?","?","?","M","R","E","R","T","E","M","M","?","?","R","BOSS","M","M","M","M","$","R","E","?","T","M","R","E","R","E","R","BOSS","M","?","M","?","M","R","$","?","T","?","?","$","R","M","R","BOSS"],"build_version":"2019-01-23","purchased_purges":3,"victory":false,"max_hp_per_floor":[70,70,70,70,70,70,70,70,70,75,75,75,75,75,75,75,75,75,75,75,75,75,75,75,75,75,75,75,75,75,75,75,75,75,75,75,75,75,75,75,75,71,71,71,71,71,71,71,71,71],"card_choices":[{"not_picked":["Bane","Outmaneuver"],"picked":"Slice","floor":1},{"not_picked":["Flying Knee","Slice"],"picked":"Blur","floor":2},{"not_picked":["All Out Attack","Deadly Poison"],"picked":"Footwork","floor":4},{"not_picked":["Quick Slash","Flying Knee"],"picked":"Wraith Form v2","floor":5},{"not_picked":["Tactician","Sucker Punch"],"picked":"Unload","floor":7},{"not_picked":["Blur","Tactician"],"picked":"Noxious Fumes","floor":10},{"not_picked":["PiercingWail","Deflect","Noxious Fumes"],"picked":"Prepared","floor":11},{"not_picked":["PiercingWail","Blade Dance","Slice","Flying Knee"],"picked":"SKIP","floor":12},{"not_picked":["Dash","Flying Knee","Dagger Throw"],"picked":"Caltrops","floor":14},{"not_picked":["Tools of the Trade","Wraith Form v2","Malaise"],"picked":"Glass Knife","floor":16},{"not_picked":["Outmaneuver","Quick Slash+1","Eviscerate"],"picked":"Caltrops+1","floor":18},{"not_picked":["Masterful Stab","Predator","Backflip","Poisoned Stab"],"picked":"SKIP","floor":19},{"not_picked":["Flying Knee","Dodge and Roll","Slice"],"picked":"Dagger Throw+1","floor":20},{"not_picked":["Acrobatics","Flying Knee","Quick Slash","Bouncing Flask"],"picked":"SKIP","floor":21},{"not_picked":["Endless Agony","Dodge and Roll","Prepared"],"picked":"Unload","floor":24},{"not_picked":["Outmaneuver","Poisoned Stab","Cloak And Dagger"],"picked":"Backflip+1","floor":27},{"not_picked":["Deflect","Dagger Spray","Terror+1"],"picked":"Unload","floor":29},{"not_picked":["Blade Dance+1","Slice","After Image","Bouncing Flask"],"picked":"SKIP","floor":31},{"not_picked":["Tools of the Trade","After Image","Corpse Explosion"],"picked":"Wraith Form v2","floor":33},{"not_picked":["Outmaneuver","Dodge and Roll","Prepared+1","Dagger Throw+1"],"picked":"SKIP","floor":35},{"not_picked":["Deflect","Poisoned Stab","Quick Slash+1","Dagger Throw"],"picked":"SKIP","floor":37},{"not_picked":["Quick Slash+1","Tactician","Outmaneuver+1","Concentrate+1"],"picked":"SKIP","floor":39},{"not_picked":["Prepared","Sucker Punch","Dagger Spray","Night Terror"],"picked":"SKIP","floor":45},{"not_picked":["Endless Agony+1","Dagger Spray","Quick Slash+1"],"picked":"Finisher+1","floor":48}],"player_experience":123825,"relics_obtained":[{"floor":7,"key":"FossilizedHelix"},{"floor":9,"key":"Mummified Hand"},{"floor":10,"key":"Question Card"},{"floor":24,"key":"Lantern"},{"floor":26,"key":"Pen Nib"},{"floor":29,"key":"Potion Belt"},{"floor":31,"key":"Oddly Smooth Stone"},{"floor":43,"key":"MawBank"},{"floor":44,"key":"Unceasing Top"}],"event_choices":[{"cards_removed":["Strike_G"],"damage_healed":0,"gold_gain":0,"player_choice":"Offered Basic","damage_taken":0,"max_hp_gain":0,"max_hp_loss":0,"event_name":"Bonfire Elementals","floor":13,"gold_loss":0},{"damage_healed":63,"gold_gain":0,"player_choice":"Full Heal","damage_taken":0,"max_hp_gain":0,"max_hp_loss":0,"event_name":"Wheel of Change","floor":25,"gold_loss":0},{"damage_healed":0,"gold_gain":0,"player_choice":"Ignored","damage_taken":0,"max_hp_gain":0,"max_hp_loss":0,"event_name":"Tomb of Lord Red Mask","floor":36,"gold_loss":0},{"cards_removed":["Strike_G"],"damage_healed":0,"gold_gain":0,"player_choice":"Removed Attack","damage_taken":0,"max_hp_gain":0,"max_hp_loss":0,"event_name":"Falling","floor":38,"gold_loss":0},{"damage_healed":0,"gold_gain":0,"player_choice":"Max HP","damage_taken":0,"max_hp_gain":0,"max_hp_loss":4,"event_name":"Winding Halls","floor":42,"gold_loss":0},{"damage_healed":0,"gold_gain":0,"player_choice":"Fight","damage_taken":0,"max_hp_gain":0,"max_hp_loss":0,"event_name":"Mysterious Sphere","floor":44,"gold_loss":0}],"is_beta":false,"boss_relics":[{"not_picked":["HoveringKite","Philosopher\u0027s Stone"],"picked":"Velvet Choker"},{"not_picked":["Astrolabe","Pandora\u0027s Box"],"picked":"White Beast Statue"}],"items_purged_floors":[3,41,46],"is_endless":false,"potions_floor_spawned":[2,5,10,11,12,14,18,21,27,29,35,37,39,44,45,48],"killed_by":"Awakened One","ascension_level":3}