{"gold_per_floor":[117,136,156,175,175,175,214,214,238,85,105,144,144,157,157,253,253,268,268,1,16,29,29,70,70],"floor_reached":25,"playtime":987,"items_purged":["Defend_B","Strike_B"],"score":466,"play_id":"8aac0774-8d14-400a-9533-fcb8e0b732d3","local_time":"20190714031706","is_ascension_mode":true,"campfire_choices":[{"floor":6,"key":"REST"},{"floor":8,"key":"REST"},{"data":"White Noise","floor":13,"key":"SMITH"},{"data":"Capacitor","floor":15,"key":"SMITH"},{"floor":23,"key":"REST"}],"neow_cost":"NONE","seed_source_timestamp":292849624941000,"circlet_count":0,"master_deck":["AscendersBane","Strike_B","Defend_B","Defend_B","Defend_B","Zap","Dualcast","Coolheaded","Go for the Eyes","Glacier","Rebound","Ball Lightning","Leap+1","Gash","Hyperbeam","White Noise+1","Capacitor+1","Seek+1","Barrage","RitualDagger","Doom and Gloom"],"relics":["Cracked Core","DataDisk","Golden Idol","Bag of Marbles","Happy Flower","Empty Cage","War Paint","Pear"],"potions_floor_usage":[7,12,18,24],"damage_taken":[{"damage":5,"enemies":"Small Slimes","floor":1,"turns":3},{"damage":7,"enemies":"Jaw Worm","floor":2,"turns":3},{"damage":1,"enemies":"2 Louse","floor":3,"turns":2},{"damage":33,"enemies":"Gremlin Gang","floor":4,"turns":4},{"damage":19,"enemies":"3 Sentries","floor":7,"turns":16},{"damage":1,"enemies":"Large Slime","floor":11,"turns":4},{"damage":5,"enemies":"Gremlin Nob","floor":12,"turns":3},{"damage":0,"enemies":"Lots of Slimes","floor":14,"turns":1},{"damage":3,"enemies":"The Guardian","floor":16,"turns":11},{"damage":0,"enemies":"Spheric Guardian","floor":18,"turns":3},{"damage":3,"enemies":"Chosen","floor":21,"turns":5},{"damage":20,"enemies":"Snecko","floor":22,"turns":6},{"damage":41,"enemies":"Gremlin Leader","floor":24,"turns":7},{"damage":23,"enemies":"Sentry and Sphere","floor":25,"turns":3}],"seed_played":"-2587346492194702022","potions_obtained":[{"floor":1,"key":"Strength Potion"},{"floor":4,"key":"SkillPotion"},{"floor":12,"key":"Swift Potion"},{"floor":16,"key":"Energy Potion"},{"floor":22,"key":"Poison Potion"}],"is_trial":false,"path_per_floor":["M","M","M","M","?","R","E","R","T","$","M","E","R","M","R","B",null,"M","?","$","M","M","R","E","M"],"character_chosen":"DEFECT","items_purchased":["Leap","Gash","War Paint"],"campfire_rested":3,"item_purchase_floors":[10,10,20],"current_hp_per_floor":[59,52,51,18,18,37,18,37,37,37,36,31,31,31,31,28,55,55,49,49,46,26,45,14,0],"gold":70,"neow_bonus":"RANDOM_COMMON_RELIC","is_prod":false,"is_daily":false,"chose_seed":false,"campfire_upgraded":2,"win_rate":0,"timestamp":1563041826,"path_taken":["M","M","M","M","?","R","E","R","T","$","M","E","R","M","R","BOSS","M","?","$","M","M","R","E","M"],"build_version":"2019-07-05","purchased_purges":2,"victory":false,"max_hp_per_floor":[71,71,71,71,64,64,64,64,64,64,64,64,64,64,64,64,64,64,64,64,64,64,64,74,74],"card_choices":[{"not_picked":["Gash","Force Field"],"picked":"Coolheaded","floor":1},{"not_picked":["Scrape","Blizzard"],"picked":"Go for the Eyes","floor":2},{"not_picked":["Beam Cell","Rebound"],"picked":"Glacier","floor":3},{"not_picked":["Compile Driver","Go for the Eyes"],"picked":"Rebound","floor":4},{"not_picked":["Blizzard","Hello World"],"picked":"Ball Lightning","floor":7},{"not_picked":["Leap","Conserve Battery"],"picked":"Hyperbeam","floor":11},{"not_picked":["Ball Lightning","Genetic Algorithm"],"picked":"White Noise","floor":12},{"not_picked":["Compile Driver","Rip and Tear"],"picked":"Capacitor","floor":14},{"not_picked":["Fission","Biased Cognition"],"picked":"Seek","floor":16},{"not_picked":["Ball Lightning","Turbo+1"],"picked":"Barrage","floor":18},{"not_picked":["Barrage","Conserve Battery","Turbo"],"picked":"SKIP","floor":21},{"not_picked":["Rebound","Streamline","Steam"],"picked":"SKIP","floor":22},{"not_picked":["Storm","Stack"],"picked":"Doom and Gloom","floor":24}],"player_experience":5681902,"relics_obtained":[{"floor":7,"key":"Bag of Marbles"},{"floor":12,"key":"Happy Flower"},{"floor":24,"key":"Pear"}],"event_choices":[{"damage_healed":0,"gold_gain":0,"player_choice":"Lose Max HP","damage_taken":0,"relics_obtained":["Golden Idol"],"max_hp_gain":0,"max_hp_loss":7,"event_name":"Golden Idol","floor":5,"gold_loss":0},{"damage_healed":0,"gold_gain":0,"player_choice":"Joined the Cult","damage_taken":6,"max_hp_gain":0,"max_hp_loss":0,"event_name":"Nest","floor":19,"gold_loss":0,"cards_obtained":["RitualDagger"]}],"is_beta":false,"boss_relics":[{"not_picked":["Inserter","Calling Bell"],"picked":"Empty Cage"}],"items_purged_floors":[10,20],"is_endless":false,"potions_floor_spawned":[1,4,12,16,22],"killed_by":"Sentry and Sphere","ascension_level":20}