{"gold_per_floor":[109,123,123,48,62,62,73,73,73,93,93,143,143,163,163,241,241,258,274,149,167,167,167,42,42],"floor_reached":25,"playtime":644,"items_purged":["Defend_B","Defend_B","Strike_B"],"score":386,"play_id":"983e975d-e7a0-43f6-aff9-270a7dd07a79","local_time":"20190723020835","is_ascension_mode":true,"campfire_choices":[{"data":"Redo","floor":6,"key":"SMITH"},{"data":"Zap","floor":8,"key":"SMITH"},{"data":"Recycle","floor":11,"key":"SMITH"},{"data":"Dualcast","floor":13,"key":"SMITH"},{"data":"Ball Lightning","floor":15,"key":"SMITH"},{"data":"Coolheaded","floor":23,"key":"SMITH"}],"neow_cost":"PERCENT_DAMAGE","seed_source_timestamp":186320885797600,"circlet_count":0,"master_deck":["AscendersBane","Defend_B","Defend_B","Zap+1","Dualcast+1","Self Repair","Redo+1","Ball Lightning+1","Recycle+1","Undo","Thunder Strike","Coolheaded+1","Buffer"],"relics":["Cracked Core","Cursed Key"],"potions_floor_usage":[16,18,19,25],"damage_taken":[{"damage":2,"enemies":"Jaw Worm","floor":1,"turns":4},{"damage":3,"enemies":"Cultist","floor":2,"turns":5},{"damage":0,"enemies":"2 Louse","floor":5,"turns":1},{"damage":5,"enemies":"Exordium Wildlife","floor":7,"turns":3},{"damage":1,"enemies":"3 Louse","floor":10,"turns":2},{"damage":21,"enemies":"Large Slime","floor":14,"turns":4},{"damage":40,"enemies":"Slime Boss","floor":16,"turns":9},{"damage":0,"enemies":"Chosen","floor":18,"turns":4},{"damage":16,"enemies":"3 Byrds","floor":19,"turns":2},{"damage":13,"enemies":"Snecko","floor":21,"turns":4},{"damage":30,"enemies":"Slavers","floor":25,"turns":3}],"seed_played":"5822481850783621654","potions_obtained":[{"floor":1,"key":"LiquidBronze"},{"floor":10,"key":"FocusPotion"},{"floor":16,"key":"Swift Potion"},{"floor":19,"key":"SkillPotion"}],"is_trial":false,"path_per_floor":["M","M","?","$","M","R","M","R","T","M","R","?","R","M","R","B",null,"M","M","$","M","?","R","$","E"],"character_chosen":"DEFECT","items_purchased":["Coolheaded"],"campfire_rested":0,"item_purchase_floors":[20],"current_hp_per_floor":[44,48,48,48,48,48,50,50,50,56,56,56,56,42,42,9,56,63,54,54,48,28,28,28,0],"gold":42,"neow_bonus":"REMOVE_TWO","is_prod":false,"is_daily":false,"chose_seed":false,"campfire_upgraded":6,"win_rate":0,"timestamp":1563815315,"path_taken":["M","M","?","$","?","R","M","R","T","M","R","?","R","M","R","BOSS","M","?","$","M","?","R","$","E"],"build_version":"2019-07-17","purchased_purges":3,"victory":false,"max_hp_per_floor":[71,71,71,71,71,71,71,71,71,71,71,71,71,71,71,71,71,71,71,71,71,76,76,76,76],"card_choices":[{"not_picked":["Go for the Eyes","Sweeping Beam"],"picked":"Self Repair","floor":1},{"not_picked":["Conserve Battery","Machine Learning"],"picked":"Redo","floor":2},{"not_picked":["Loop","Leap"],"picked":"Ball Lightning","floor":5},{"not_picked":["Redo","Leap","Reprogram"],"picked":"SKIP","floor":7},{"not_picked":["Hologram","Loop"],"picked":"Recycle","floor":10},{"not_picked":["FTL","White Noise"],"picked":"Undo","floor":14},{"not_picked":["Biased Cognition","Machine Learning"],"picked":"Thunder Strike","floor":16},{"not_picked":["Turbo+1","Rebound+1","Steam"],"picked":"SKIP","floor":18},{"not_picked":["Beam Cell","Streamline","Redo"],"picked":"SKIP","floor":19},{"not_picked":["Ball Lightning","Consume"],"picked":"Buffer","floor":21}],"player_experience":5788064,"relics_obtained":[],"event_choices":[{"cards_removed":["Strike_B"],"damage_healed":0,"gold_gain":0,"player_choice":"Purged","damage_taken":0,"max_hp_gain":0,"max_hp_loss":0,"event_name":"Purifier","floor":3,"gold_loss":0},{"damage_healed":0,"gold_gain":50,"player_choice":"Pray","damage_taken":0,"max_hp_gain":0,"max_hp_loss":0,"event_name":"Golden Shrine","floor":12,"gold_loss":0},{"damage_healed":0,"gold_gain":0,"player_choice":"Shed Blood","damage_taken":25,"max_hp_gain":5,"max_hp_loss":0,"event_name":"Forgotten Altar","floor":22,"gold_loss":0}],"is_beta":false,"boss_relics":[{"not_picked":["Ectoplasm","Inserter"],"picked":"Cursed Key"}],"items_purged_floors":[4,20,24],"is_endless":false,"potions_floor_spawned":[1,10,14,16,19],"killed_by":"Slavers","ascension_level":20}