{"gold_per_floor":[117,131,150,162,179,179,212,53,103,103,132,9,9,23,23,97,97,115,129,129,129,4,4,23,39,39,39,55,55,70,84,84,161,161,173,192,203,228,238,238,271,286,286,301,301,331,331,331,331,331],"floor_reached":50,"playtime":2618,"items_purged":["Strike_B","Ball Lightning"],"score":1236,"play_id":"598be3c9-ca65-4a3b-b57d-9cdf59be46e7","local_time":"20190614021403","is_ascension_mode":true,"campfire_choices":[{"data":"Chaos","floor":6.0,"key":"SMITH"},{"data":"Dualcast","floor":10.0,"key":"SMITH"},{"floor":13.0,"key":"REST"},{"data":"Defragment","floor":15.0,"key":"SMITH"},{"data":"Fusion","floor":23.0,"key":"SMITH"},{"floor":27.0,"key":"REST"},{"data":"Loop","floor":32.0,"key":"SMITH"},{"floor":40.0,"key":"REST"},{"floor":45,"key":"REST"},{"floor":47,"key":"REST"},{"floor":49,"key":"RECALL"}],"neow_cost":"PERCENT_DAMAGE","seed_source_timestamp":1569302899290000,"circlet_count":0,"master_deck":["AscendersBane","Dualcast+1","Chaos+1","Multi-Cast","Sunder","Cold Snap","BootSequence","White Noise","Echo Form","Conserve Battery","FTL","Glacier","FTL","Defragment+1","Coolheaded","Fission","Echo Form","Sweeping Beam","Fusion+1","Chill","Conserve Battery","Compile Driver","Blizzard","Loop+1","Rainbow","Skim","Reinforced Body+1","Recycle+1","Capacitor","Hologram"],"special_seed":0,"relics":["Cracked Core","Kunai","Strawberry","Sundial","Pandora\u0027s Box","Happy Flower","Sozu","PreservedInsect","Orichalcum","Juzu Bracelet","Boot"],"potions_floor_usage":[],"damage_taken":[{"damage":0.0,"enemies":"Cultist","floor":1.0,"turns":4.0},{"damage":2.0,"enemies":"2 Louse","floor":2.0,"turns":2.0},{"damage":0.0,"enemies":"Small Slimes","floor":3.0,"turns":2.0},{"damage":2.0,"enemies":"Looter","floor":4.0,"turns":3.0},{"damage":6.0,"enemies":"Lots of Slimes","floor":5.0,"turns":3.0},{"damage":11.0,"enemies":"3 Sentries","floor":7.0,"turns":5.0},{"damage":31.0,"enemies":"Gremlin Nob","floor":11.0,"turns":4.0},{"damage":6.0,"enemies":"Red Slaver","floor":14.0,"turns":4.0},{"damage":3.0,"enemies":"The Guardian","floor":16.0,"turns":9.0},{"damage":1.0,"enemies":"Chosen","floor":18.0,"turns":8.0},{"damage":12.0,"enemies":"Shell Parasite","floor":19.0,"turns":5.0},{"damage":15.0,"enemies":"Colosseum Slavers","floor":20.0,"turns":3.0},{"damage":10.0,"enemies":"Snake Plant","floor":24.0,"turns":5.0},{"damage":3.0,"enemies":"3 Cultists","floor":25.0,"turns":9.0},{"damage":0.0,"enemies":"Snecko","floor":28.0,"turns":7.0},{"damage":4.0,"enemies":"Cultist and Chosen","floor":30.0,"turns":6.0},{"damage":12.0,"enemies":"Centurion and Healer","floor":31.0,"turns":8.0},{"damage":0.0,"enemies":"Champ","floor":33.0,"turns":10.0},{"damage":0.0,"enemies":"Orb Walker","floor":35.0,"turns":5.0},{"damage":1.0,"enemies":"3 Shapes","floor":36.0,"turns":7.0},{"damage":25.0,"enemies":"Writhing Mass","floor":37.0,"turns":9.0},{"damage":20.0,"enemies":"3 Darklings","floor":39.0,"turns":8.0},{"damage":8.0,"enemies":"Reptomancer","floor":41.0,"turns":6.0},{"damage":32.0,"enemies":"Jaw Worm Horde","floor":42.0,"turns":8.0},{"damage":0,"enemies":"Writhing Mass","floor":44,"turns":6},{"damage":0,"enemies":"Giant Head","floor":46,"turns":11},{"damage":62,"enemies":"Awakened One","floor":50,"turns":3}],"seed_played":"-4939863908417723252","potions_obtained":[{"floor":3.0,"key":"AttackPotion"},{"floor":5.0,"key":"SkillPotion"},{"floor":7.0,"key":"Dexterity Potion"},{"floor":14.0,"key":"Dexterity Potion"},{"floor":16.0,"key":"SpeedPotion"},{"floor":19.0,"key":"Weak Potion"},{"floor":24.0,"key":"FocusPotion"}],"is_trial":false,"path_per_floor":["M","M","M","M","M","R","E","$","T","R","E","$","R","M","R","B",null,"M","M","?","?","$","R","M","M","T","R","M","?","M","M","R","B",null,"M","M","M","T","M","R","E","M","T","M","R","E","R","T","R","B"],"character_chosen":"DEFECT","items_purchased":["FTL","FTL","Defragment","Compile Driver"],"campfire_rested":5,"item_purchase_floors":[8,12,12,22],"current_hp_per_floor":[46,44,44,42,36,36,25,25,32,32,1,1,24,18,18,15,62,61,49,34,34,34,34,24,21,21,44,44,44,40,28,28,28,66,66,65,40,40,20,43,35,3,3,3,26,26,49,49,49,0],"gold":331,"neow_bonus":"TRANSFORM_TWO_CARDS","is_prod":false,"is_daily":false,"chose_seed":false,"campfire_upgraded":5,"win_rate":0,"timestamp":1560446043,"path_taken":["M","M","?","M","M","R","E","$","T","R","E","$","R","M","R","BOSS","M","M","?","?","$","R","M","M","T","R","M","?","M","M","R","BOSS","M","M","?","?","M","R","E","?","T","M","R","E","R","?","R","BOSS"],"build_version":"2019-01-23","purchased_purges":2,"victory":false,"max_hp_per_floor":[71,71,71,71,71,71,71,71,78,78,78,78,78,78,78,78,78,78,78,78,78,78,78,78,78,78,78,78,78,78,78,78,78,78,78,78,78,78,78,78,78,78,78,78,78,78,78,78,78,78],"card_choices":[{"not_picked":["Cold Snap","Steam"],"picked":"Sunder","floor":1.0},{"not_picked":["Leap","Force Field"],"picked":"Cold Snap","floor":2.0},{"not_picked":["Hologram","Streamline"],"picked":"BootSequence","floor":3.0},{"not_picked":["Conserve Battery","Leap"],"picked":"White Noise","floor":4.0},{"not_picked":["Chaos","Rip and Tear"],"picked":"Echo Form","floor":5.0},{"not_picked":["White Noise","Hologram"],"picked":"Conserve Battery","floor":7.0},{"not_picked":["Rebound","Defragment"],"picked":"Glacier","floor":11.0},{"not_picked":["Redo","Streamline"],"picked":"Coolheaded","floor":14.0},{"not_picked":["Multi-Cast","Reboot"],"picked":"Fission","floor":16.0},{"not_picked":["Ball Lightning","Stack+1"],"picked":"Conserve Battery","floor":18.0},{"not_picked":["Sunder","Hologram","Redo"],"picked":"SKIP","floor":19.0},{"not_picked":["Sunder","Hologram","Redo"],"picked":"SKIP","floor":19.0},{"not_picked":["Gash","Melter","Meteor Strike"],"picked":"SKIP","floor":24.0},{"not_picked":["Steam","Go for the Eyes","Barrage+1"],"picked":"SKIP","floor":25.0},{"not_picked":["Stack","Tempest+1"],"picked":"Blizzard","floor":28.0},{"not_picked":["Doom and Gloom","Tempest"],"picked":"Skim","floor":30.0},{"not_picked":["Coolheaded","Blizzard"],"picked":"Reinforced Body+1","floor":31.0},{"not_picked":["Cold Snap","Blizzard","Auto Shields"],"picked":"SKIP","floor":35.0},{"not_picked":["Undo","Leap","Sweeping Beam"],"picked":"SKIP","floor":36.0},{"not_picked":["BootSequence+1","Barrage"],"picked":"Recycle+1","floor":37.0},{"not_picked":["Turbo","Scrape"],"picked":"Capacitor","floor":39.0},{"not_picked":["Cold Snap+1","Lockon","Amplify"],"picked":"SKIP","floor":41.0},{"not_picked":["Stack","Reinforced Body","Streamline+1"],"picked":"SKIP","floor":42.0},{"not_picked":["Conserve Battery","Turbo"],"picked":"Hologram","floor":44},{"not_picked":["Double Energy","Stack","Streamline"],"picked":"SKIP","floor":46}],"player_experience":5351705,"relics_obtained":[{"floor":7.0,"key":"Kunai"},{"floor":9.0,"key":"Strawberry"},{"floor":11.0,"key":"Sundial"},{"floor":26.0,"key":"Happy Flower"},{"floor":38.0,"key":"PreservedInsect"},{"floor":41.0,"key":"Orichalcum"},{"floor":46,"key":"Juzu Bracelet"},{"floor":48,"key":"Boot"}],"event_choices":[{"damage_healed":0.0,"max_hp_gain":0.0,"max_hp_loss":0.0,"gold_gain":0.0,"event_name":"Colosseum","player_choice":"Fight","floor":20.0,"gold_loss":0.0,"damage_taken":0.0},{"damage_healed":0.0,"max_hp_gain":0.0,"max_hp_loss":0.0,"gold_gain":0.0,"event_name":"Colosseum","player_choice":"Fled From Nobs","floor":20.0,"gold_loss":0.0,"damage_taken":0.0},{"cards_removed":["Zap"],"damage_healed":0.0,"max_hp_gain":0.0,"max_hp_loss":0.0,"gold_gain":0.0,"event_name":"Back to Basics","player_choice":"Elegance","floor":21.0,"gold_loss":0.0,"damage_taken":0.0},{"damage_healed":0.0,"max_hp_gain":0.0,"max_hp_loss":0.0,"gold_gain":0.0,"event_name":"Match and Keep!","player_choice":"2 cards matched","floor":29.0,"gold_loss":0.0,"damage_taken":0.0,"cards_obtained":["Loop","Rainbow"]}],"is_beta":false,"boss_relics":[{"not_picked":["Runic Dome","FrozenCore"],"picked":"Pandora\u0027s Box"},{"not_picked":["Fusion Hammer","Astrolabe"],"picked":"Sozu"}],"items_purged_floors":[8,22],"is_endless":false,"potions_floor_spawned":[3,5,7,14,16,18,19,24,33,36,37,39],"killed_by":"Awakened One","ascension_level":20}