{"gold_per_floor":[109,34,49,49,49,49,82,82,82,97,50,68,68,30,30,131,131,143,154,154,166,23,23,23,35,35,69,24,104,104,124,124,124],"floor_reached":33,"playtime":857,"items_purged":["Strike_R"],"score":360,"play_id":"b10dce12-1dc3-4ea5-a520-46c66479a8b6","local_time":"20190706173512","is_ascension_mode":true,"campfire_choices":[{"data":"Body Slam","floor":6,"key":"SMITH"},{"data":"Bash","floor":8,"key":"SMITH"},{"data":"True Grit","floor":13,"key":"SMITH"},{"floor":15,"key":"REST"},{"data":"Body Slam","floor":23,"key":"SMITH"},{"floor":32,"key":"REST"}],"neow_cost":"NONE","seed_source_timestamp":1312432719614320,"circlet_count":0,"master_deck":["Strike_R","Strike_R","Strike_R+1","Defend_R","Defend_R+1","Defend_R","Defend_R","Bash+1","Body Slam+1","Ghostly Armor","True Grit+1","Juggernaut","Metallicize","Double Tap","Iron Wave+1","Iron Wave","Body Slam+1","Brutality","Berserk","Shrug It Off","Necronomicurse"],"relics":["Burning Blood","NeowsBlessing","Lantern","Letter Opener","Sozu","Bag of Marbles","Bird Faced Urn","Bottled Tornado","Singing Bowl","Necronomicon"],"potions_floor_usage":[12,16],"damage_taken":[{"damage":0,"enemies":"2 Louse","floor":1,"turns":1},{"damage":0,"enemies":"Jaw Worm","floor":3,"turns":1},{"damage":0,"enemies":"3 Sentries","floor":7,"turns":1},{"damage":6,"enemies":"Cultist","floor":10,"turns":3},{"damage":27,"enemies":"Gremlin Gang","floor":12,"turns":5},{"damage":16,"enemies":"The Guardian","floor":16,"turns":11},{"damage":13,"enemies":"Spheric Guardian","floor":18,"turns":5},{"damage":34,"enemies":"3 Byrds","floor":19,"turns":4},{"damage":2,"enemies":"Shelled Parasite and Fungi","floor":21,"turns":5},{"damage":0,"enemies":"Cultist and Chosen","floor":25,"turns":6},{"damage":26,"enemies":"Gremlin Leader","floor":27,"turns":7},{"damage":7,"enemies":"3 Cultists","floor":31,"turns":5},{"damage":74,"enemies":"Collector","floor":33,"turns":8}],"seed_played":"-1183626903710596940","potions_obtained":[{"floor":1,"key":"EssenceOfSteel"},{"floor":10,"key":"GamblersBrew"}],"is_trial":false,"path_per_floor":["M","$","M","?","?","R","E","R","T","M","$","M","R","$","R","B",null,"M","M","?","M","$","R","$","M","T","E","$","T","?","M","R","B"],"character_chosen":"IRONCLAD","items_purchased":["True Grit","Metallicize","Bag of Marbles","Shrug It Off"],"campfire_rested":2,"item_purchase_floors":[11,14,22,28],"current_hp_per_floor":[80,80,80,85,68,68,74,74,74,74,74,53,53,53,78,68,81,74,46,46,50,50,50,50,56,56,42,42,42,26,31,57,0],"gold":124,"neow_bonus":"THREE_ENEMY_KILL","is_prod":false,"is_daily":false,"chose_seed":false,"campfire_upgraded":4,"win_rate":0,"timestamp":1562430912,"path_taken":["M","$","M","?","?","R","E","R","T","M","$","M","R","?","R","BOSS","M","M","?","M","$","R","$","?","T","E","$","?","?","M","R","BOSS"],"build_version":"2019-07-05","purchased_purges":1,"victory":false,"max_hp_per_floor":[80,80,80,85,85,85,85,85,85,85,85,85,85,85,85,85,85,85,85,85,85,85,85,85,85,85,85,85,85,85,87,87,87],"card_choices":[{"not_picked":["Power Through","Evolve"],"picked":"Body Slam","floor":1},{"not_picked":["Twin Strike","Dropkick","Heavy Blade"],"picked":"SKIP","floor":3},{"not_picked":["Bloodletting","Pommel Strike"],"picked":"Ghostly Armor","floor":7},{"not_picked":["Cleave","Headbutt","Sentinel"],"picked":"SKIP","floor":10},{"not_picked":["Iron Wave","Spot Weakness"],"picked":"Juggernaut","floor":12},{"not_picked":["Immolate","Offering"],"picked":"Double Tap","floor":16},{"not_picked":["Twin Strike+1","Anger+1","Pommel Strike"],"picked":"SKIP","floor":18},{"not_picked":["Wild Strike","Perfected Strike"],"picked":"Iron Wave+1","floor":19},{"not_picked":["Twin Strike","Cleave+1"],"picked":"Body Slam","floor":21},{"not_picked":["Clothesline","True Grit"],"picked":"Brutality","floor":25},{"not_picked":["Cleave","Pommel Strike"],"picked":"Berserk","floor":27},{"not_picked":["Searing Blow","Headbutt","Flex+1"],"picked":"Singing Bowl","floor":31}],"player_experience":192169,"relics_obtained":[{"floor":7,"key":"Lantern"},{"floor":9,"key":"Letter Opener"},{"floor":26,"key":"Bird Faced Urn"},{"floor":27,"key":"Bottled Tornado"},{"floor":29,"key":"Singing Bowl"},{"floor":30,"key":"Necronomicon"}],"event_choices":[{"damage_healed":0,"gold_gain":0,"player_choice":"Donut","damage_taken":0,"max_hp_gain":5,"max_hp_loss":0,"event_name":"Big Fish","floor":4,"gold_loss":0},{"damage_healed":0,"gold_gain":0,"player_choice":"Entered Light","damage_taken":17,"max_hp_gain":0,"max_hp_loss":0,"event_name":"Shining Light","floor":5,"gold_loss":0,"cards_upgraded":["Strike_R","Defend_R"]},{"damage_healed":0,"gold_gain":0,"cards_transformed":["Strike_R"],"player_choice":"Transformed","damage_taken":0,"max_hp_gain":0,"max_hp_loss":0,"event_name":"Transmorgrifier","floor":20,"gold_loss":0,"cards_obtained":["Iron Wave"]},{"damage_healed":0,"gold_gain":0,"player_choice":"Obtained Book","damage_taken":16,"max_hp_gain":0,"max_hp_loss":0,"event_name":"Cursed Tome","floor":30,"gold_loss":0}],"is_beta":false,"boss_relics":[{"not_picked":["Astrolabe","Pandora\u0027s Box"],"picked":"Sozu"}],"items_purged_floors":[2],"is_endless":false,"potions_floor_spawned":[1,10,19,21,31],"killed_by":"Collector","ascension_level":5}