{"gold_per_floor":[119,129,129,140,154,154,154,27,27,27,37,64,64,76,76,147,147,158,172,172],"floor_reached":20,"playtime":994,"items_purged":["Strike_R"],"score":352,"play_id":"60c1a2fe-9396-462b-a15e-75bff389878b","local_time":"20190603004445","is_ascension_mode":true,"campfire_choices":[{"data":"Disarm","floor":6,"key":"SMITH"},{"data":"Body Slam","floor":10,"key":"SMITH"},{"data":"Shrug It Off","floor":15,"key":"SMITH"}],"neow_cost":"TEN_PERCENT_HP_LOSS","seed_source_timestamp":615556569711000,"circlet_count":0,"master_deck":["AscendersBane","Strike_R","Defend_R","Defend_R","Defend_R","Defend_R","Bash","Twin Strike","Cleave","Headbutt","Disarm+1","Ghostly Armor","Body Slam+1","Shrug It Off+1","Dual Wield","Offering","Dual Wield+1"],"relics":["Burning Blood","Bird Faced Urn","Kunai","Happy Flower","Strawberry","Black Star"],"potions_floor_usage":[16,16,19],"damage_taken":[{"damage":9,"enemies":"Jaw Worm","floor":1,"turns":5},{"damage":13,"enemies":"2 Louse","floor":2,"turns":3},{"damage":1,"enemies":"Small Slimes","floor":4,"turns":3},{"damage":5,"enemies":"Blue Slaver","floor":5,"turns":6},{"damage":1,"enemies":"2 Fungi Beasts","floor":11,"turns":4},{"damage":17,"enemies":"3 Sentries","floor":12,"turns":9},{"damage":6,"enemies":"Looter","floor":14,"turns":3},{"damage":18,"enemies":"The Guardian","floor":16,"turns":11},{"damage":37,"enemies":"Spheric Guardian","floor":18,"turns":6},{"damage":14,"enemies":"2 Thieves","floor":19,"turns":3},{"damage":44,"enemies":"Snecko","floor":20,"turns":10}],"seed_played":"3357755145137771357","potions_obtained":[{"floor":1,"key":"Strength Potion"},{"floor":4,"key":"Block Potion"},{"floor":18,"key":"EssenceOfSteel"}],"is_trial":false,"path_per_floor":["M","M","?","M","M","R","T","$","T","R","M","E","?","M","R","B",null,"M","M","M"],"character_chosen":"IRONCLAD","items_purchased":["Body Slam"],"campfire_rested":0,"item_purchase_floors":[8],"current_hp_per_floor":[65,58,47,52,53,53,53,53,53,53,58,54,47,47,47,35,65,34,26,0],"gold":172,"neow_bonus":"TRANSFORM_TWO_CARDS","is_prod":false,"is_daily":false,"chose_seed":false,"campfire_upgraded":3,"win_rate":0,"timestamp":1559490285,"path_taken":["M","M","?","M","M","R","?","$","T","R","M","E","?","M","R","BOSS","M","M","M"],"build_version":"2019-01-23","purchased_purges":1,"victory":false,"max_hp_per_floor":[68,68,68,68,68,68,68,68,68,68,68,75,75,75,75,75,75,75,75,75],"card_choices":[{"not_picked":["Flame Barrier","Flex"],"picked":"Headbutt","floor":1},{"not_picked":["Clothesline","Thunderclap","Sword Boomerang"],"picked":"SKIP","floor":2},{"not_picked":["Havoc","Rupture"],"picked":"Disarm","floor":4},{"not_picked":["Pommel Strike","Intimidate"],"picked":"Ghostly Armor","floor":5},{"not_picked":["Pummel","Reaper"],"picked":"Shrug It Off","floor":11},{"not_picked":["Rampage","Rage"],"picked":"Dual Wield","floor":12},{"not_picked":["Thunderclap","Sword Boomerang","Cleave"],"picked":"SKIP","floor":14},{"not_picked":["Impervious","Demon Form"],"picked":"Offering","floor":16},{"not_picked":["Sword Boomerang","Heavy Blade"],"picked":"Dual Wield+1","floor":18},{"not_picked":["Havoc","Flex","Thunderclap"],"picked":"SKIP","floor":19}],"player_experience":5246845,"relics_obtained":[{"floor":7,"key":"Kunai"},{"floor":9,"key":"Happy Flower"},{"floor":12,"key":"Strawberry"}],"event_choices":[{"damage_healed":0,"gold_gain":0,"player_choice":"Success","damage_taken":11,"relics_obtained":["Bird Faced Urn"],"max_hp_gain":0,"max_hp_loss":0,"event_name":"Scrap Ooze","floor":3,"gold_loss":0},{"cards_removed":["Strike_R"],"damage_healed":0,"gold_gain":0,"player_choice":"Card Removal","damage_taken":7,"max_hp_gain":0,"max_hp_loss":0,"event_name":"Golden Wing","floor":13,"gold_loss":0}],"is_beta":false,"boss_relics":[{"not_picked":["Snecko Eye","Fusion Hammer"],"picked":"Black Star"}],"items_purged_floors":[8],"is_endless":false,"potions_floor_spawned":[1,4,12,14,18],"killed_by":"Snecko","ascension_level":20}