{"gold_per_floor":[114,114,127,28,45,55,55,88,88,88,88,100,114,128,128,128],"floor_reached":16,"playtime":508,"items_purged":[],"score":308,"play_id":"11af2d30-0d23-4841-96cf-e380d41b8b31","local_time":"20190720010420","is_ascension_mode":true,"campfire_choices":[{"floor":7,"key":"REST"},{"floor":10,"key":"REST"},{"floor":15,"key":"REST"}],"neow_cost":"","seed_source_timestamp":2459345540279353,"circlet_count":0,"master_deck":["AscendersBane","Strike_R","Strike_R","Strike_R","Strike_R","Defend_R","Defend_R","Defend_R","Defend_R","Bash","Sword Boomerang","Flame Barrier","Double Tap","Armaments","Enlightenment","Rage","Inflame","Spot Weakness","Rampage","Perfected Strike"],"relics":["Burning Blood","Mango","Blue Candle"],"potions_floor_usage":[6,14,16],"damage_taken":[{"damage":4,"enemies":"Small Slimes","floor":1,"turns":3},{"damage":2,"enemies":"Cultist","floor":3,"turns":4},{"damage":2,"enemies":"Jaw Worm","floor":5,"turns":5},{"damage":32,"enemies":"Gremlin Gang","floor":6,"turns":4},{"damage":56,"enemies":"Gremlin Nob","floor":8,"turns":5},{"damage":30,"enemies":"Large Slime","floor":12,"turns":6},{"damage":6,"enemies":"Looter","floor":13,"turns":3},{"damage":10,"enemies":"Exordium Thugs","floor":14,"turns":5},{"damage":66,"enemies":"Slime Boss","floor":16,"turns":6}],"seed_played":"-2587157927644113797","potions_obtained":[{"floor":1,"key":"PowerPotion"},{"floor":6,"key":"FearPotion"},{"floor":11,"key":"EssenceOfSteel"},{"floor":14,"key":"Energy Potion"}],"is_trial":false,"path_per_floor":["M","?","M","$","M","M","R","E","T","R","?","M","M","M","R","B"],"character_chosen":"IRONCLAD","items_purchased":["Sword Boomerang","Enlightenment"],"campfire_rested":3,"item_purchase_floors":[0,4],"current_hp_per_floor":[65,65,69,69,73,47,73,23,23,49,49,25,25,21,47,0],"gold":128,"neow_bonus":"","is_prod":false,"is_daily":false,"chose_seed":false,"campfire_upgraded":0,"win_rate":0,"timestamp":1563577460,"path_taken":["M","?","M","$","?","M","R","E","T","R","?","M","M","M","R","BOSS"],"build_version":"2019-07-17","purchased_purges":0,"victory":false,"max_hp_per_floor":[89,89,89,89,89,89,89,89,89,89,89,89,89,89,89,89],"card_choices":[{"not_picked":["Sword Boomerang","Shrug It Off"],"picked":"Flame Barrier","floor":1},{"not_picked":["Corruption","Feel No Pain"],"picked":"Armaments","floor":3},{"not_picked":["Pommel Strike","Bloodletting","Armaments"],"picked":"SKIP","floor":5},{"not_picked":["Sword Boomerang","Pommel Strike"],"picked":"Rage","floor":6},{"not_picked":["Bloodletting","Bludgeon"],"picked":"Inflame","floor":8},{"not_picked":["Uppercut","Warcry"],"picked":"Spot Weakness","floor":12},{"not_picked":["Armaments","Entrench"],"picked":"Rampage","floor":13},{"not_picked":["Inflame","Evolve"],"picked":"Perfected Strike","floor":14}],"player_experience":503234,"relics_obtained":[{"floor":8,"key":"Blue Candle"}],"event_choices":[{"damage_healed":0,"gold_gain":0,"cards_transformed":["Strike_R"],"player_choice":"Transformed","damage_taken":0,"max_hp_gain":0,"max_hp_loss":0,"event_name":"Transmorgrifier","floor":2,"gold_loss":0,"cards_obtained":["Double Tap"]},{"damage_healed":0,"gold_gain":0,"player_choice":"Got Potions","damage_taken":0,"max_hp_gain":0,"max_hp_loss":0,"event_name":"Lab","floor":11,"gold_loss":0}],"is_beta":false,"boss_relics":[],"items_purged_floors":[],"is_endless":false,"potions_floor_spawned":[1,6,12,13,14],"killed_by":"Slime Boss","ascension_level":20}