{"gold_per_floor":[114,39,49,68,68,68,86,119,119,151,169,189,189,189,189,288,288,312,153,153,153,168,168,181,204,204,204,129,29,45,66,66,159,159,183,183,198,73,96,96],"floor_reached":40,"playtime":1638,"items_purged":["Strike_G","Strike_G","Defend_G"],"score":900,"play_id":"f51c976c-3693-473e-b858-e911bf258cee","local_time":"20190621014029","is_ascension_mode":true,"campfire_choices":[{"data":"Skewer","floor":6,"key":"SMITH"},{"floor":13,"key":"REST"},{"data":"Well Laid Plans","floor":15,"key":"SMITH"},{"floor":23,"key":"REST"},{"floor":27,"key":"REST"},{"floor":32,"key":"REST"}],"neow_cost":"NONE","seed_source_timestamp":196855223481000,"circlet_count":0,"master_deck":["AscendersBane","Defend_G+1","Defend_G","Defend_G+1","Survivor","Neutralize","Flying Knee","Skewer+1","Dagger Spray","PiercingWail","Backflip","Well Laid Plans+1","Die Die Die","Catalyst","Acrobatics+1","Tactician","Night Terror","Underhanded Strike+1","Blade Dance+1","Burst+1","Dodge and Roll+1","Skewer+1"],"relics":["Ring of the Snake","War Paint","Happy Flower","Mercury Hourglass","Golden Idol","Velvet Choker","Nilry\u0027s Codex","NlothsMask","Astrolabe","Bronze Scales"],"potions_floor_usage":[8,16,16,33,33,39],"damage_taken":[{"damage":1,"enemies":"2 Louse","floor":1,"turns":3},{"damage":7,"enemies":"Jaw Worm","floor":3,"turns":7},{"damage":0,"enemies":"Small Slimes","floor":4,"turns":3},{"damage":0,"enemies":"2 Fungi Beasts","floor":7,"turns":2},{"damage":39,"enemies":"Lagavulin","floor":8,"turns":8},{"damage":12,"enemies":"3 Sentries","floor":10,"turns":6},{"damage":3,"enemies":"Red Slaver","floor":11,"turns":4},{"damage":0,"enemies":"3 Louse","floor":12,"turns":2},{"damage":0,"enemies":"Slime Boss","floor":16,"turns":3},{"damage":7,"enemies":"Shell Parasite","floor":18,"turns":6},{"damage":6,"enemies":"Spheric Guardian","floor":22,"turns":3},{"damage":21,"enemies":"Snake Plant","floor":24,"turns":5},{"damage":5,"enemies":"3 Cultists","floor":25,"turns":5},{"damage":1,"enemies":"Cultist and Chosen","floor":30,"turns":5},{"damage":9,"enemies":"Centurion and Healer","floor":31,"turns":5},{"damage":24,"enemies":"Automaton","floor":33,"turns":10},{"damage":0,"enemies":"Orb Walker","floor":35,"turns":3},{"damage":14,"enemies":"3 Darklings","floor":37,"turns":4},{"damage":19,"enemies":"Sphere and 2 Shapes","floor":39,"turns":8},{"damage":25,"enemies":"Nemesis","floor":40,"turns":5}],"seed_played":"6890125946710887730","potions_obtained":[{"floor":7,"key":"GhostInAJar"},{"floor":8,"key":"SteroidPotion"},{"floor":12,"key":"Energy Potion"},{"floor":16,"key":"Strength Potion"},{"floor":24,"key":"Dexterity Potion"},{"floor":33,"key":"SteroidPotion"},{"floor":35,"key":"SkillPotion"}],"is_trial":false,"path_per_floor":["M","?","M","M","?","R","M","E","T","E","M","M","R","?","R","B",null,"M","$","?","?","M","R","M","M","T","R","?","$","M","M","R","B",null,"M","?","M","$","M","E"],"character_chosen":"THE_SILENT","items_purchased":["Catalyst"],"campfire_rested":4,"item_purchase_floors":[19],"current_hp_per_floor":[64,64,57,57,57,57,57,18,18,6,3,3,24,24,24,24,55,48,48,27,27,21,40,19,14,14,33,33,33,32,23,42,18,53,53,53,39,39,20,0],"gold":96,"neow_bonus":"TEN_PERCENT_HP_BONUS","is_prod":false,"is_daily":false,"chose_seed":false,"campfire_upgraded":2,"win_rate":0,"timestamp":1561048829,"path_taken":["M","?","M","M","?","R","M","E","T","E","?","M","R","?","R","BOSS","M","$","?","?","?","R","M","M","T","R","?","$","M","M","R","BOSS","M","?","M","?","?","E"],"build_version":"2019-01-23","purchased_purges":3,"victory":false,"max_hp_per_floor":[72,72,72,72,72,72,72,72,72,72,72,72,72,65,65,65,65,65,65,65,65,65,65,65,65,65,65,65,65,65,65,65,65,65,65,65,65,65,65,65],"card_choices":[{"not_picked":["Acrobatics","Outmaneuver"],"picked":"Flying Knee","floor":1},{"not_picked":["Blade Dance","Deflect"],"picked":"Skewer","floor":3},{"not_picked":["Bane","Catalyst"],"picked":"Dagger Spray","floor":4},{"not_picked":["Distraction","Prepared"],"picked":"PiercingWail","floor":7},{"not_picked":["Tactician","Underhanded Strike"],"picked":"Backflip","floor":8},{"not_picked":["Bouncing Flask","Finisher"],"picked":"All Out Attack","floor":10},{"not_picked":["Deadly Poison","Deflect"],"picked":"Well Laid Plans","floor":11},{"not_picked":["Sucker Punch","All Out Attack","Expertise"],"picked":"SKIP","floor":12},{"not_picked":["Bullet Time","Envenom"],"picked":"Die Die Die","floor":16},{"not_picked":["Outmaneuver","Infinite Blades","Blade Dance"],"picked":"SKIP","floor":18},{"not_picked":["Skewer","All Out Attack"],"picked":"Acrobatics+1","floor":22},{"not_picked":["Deflect","Slice","Endless Agony"],"picked":"SKIP","floor":24},{"not_picked":["Poisoned Stab","Dagger Spray","Quick Slash"],"picked":"SKIP","floor":25},{"not_picked":["Flying Knee","Burst"],"picked":"Tactician","floor":30},{"not_picked":["Prepared","Poisoned Stab","Outmaneuver"],"picked":"SKIP","floor":31},{"not_picked":["Unload","Envenom"],"picked":"Night Terror","floor":33},{"not_picked":["Backstab","All Out Attack+1"],"picked":"Dodge and Roll+1","floor":35},{"not_picked":["Poisoned Stab","Prepared","Sucker Punch"],"picked":"SKIP","floor":37},{"not_picked":["Endless Agony","Finisher"],"picked":"Skewer+1","floor":39}],"player_experience":5433647,"relics_obtained":[{"floor":8,"key":"War Paint"},{"floor":9,"key":"Happy Flower"},{"floor":10,"key":"Mercury Hourglass"},{"floor":20,"key":"Nilry\u0027s Codex"}],"event_choices":[{"cards_removed":["Strike_G"],"damage_healed":0,"gold_gain":0,"player_choice":"Card Removal","damage_taken":0,"max_hp_gain":0,"max_hp_loss":0,"event_name":"The Cleric","floor":2,"gold_loss":75},{"damage_healed":0,"gold_gain":0,"player_choice":"Ignored","damage_taken":0,"max_hp_gain":0,"max_hp_loss":0,"event_name":"Liars Game","floor":5,"gold_loss":0},{"damage_healed":0,"gold_gain":0,"player_choice":"Lose Max HP","damage_taken":0,"relics_obtained":["Golden Idol"],"max_hp_gain":0,"max_hp_loss":7,"event_name":"Golden Idol","floor":14,"gold_loss":0},{"damage_healed":0,"gold_gain":0,"player_choice":"Obtained Book","damage_taken":21,"max_hp_gain":0,"max_hp_loss":0,"event_name":"Cursed Tome","floor":20,"gold_loss":0},{"damage_healed":0,"gold_gain":0,"player_choice":"Trade","damage_taken":0,"relics_obtained":["NlothsMask"],"max_hp_gain":0,"max_hp_loss":0,"event_name":"FaceTrader","floor":21,"gold_loss":0},{"cards_removed":["Strike_G"],"damage_healed":0,"gold_gain":0,"player_choice":"Gave Gold","damage_taken":0,"max_hp_gain":0,"max_hp_loss":0,"event_name":"Beggar","floor":28,"gold_loss":75},{"damage_healed":0,"gold_gain":0,"player_choice":"Gave Potion","damage_taken":0,"relics_obtained":["Bronze Scales"],"max_hp_gain":0,"max_hp_loss":0,"event_name":"WeMeetAgain","floor":36,"gold_loss":0}],"is_beta":false,"boss_relics":[{"not_picked":["Ectoplasm","WristBlade"],"picked":"Velvet Choker"},{"not_picked":["Ring of the Serpent","Black Star"],"picked":"Astrolabe"}],"items_purged_floors":[19,29,38],"is_endless":false,"potions_floor_spawned":[7,8,12,16,24,30,31,33,35],"killed_by":"Nemesis","ascension_level":20}