{"gold_per_floor":[119,135,152,170,182,215,215,242,291,308,343,358,373,390,390,468,468,478,492,505,520,535,562,562,594,617,648,665,665,110,120,120,196,196,207,307,317,328,339,364,364,396,396,671,690,165,175,191,191,191,191,191,191,25,53,53],"floor_reached":57,"playtime":889,"items_purged":["Regret"],"score":3712,"play_id":"2ba2c01d-4703-4b9b-8ef9-875a75d3af04","local_time":"20190603021800","is_ascension_mode":true,"campfire_choices":[{"data":"Grand Finale","floor":7,"key":"SMITH"},{"data":"Grand Finale","floor":15,"key":"SMITH"},{"floor":24,"key":"RECALL"},{"data":"Blur","floor":29,"key":"SMITH"},{"floor":32,"key":"REST"},{"floor":49,"key":"REST"},{"floor":53,"key":"REST"}],"neow_cost":"","seed_source_timestamp":620817010712800,"circlet_count":0,"master_deck":["Grand Finale+1","Blur+1","Calculated Gamble+1","Backflip+1","Grand Finale+1","Adrenaline+1","Adrenaline+1","Adrenaline+1","Terror+1"],"relics":["Ring of the Snake","Pen Nib","Incense Burner","Centennial Puzzle","Toxic Egg 2","Empty Cage","Whetstone","PreservedInsect","Happy Flower","Mango","Strange Spoon","White Beast Statue","Calipers","Smiling Mask","Pocketwatch","Singing Bowl","Medical Kit","Anchor","Lantern","Bottled Lightning"],"potions_floor_usage":[12,56],"damage_taken":[{"damage":0,"enemies":"Cultist","floor":1,"turns":2},{"damage":0,"enemies":"Jaw Worm","floor":2,"turns":1},{"damage":0,"enemies":"Small Slimes","floor":3,"turns":1},{"damage":0,"enemies":"Red Slaver","floor":4,"turns":1},{"damage":0,"enemies":"Blue Slaver","floor":5,"turns":1},{"damage":0,"enemies":"Lagavulin","floor":6,"turns":3},{"damage":0,"enemies":"Gremlin Nob","floor":8,"turns":2},{"damage":0,"enemies":"Lots of Slimes","floor":10,"turns":1},{"damage":0,"enemies":"3 Sentries","floor":11,"turns":1},{"damage":0,"enemies":"Exordium Wildlife","floor":12,"turns":1},{"damage":0,"enemies":"Looter","floor":13,"turns":1},{"damage":0,"enemies":"3 Louse","floor":14,"turns":1},{"damage":0,"enemies":"Hexaghost","floor":16,"turns":1},{"damage":0,"enemies":"2 Thieves","floor":18,"turns":1},{"damage":0,"enemies":"3 Byrds","floor":19,"turns":1},{"damage":0,"enemies":"Shelled Parasite and Fungi","floor":20,"turns":1},{"damage":0,"enemies":"Chosen and Byrds","floor":21,"turns":1},{"damage":0,"enemies":"Snake Plant","floor":22,"turns":1},{"damage":0,"enemies":"Gremlin Leader","floor":23,"turns":1},{"damage":0,"enemies":"Slavers","floor":25,"turns":1},{"damage":0,"enemies":"Gremlin Leader","floor":27,"turns":1},{"damage":0,"enemies":"Snecko","floor":28,"turns":1},{"damage":0,"enemies":"Sentry and Sphere","floor":31,"turns":1},{"damage":0,"enemies":"Champ","floor":33,"turns":1},{"damage":0,"enemies":"3 Darklings","floor":35,"turns":1},{"damage":0,"enemies":"Mind Bloom Boss Battle","floor":36,"turns":1},{"damage":0,"enemies":"3 Shapes","floor":37,"turns":1},{"damage":0,"enemies":"Maw","floor":38,"turns":1},{"damage":0,"enemies":"Spire Growth","floor":39,"turns":1},{"damage":0,"enemies":"Nemesis","floor":40,"turns":1},{"damage":0,"enemies":"Giant Head","floor":42,"turns":1},{"damage":0,"enemies":"Sphere and 2 Shapes","floor":45,"turns":1},{"damage":0,"enemies":"Writhing Mass","floor":47,"turns":1},{"damage":0,"enemies":"Spire Growth","floor":48,"turns":1},{"damage":0,"enemies":"Donu and Deca","floor":50,"turns":1},{"damage":0,"enemies":"Awakened One","floor":51,"turns":5},{"damage":0,"enemies":"Shield and Spear","floor":55,"turns":1},{"damage":0,"enemies":"The Heart","floor":56,"turns":5}],"seed_played":"7471556712310629339","potions_obtained":[{"floor":1,"key":"Weak Potion"},{"floor":3,"key":"EssenceOfSteel"},{"floor":12,"key":"Fruit Juice"},{"floor":13,"key":"SpeedPotion"},{"floor":16,"key":"GamblersBrew"},{"floor":21,"key":"GhostInAJar"}],"is_trial":true,"path_per_floor":["M","M","M","M","M","E","R","E","T","M","E","M","M","M","R","B",null,"M","M","M","M","M","E","R","E","T","E","M","R","$","M","R","B",null,"M","?","M","M","M","E","$","E","T","?","M","$","M","M","R","B","B",null,"R","$","E","B",null],"character_chosen":"THE_SILENT","items_purchased":["Mango","Strange Spoon","Medical Kit","Anchor","GhostInAJar","Lantern"],"campfire_rested":3,"item_purchase_floors":[30,30,46,46,46,54],"current_hp_per_floor":[59,59,59,59,59,59,59,59,59,59,59,64,64,64,64,64,69,69,69,69,69,69,69,69,69,69,69,69,69,83,83,85,85,85,85,85,85,85,85,85,85,85,85,85,87,87,89,91,91,91,91,91,91,91,93,93],"gold":53,"neow_bonus":"","is_prod":false,"is_daily":false,"chose_seed":false,"campfire_upgraded":3,"win_rate":0,"timestamp":1559495880,"path_taken":["M","?","M","M","M","E","R","E","T","M","E","M","M","M","R","BOSS","M","M","M","M","M","E","R","E","T","E","M","R","$","M","R","BOSS","M","?","M","M","M","E","?","E","T","?","M","$","M","?","R","BOSS","BOSS","R","$","E","BOSS"],"build_version":"2019-01-23","purchased_purges":1,"victory":true,"max_hp_per_floor":[66,66,66,66,66,66,66,66,66,66,66,71,71,71,71,71,71,71,71,71,71,71,71,71,71,71,71,71,71,85,85,85,85,85,85,85,85,85,85,85,85,85,85,85,87,87,89,91,91,91,91,91,91,91,93,93],"card_choices":[{"not_picked":["Caltrops","Bane","Dagger Throw"],"picked":"SKIP","floor":1},{"not_picked":["Prepared","Choke","Slice"],"picked":"SKIP","floor":2},{"not_picked":["Underhanded Strike","Predator"],"picked":"Blur","floor":3},{"not_picked":["Poisoned Stab","Dagger Spray"],"picked":"Leg Sweep","floor":4},{"not_picked":["Blade Dance","Acrobatics","Prepared"],"picked":"SKIP","floor":5},{"not_picked":["Unload","Dagger Spray","Dash"],"picked":"SKIP","floor":6},{"not_picked":["Flying Knee","Finisher","Sucker Punch"],"picked":"SKIP","floor":8},{"not_picked":["Flying Knee","Catalyst"],"picked":"Backflip","floor":10},{"not_picked":["Riddle With Holes","Underhanded Strike"],"picked":"Calculated Gamble","floor":11},{"not_picked":["Dash","Poisoned Stab"],"picked":"Backflip+1","floor":12},{"not_picked":["Acrobatics+1","Deadly Poison+1"],"picked":"Grand Finale","floor":13},{"not_picked":["Predator","Acrobatics+1","Blade Dance+1"],"picked":"SKIP","floor":14},{"not_picked":["Phantasmal Killer+1","Unload"],"picked":"Adrenaline+1","floor":16},{"not_picked":["Bane","Blade Dance+1","PiercingWail+1"],"picked":"SKIP","floor":18},{"not_picked":["Catalyst+1","Eviscerate","Expertise+1"],"picked":"SKIP","floor":19},{"not_picked":["Flying Knee","Dash","Reflex+1"],"picked":"SKIP","floor":20},{"not_picked":["Prepared+1","Sucker Punch"],"picked":"Adrenaline+1","floor":21},{"not_picked":["Dodge and Roll+1","Endless Agony","Quick Slash"],"picked":"SKIP","floor":22},{"not_picked":["Heel Hook","Blade Dance+1","Bane"],"picked":"SKIP","floor":23},{"not_picked":["PiercingWail+1","Underhanded Strike","Calculated Gamble+1"],"picked":"SKIP","floor":25},{"not_picked":["Heel Hook","Concentrate+1","Backflip+1"],"picked":"SKIP","floor":27},{"not_picked":["Backflip+1","All Out Attack","Footwork"],"picked":"SKIP","floor":28},{"not_picked":["Prepared+1","Acrobatics+1","Outmaneuver+1"],"picked":"SKIP","floor":31},{"not_picked":["A Thousand Cuts","Unload"],"picked":"Adrenaline+1","floor":33},{"not_picked":["Backflip+1","Poisoned Stab+1","Deadly Poison+1"],"picked":"SKIP","floor":35},{"not_picked":["Poisoned Stab","Outmaneuver+1","Dagger Spray"],"picked":"SKIP","floor":37},{"not_picked":["Blade Dance+1","Blur+1","Leg Sweep+1"],"picked":"SKIP","floor":38},{"not_picked":["Dash","Sucker Punch","Distraction+1"],"picked":"SKIP","floor":39},{"not_picked":["Predator","PiercingWail+1","Accuracy"],"picked":"SKIP","floor":40},{"not_picked":["Skewer","PiercingWail+1"],"picked":"Terror+1","floor":42},{"not_picked":["Dodge and Roll+1","Malaise+1","Cloak And Dagger+1"],"picked":"Singing Bowl","floor":45},{"not_picked":["Underhanded Strike","Bouncing Flask+1","Quick Slash"],"picked":"Singing Bowl","floor":47},{"not_picked":["Caltrops","Cloak And Dagger+1","Sucker Punch"],"picked":"Singing Bowl","floor":48},{"not_picked":["Deadly Poison+1","Heel Hook","Blade Dance+1"],"picked":"Singing Bowl","floor":55}],"player_experience":5251887,"relics_obtained":[{"floor":6,"key":"Pen Nib"},{"floor":8,"key":"Incense Burner"},{"floor":9,"key":"Centennial Puzzle"},{"floor":11,"key":"Toxic Egg 2"},{"floor":23,"key":"Whetstone"},{"floor":25,"key":"PreservedInsect"},{"floor":27,"key":"Happy Flower"},{"floor":36,"key":"Calipers"},{"floor":40,"key":"Smiling Mask"},{"floor":42,"key":"Pocketwatch"},{"floor":43,"key":"Singing Bowl"},{"floor":55,"key":"Bottled Lightning"}],"event_choices":[{"damage_healed":0,"gold_gain":0,"player_choice":"Fight","damage_taken":0,"max_hp_gain":0,"max_hp_loss":0,"event_name":"MindBloom","floor":36,"gold_loss":0},{"damage_healed":0,"gold_gain":275,"player_choice":"Desecrate","damage_taken":0,"max_hp_gain":0,"max_hp_loss":0,"event_name":"Golden Shrine","floor":44,"gold_loss":0,"cards_obtained":["Regret"]}],"is_beta":false,"boss_relics":[{"not_picked":["Cursed Key","Philosopher\u0027s Stone"],"picked":"Empty Cage"},{"not_picked":["Lizard Tail","HoveringKite"],"picked":"White Beast Statue"}],"items_purged_floors":[46],"is_endless":false,"potions_floor_spawned":[1,3,10,11,12,13,16,18,20,21,23,27,28,35,36,37,38,39,40,42,45,47,48,55],"ascension_level":20}