{"gold_per_floor":[114,214,234,234,108,108,123,123,123,154,164,179,189,201,201,296,296,309,327,327,327,242,242,258,258,327,327,327,16,26,46,46,143,143,160,180,36,46,46,46],"floor_reached":40,"playtime":1773,"items_purged":["Strike_R","Strike_R"],"score":648,"play_id":"5ff3b51e-e61e-409d-a90c-004561adc80b","local_time":"20190704224818","is_ascension_mode":true,"campfire_choices":[{"data":"vexMod:StrikeStorm","floor":6.0,"key":"SMITH"},{"data":"Bash","floor":8.0,"key":"SMITH"},{"data":"Shrug It Off","floor":15.0,"key":"SMITH"},{"data":"Barricade","floor":23,"key":"SMITH"},{"data":"infinitespire:UltimateForm","floor":28,"key":"SMITH"},{"floor":32,"key":"REST"}],"neow_cost":"","seed_source_timestamp":1157482918966450,"circlet_count":0,"master_deck":["Strike_R","Defend_R+1","Defend_R","Defend_R","Bash+1","vexMod:StrikeStorm+1","Shrug It Off+1","Shrug It Off","Heavy Blade","Cleave","Thunderclap","Barricade+1","infinitespire:UltimateForm+1","J.A.X.","Body Slam","Demon Form","vexMod:BloodGuard"],"special_seed":0,"relics":["Burning Blood","Pocketwatch","Gremlin Food","Ornamental Fan","aspiration:FutureDiary","vexMod:RedPlottingStone","vexMod:ShiftingSkin","infinitespire:ShieldingShard","aspiration:Nostalgia","Cracked Core","Empty Cage","Bag of Marbles"],"potions_floor_usage":[30,35,38],"damage_taken":[{"damage":3.0,"enemies":"2 Louse","floor":1.0,"turns":7.0},{"damage":1.0,"enemies":"Jaw Worm","floor":3.0,"turns":6.0},{"damage":7.0,"enemies":"Small Slimes","floor":7.0,"turns":4.0},{"damage":12.0,"enemies":"Lagavulin","floor":10.0,"turns":8.0},{"damage":0.0,"enemies":"Red Slaver","floor":11.0,"turns":6.0},{"damage":3.0,"enemies":"Exordium Thugs","floor":12.0,"turns":3.0},{"damage":0.0,"enemies":"Large Slime","floor":13.0,"turns":6.0},{"damage":3.0,"enemies":"3 Louse","floor":14.0,"turns":2.0},{"damage":19.0,"enemies":"The Guardian","floor":16.0,"turns":16.0},{"damage":21,"enemies":"Shell Parasite","floor":18,"turns":6},{"damage":12,"enemies":"Chosen","floor":19,"turns":6},{"damage":4,"enemies":"Snecko","floor":24,"turns":4},{"damage":15,"enemies":"3 Cultists","floor":30,"turns":6},{"damage":20,"enemies":"Shelled Parasite and Fungi","floor":31,"turns":6},{"damage":39,"enemies":"Automaton","floor":33,"turns":11},{"damage":44,"enemies":"3 Shapes","floor":35,"turns":4},{"damage":0,"enemies":"Orb Walker","floor":36,"turns":3},{"damage":19,"enemies":"Jaw Worm Horde","floor":38,"turns":3},{"damage":23,"enemies":"Nightmare","floor":40,"turns":5}],"seed_played":"2840792775982201216","potions_obtained":[{"floor":1.0,"key":"Poison Potion"},{"floor":10.0,"key":"Adrenaline Potion"},{"floor":11.0,"key":"Poison Potion"},{"floor":16.0,"key":"SteroidPotion"},{"floor":18,"key":"Poison Potion"},{"floor":33,"key":"SneckoOil"},{"floor":36,"key":"PowerPotion"}],"is_trial":false,"path_per_floor":["M","?","M","?","$","R","M","R","T","E","M","M","M","M","R","B",null,"M","M","AVR","?","?","R","M","?","T","?","R","$","M","M","R","B",null,"M","M","$","M","AVR","NM"],"character_chosen":"IRONCLAD","items_purchased":["Gremlin Food","Shrug It Off","aspiration:Nostalgia","SkillPotion","Body Slam","Bag of Marbles"],"campfire_rested":1,"item_purchase_floors":[0,5,29,29,29,37],"current_hp_per_floor":[59,59,64,64,64,64,63,63,63,57,63,66,72,75,75,62,80,65,59,59,59,59,59,61,61,61,61,61,61,52,38,58,25,68,30,36,36,23,23,0],"gold":46,"neow_bonus":"","is_prod":false,"is_daily":false,"chose_seed":false,"campfire_upgraded":5,"win_rate":0,"timestamp":1562276898,"path_taken":["M","?","M","?","$","R","M","R","T","E","M","?","M","M","R","BOSS","M","M","AVR","?","?","R","M","?","T","?","R","?","M","M","R","BOSS","M","M","$","M","AVR","NM"],"build_version":"2019-07-01","purchased_purges":2,"victory":false,"max_hp_per_floor":[80,80,80,80,80,80,80,80,80,80,80,80,80,80,80,80,80,80,80,80,68,68,68,68,68,68,68,68,68,68,68,68,68,68,68,68,68,68,68,68],"card_choices":[{"not_picked":["strawberrySpire:DraftPunk","vexMod:TrainingStrike","Headbutt"],"picked":"SKIP","floor":1.0},{"not_picked":["strawberrySpire:DraftPunk","vexMod:Devastation","Clash"],"picked":"SKIP","floor":3.0},{"not_picked":["Metallicize","vexMod:BloodGuard"],"picked":"Shrug It Off","floor":7.0},{"not_picked":["Iron Wave","strawberrySpire:Conflagrate"],"picked":"Heavy Blade","floor":10.0},{"not_picked":["Rage","Rampage"],"picked":"Cleave","floor":11.0},{"not_picked":["Twin Strike","Power Through","Disarm"],"picked":"SKIP","floor":12.0},{"not_picked":["Sword Boomerang","Perfected Strike"],"picked":"Thunderclap","floor":13.0},{"not_picked":["Clothesline","strawberrySpire:Endurance","vexMod:CleverClash"],"picked":"SKIP","floor":14.0},{"not_picked":["Demon Form","hubris:StunningStrike"],"picked":"Barricade","floor":16.0},{"not_picked":["Twin Strike","Wild Strike","Metallicize"],"picked":"SKIP","floor":18},{"not_picked":["Sword Boomerang+1","hubris:ReadiedAction","ReplayTheSpireMod:Limb From Limb"],"picked":"SKIP","floor":19},{"not_picked":["Clash","Abandon","Hemokinesis"],"picked":"SKIP","floor":24},{"not_picked":["conspire:Charge","vexMod:Devastation","Twin Strike"],"picked":"SKIP","floor":30},{"not_picked":["Iron Wave","Pommel Strike","Life Link"],"picked":"SKIP","floor":31},{"not_picked":["conspire:Purge","vexMod:Taunt"],"picked":"Demon Form","floor":33},{"not_picked":["hubris:SharpeningStone+1","ReplayTheSpireMod:Limb From Limb+1","Clothesline"],"picked":"SKIP","floor":35},{"not_picked":["True Grit","ReplayTheSpireMod:Strike From Hell"],"picked":"vexMod:BloodGuard","floor":36},{"not_picked":["Headbutt+1","Intimidate","vexMod:CurseBlast"],"picked":"SKIP","floor":38}],"player_experience":157276,"relics_obtained":[{"floor":10.0,"key":"Ornamental Fan"},{"floor":26,"key":"infinitespire:ShieldingShard"}],"event_choices":[{"damage_healed":0.0,"max_hp_gain":0.0,"max_hp_loss":0.0,"gold_gain":0.0,"cards_transformed":["Strike_R"],"event_name":"Transmorgrifier","player_choice":"Transformed","floor":4.0,"gold_loss":0.0,"damage_taken":0.0,"cards_obtained":["vexMod:StrikeStorm"]},{"damage_healed":0,"gold_gain":0,"player_choice":"Obtained Relic","damage_taken":0,"relics_obtained":["vexMod:ShiftingSkin"],"max_hp_gain":0,"max_hp_loss":0,"event_name":"Addict","floor":22,"gold_loss":85},{"damage_healed":0,"gold_gain":0,"player_choice":"Obtain J.A.X.","damage_taken":0,"max_hp_gain":0,"max_hp_loss":0,"event_name":"Drug Dealer","floor":25,"gold_loss":0,"cards_obtained":["J.A.X."]}],"is_beta":false,"boss_relics":[{"not_picked":["Velvet Choker","hubris:HollowSoul"],"picked":"aspiration:FutureDiary"},{"not_picked":["Pandora\u0027s Box","strawberrySpire:SolarisEssence"],"picked":"Empty Cage"}],"items_purged_floors":[0,5],"is_endless":false,"potions_floor_spawned":[1,10,11,16,18,33,36],"killed_by":"Nightmare","ascension_level":4}