{"gold_per_floor":[115,129,145,164,164,195,210,210,233,268,268,330,330,255,255,331,331,347,347,347,361,378,303,303,320,344,374,98,112,112,131,131,208,208,219,11,11,22,22,22,35,35],"floor_reached":42,"playtime":2042,"items_purged":["Ball Lightning"],"score":856,"play_id":"93372d1b-f5e7-4322-bac2-69f6c60d600b","local_time":"20190705000425","is_ascension_mode":true,"campfire_choices":[{"floor":8,"key":"REST"},{"data":"Buffer","floor":11,"key":"SMITH"},{"data":"Beam Cell","floor":13,"key":"SMITH"},{"data":"Melter","floor":15,"key":"SMITH"},{"floor":24,"key":"REST"},{"floor":30,"key":"REST"},{"floor":32,"key":"RECALL"},{"data":"Seek","floor":40,"key":"SMITH"}],"neow_cost":"NONE","seed_source_timestamp":175539376273300,"circlet_count":0,"master_deck":["AscendersBane","Dualcast","Buffer+1","Cold Snap+1","Beam Cell+1","Ball Lightning","Rainbow","Chill","Melter+1","Thunder Strike+1","Reboot","FTL","Conserve Battery","Lockon","Seek+1","Self Repair","Glacier","Creative AI","Conserve Battery","Compile Driver","Fission"],"relics":["Cracked Core","Art of War","Bag of Marbles","Boot","Smiling Mask","Pandora\u0027s Box","Nilry\u0027s Codex","Whetstone","Kunai","OrangePellets","Black Star","Orichalcum"],"potions_floor_usage":[10,18,27,29,33,42],"damage_taken":[{"damage":5,"enemies":"Small Slimes","floor":1,"turns":4},{"damage":8,"enemies":"2 Louse","floor":2,"turns":2},{"damage":5,"enemies":"Jaw Worm","floor":3,"turns":4},{"damage":10,"enemies":"Large Slime","floor":4,"turns":5},{"damage":31,"enemies":"3 Sentries","floor":6,"turns":7},{"damage":12,"enemies":"Exordium Wildlife","floor":7,"turns":4},{"damage":3,"enemies":"Gremlin Nob","floor":10,"turns":3},{"damage":1,"enemies":"3 Sentries","floor":12,"turns":6},{"damage":1,"enemies":"Slime Boss","floor":16,"turns":9},{"damage":8,"enemies":"2 Thieves","floor":18,"turns":4},{"damage":14,"enemies":"Shell Parasite","floor":21,"turns":2},{"damage":0,"enemies":"Snecko","floor":22,"turns":3},{"damage":0,"enemies":"Sentry and Sphere","floor":25,"turns":2},{"damage":32,"enemies":"Book of Stabbing","floor":27,"turns":5},{"damage":6,"enemies":"3 Cultists","floor":29,"turns":5},{"damage":0,"enemies":"Centurion and Healer","floor":31,"turns":8},{"damage":14,"enemies":"Champ","floor":33,"turns":18},{"damage":16,"enemies":"3 Shapes","floor":35,"turns":4},{"damage":2,"enemies":"Orb Walker","floor":38,"turns":3},{"damage":28,"enemies":"Jaw Worm Horde","floor":41,"turns":5},{"damage":90,"enemies":"Giant Head","floor":42,"turns":12}],"seed_played":"-5477720960940939271","potions_obtained":[{"floor":2,"key":"Energy Potion"},{"floor":3,"key":"Dexterity Potion"},{"floor":16,"key":"Block Potion"},{"floor":21,"key":"Strength Potion"},{"floor":27,"key":"SpeedPotion"},{"floor":31,"key":"Ancient Potion"},{"floor":33,"key":"Fruit Juice"},{"floor":35,"key":"SpeedPotion"}],"is_trial":false,"path_per_floor":["M","M","M","M","?","E","M","R","T","E","R","?","R","?","R","B",null,"M","?","?","M","M","?","R","M","T","E","$","M","R","M","R","B",null,"M","$","?","M","?","R","M","E"],"character_chosen":"DEFECT","items_purchased":["Conserve Battery","OrangePellets","Orichalcum"],"campfire_rested":3,"item_purchase_floors":[28,28,36],"current_hp_per_floor":[59,51,46,36,59,28,16,37,37,34,34,33,33,33,33,32,61,53,53,32,18,18,18,39,46,46,21,21,22,43,50,50,48,69,60,60,60,58,58,58,37,0],"gold":35,"neow_bonus":"TRANSFORM_CARD","is_prod":false,"is_daily":false,"chose_seed":false,"campfire_upgraded":4,"win_rate":0,"timestamp":1562252665,"path_taken":["M","M","M","M","?","E","M","R","T","E","R","?","R","?","R","BOSS","M","?","?","M","?","?","R","M","T","E","$","M","R","M","R","BOSS","M","$","?","?","?","R","M","E"],"build_version":"2019-07-01","purchased_purges":1,"victory":false,"max_hp_per_floor":[71,71,71,71,71,71,71,71,71,71,71,71,71,71,71,71,71,71,71,71,71,71,71,71,71,71,71,71,71,71,71,71,76,76,76,76,76,76,76,76,76,76],"card_choices":[{"not_picked":["Compile Driver","Leap"],"picked":"Cold Snap","floor":1},{"not_picked":["Conserve Battery","Cold Snap"],"picked":"Beam Cell","floor":2},{"not_picked":["Barrage","Stack"],"picked":"Ball Lightning","floor":3},{"not_picked":["Beam Cell","Hologram"],"picked":"Ball Lightning","floor":4},{"not_picked":["Ball Lightning","Capacitor"],"picked":"Glacier","floor":6},{"not_picked":["Leap","Hologram"],"picked":"Rainbow","floor":7},{"not_picked":["Gash","All For One"],"picked":"Chill","floor":10},{"not_picked":["Beam Cell","Streamline"],"picked":"Melter","floor":12},{"not_picked":["Rainbow","Meteor Strike"],"picked":"Thunder Strike","floor":16},{"not_picked":["Barrage+1","Hologram","Melter"],"picked":"SKIP","floor":18},{"not_picked":["Self Repair","Skim","Hologram"],"picked":"SKIP","floor":21},{"not_picked":["Stack","Hello World","Sweeping Beam"],"picked":"SKIP","floor":22},{"not_picked":["Redo","FTL"],"picked":"Glacier","floor":25},{"not_picked":["Melter+1","Turbo"],"picked":"Creative AI","floor":27},{"not_picked":["Streamline","Redo+1"],"picked":"Compile Driver","floor":29},{"not_picked":["Coolheaded","Darkness","Stack"],"picked":"SKIP","floor":31},{"not_picked":["Machine Learning","Buffer"],"picked":"Fission","floor":33},{"not_picked":["Cold Snap","Doom and Gloom","Barrage+1"],"picked":"SKIP","floor":35},{"not_picked":["Coolheaded","Glacier+1","Rebound+1"],"picked":"SKIP","floor":38},{"not_picked":["Streamline","Darkness","Chaos+1"],"picked":"SKIP","floor":41}],"player_experience":5582666,"relics_obtained":[{"floor":6,"key":"Art of War"},{"floor":9,"key":"Bag of Marbles"},{"floor":10,"key":"Boot"},{"floor":12,"key":"Smiling Mask"},{"floor":20,"key":"Nilry\u0027s Codex"},{"floor":26,"key":"Whetstone"},{"floor":27,"key":"Kunai"}],"event_choices":[{"damage_healed":23,"gold_gain":0,"player_choice":"Banana","damage_taken":0,"max_hp_gain":0,"max_hp_loss":0,"event_name":"Big Fish","floor":5,"gold_loss":0},{"damage_healed":0,"gold_gain":0,"player_choice":"Searched \u00271\u0027 times","damage_taken":0,"max_hp_gain":0,"max_hp_loss":0,"event_name":"Dead Adventurer","floor":12,"gold_loss":0},{"cards_removed":["Strike_B"],"damage_healed":0,"gold_gain":0,"player_choice":"Card Removal","damage_taken":0,"max_hp_gain":0,"max_hp_loss":0,"event_name":"The Cleric","floor":14,"gold_loss":75},{"damage_healed":0,"gold_gain":0,"cards_transformed":["Rip and Tear","Zap"],"player_choice":"Became Test Subject","damage_taken":0,"max_hp_gain":0,"max_hp_loss":0,"event_name":"Drug Dealer","floor":19,"gold_loss":0,"cards_obtained":["Seek","Self Repair"]},{"damage_healed":0,"gold_gain":0,"player_choice":"Obtained Book","damage_taken":21,"max_hp_gain":0,"max_hp_loss":0,"event_name":"Cursed Tome","floor":20,"gold_loss":0},{"cards_removed":["Rip and Tear"],"damage_healed":0,"gold_gain":0,"player_choice":"Gave Gold","damage_taken":0,"max_hp_gain":0,"max_hp_loss":0,"event_name":"Beggar","floor":23,"gold_loss":75},{"damage_healed":0,"gold_gain":0,"player_choice":"0 cards matched","damage_taken":0,"max_hp_gain":0,"max_hp_loss":0,"event_name":"Match and Keep!","floor":37,"gold_loss":0,"cards_obtained":[]},{"cards_removed":["Glacier"],"damage_healed":0,"gold_gain":0,"player_choice":"Removed Skill","damage_taken":0,"max_hp_gain":0,"max_hp_loss":0,"event_name":"Falling","floor":39,"gold_loss":0}],"is_beta":false,"boss_relics":[{"not_picked":["Runic Pyramid","Coffee Dripper"],"picked":"Pandora\u0027s Box"},{"not_picked":["FrozenCore","Velvet Choker"],"picked":"Black Star"}],"items_purged_floors":[36],"is_endless":false,"potions_floor_spawned":[2,3,16,21,27,31,33,35],"killed_by":"Giant Head","ascension_level":20}