{"gold_per_floor":[12,29,42,54,73,102,102,130,157,0,16,16,36,49,49,146,146,166,166,182,182],"floor_reached":21,"playtime":1536,"items_purged":[],"score":195,"play_id":"f4e72470-6a26-4e76-b4b4-f847a20309da","local_time":"20190717185137","is_ascension_mode":false,"campfire_choices":[{"floor":7,"key":"REST"},{"floor":15,"key":"REST"}],"neow_cost":"NO_GOLD","seed_source_timestamp":606866655506500,"circlet_count":0,"master_deck":["Strike_B","Strike_B","Strike_B","Strike_B","Defend_B","Defend_B","Defend_B","Defend_B","Zap","Dualcast","Creative AI","White Noise+1","Heatsinks","Hello World","Cold Snap","Ball Lightning","Stack+1","Doom and Gloom","Defragment","Hello World","Core Surge","Multi-Cast","Redo+1","Storm"],"relics":["Cracked Core","Potion Belt","Boot","Bag of Marbles","War Paint","Philosopher\u0027s Stone"],"potions_floor_usage":[6,6,6,21,21,21,21],"damage_taken":[{"damage":12,"enemies":"Cultist","floor":1,"turns":5},{"damage":5,"enemies":"2 Louse","floor":2,"turns":3},{"damage":2,"enemies":"Small Slimes","floor":3,"turns":3},{"damage":3,"enemies":"Exordium Wildlife","floor":4,"turns":8},{"damage":23,"enemies":"2 Fungi Beasts","floor":5,"turns":5},{"damage":23,"enemies":"Lagavulin","floor":6,"turns":11},{"damage":12,"enemies":"Gremlin Nob","floor":8,"turns":4},{"damage":0,"enemies":"Gremlin Gang","floor":11,"turns":2},{"damage":0,"enemies":"Large Slime","floor":13,"turns":4},{"damage":10,"enemies":"2 Fungi Beasts","floor":14,"turns":3},{"damage":8,"enemies":"Slime Boss","floor":16,"turns":8},{"damage":14,"enemies":"Spheric Guardian","floor":18,"turns":4},{"damage":36,"enemies":"Shell Parasite","floor":20,"turns":5},{"damage":16,"enemies":"3 Cultists","floor":21,"turns":3}],"seed_played":"-5817105194011256577","potions_obtained":[{"floor":2,"key":"Explosive Potion"},{"floor":3,"key":"SpeedPotion"},{"floor":4,"key":"SpeedPotion"},{"floor":8,"key":"Dexterity Potion"},{"floor":13,"key":"EssenceOfSteel"},{"floor":16,"key":"Dexterity Potion"},{"floor":20,"key":"FocusPotion"}],"is_trial":false,"path_per_floor":["M","M","M","M","M","E","R","E","T","$","M","$","M","M","R","B",null,"M","?","M","M"],"character_chosen":"DEFECT","items_purchased":["War Paint"],"campfire_rested":2,"item_purchase_floors":[10],"current_hp_per_floor":[63,58,56,53,30,7,29,17,17,17,17,17,17,7,29,21,75,61,47,11,0],"gold":182,"neow_bonus":"THREE_RARE_CARDS","is_prod":false,"is_daily":false,"chose_seed":false,"campfire_upgraded":0,"win_rate":0.0,"timestamp":1563407497,"path_taken":["M","M","M","M","M","E","R","E","T","$","M","$","M","M","R","BOSS","M","?","M","M"],"build_version":"2019-07-05","purchased_purges":0,"victory":false,"max_hp_per_floor":[75,75,75,75,75,75,75,75,75,75,75,75,75,75,75,75,75,75,80,80,80],"card_choices":[{"not_picked":["Echo Form","Seek"],"picked":"Creative AI","floor":0},{"not_picked":["Steam","Force Field"],"picked":"White Noise","floor":1},{"not_picked":["Fusion","Leap"],"picked":"Heatsinks","floor":2},{"not_picked":["Cold Snap","Force Field"],"picked":"Hello World","floor":3},{"not_picked":["Streamline","Sweeping Beam"],"picked":"Cold Snap","floor":4},{"not_picked":["Steam","Rebound"],"picked":"Ball Lightning","floor":5},{"not_picked":["Reprogram","Steam"],"picked":"Stack","floor":6},{"not_picked":["Coolheaded","Lockon"],"picked":"Doom and Gloom","floor":8},{"not_picked":["Melter","Consume"],"picked":"Defragment","floor":11},{"not_picked":["Barrage","Beam Cell"],"picked":"Hello World","floor":13},{"not_picked":["Conserve Battery","Tempest"],"picked":"Core Surge","floor":14},{"not_picked":["Reboot","Machine Learning"],"picked":"Multi-Cast","floor":16},{"not_picked":["Hologram+1","Cold Snap"],"picked":"Redo+1","floor":18},{"not_picked":["Hologram","Cold Snap"],"picked":"Storm","floor":20}],"player_experience":71674,"relics_obtained":[{"floor":6,"key":"Potion Belt"},{"floor":8,"key":"Boot"},{"floor":9,"key":"Bag of Marbles"}],"event_choices":[{"damage_healed":0,"gold_gain":0,"player_choice":"Shed Blood","damage_taken":19,"max_hp_gain":5,"max_hp_loss":0,"event_name":"Forgotten Altar","floor":19,"gold_loss":0}],"is_beta":false,"boss_relics":[{"not_picked":["Fusion Hammer","Runic Pyramid"],"picked":"Philosopher\u0027s Stone"}],"items_purged_floors":[],"is_endless":false,"potions_floor_spawned":[2,3,4,8,13,16,20],"killed_by":"3 Cultists","ascension_level":0}