{"gold_per_floor":[111,186,199,199,199,229,243,21,21,21,48,48,48,65,65,142,142,156,56,73,84,84,84,104,104],"floor_reached":25,"playtime":642,"items_purged":["Defend_G","Strike_G"],"score":552,"play_id":"38015ebd-9de5-4ec0-86f4-3df257f94a9e","local_time":"20190702004211","is_ascension_mode":true,"campfire_choices":[{"data":"Noxious Fumes","floor":10,"key":"SMITH"},{"data":"Deadly Poison","floor":12,"key":"SMITH"},{"data":"Footwork","floor":15,"key":"SMITH"},{"data":"Glass Knife","floor":23,"key":"SMITH"}],"neow_cost":"NONE","seed_source_timestamp":1144752898725800,"circlet_count":0,"master_deck":["AscendersBane","Defend_G","Defend_G","Defend_G+1","Defend_G+1","Strike_G","Strike_G","Strike_G","Strike_G","Survivor","Neutralize","Well Laid Plans","Underhanded Strike","Leg Sweep","Noxious Fumes+1","Dash","Deadly Poison+1","Footwork+1","Glass Knife+1","Flying Knee+1","Flechettes","Eviscerate"],"special_seed":0,"relics":["Ring of the Snake","NeowsBlessing","War Paint","Oddly Smooth Stone","Snecko Eye"],"potions_floor_usage":[16,20,24,25],"damage_taken":[{"damage":0.0,"enemies":"Small Slimes","floor":1.0,"turns":1.0},{"damage":0.0,"enemies":"Cultist","floor":3.0,"turns":1.0},{"damage":0,"enemies":"Gremlin Nob","floor":6,"turns":1},{"damage":0,"enemies":"Jaw Worm","floor":7,"turns":6},{"damage":0,"enemies":"3 Louse","floor":14,"turns":5},{"damage":0,"enemies":"The Guardian","floor":16,"turns":10},{"damage":10,"enemies":"Spheric Guardian","floor":18,"turns":5},{"damage":0,"enemies":"3 Byrds","floor":20,"turns":5},{"damage":0,"enemies":"Centurion and Healer","floor":21,"turns":6},{"damage":0,"enemies":"Sentry and Sphere","floor":24,"turns":6},{"damage":50,"enemies":"Book of Stabbing","floor":25,"turns":4}],"seed_played":"-5112642642973889531","potions_obtained":[{"floor":1.0,"key":"LiquidBronze"},{"floor":7,"key":"Energy Potion"},{"floor":18,"key":"PowerPotion"},{"floor":21,"key":"Block Potion"}],"is_trial":false,"path_per_floor":["M","?","M","?","?","E","M","$","T","R","T","R","?","M","R","B",null,"M","$","M","M","?","R","M","E"],"character_chosen":"THE_SILENT","items_purchased":["Dash","Deadly Poison"],"campfire_rested":0,"item_purchase_floors":[8,8],"current_hp_per_floor":[59,48,48,48,39,39,39,39,39,39,39,39,39,39,39,39,59,49,49,49,49,49,49,49,0],"gold":104,"neow_bonus":"THREE_ENEMY_KILL","is_prod":false,"is_daily":false,"chose_seed":false,"campfire_upgraded":4,"win_rate":0,"timestamp":1561995731,"path_taken":["M","?","M","?","?","E","?","$","T","R","?","R","?","M","R","BOSS","M","$","M","?","?","R","M","E"],"build_version":"2019-01-23","purchased_purges":2,"victory":false,"max_hp_per_floor":[66,66,66,66,66,66,66,66,66,66,66,66,66,66,66,66,66,66,66,66,66,66,66,66,66],"card_choices":[{"not_picked":["Concentrate","PiercingWail"],"picked":"Well Laid Plans","floor":1.0},{"not_picked":["Well Laid Plans","Backflip"],"picked":"Underhanded Strike","floor":3.0},{"not_picked":["Poisoned Stab","Predator"],"picked":"Leg Sweep","floor":6},{"not_picked":["Reflex","Outmaneuver"],"picked":"Noxious Fumes","floor":7},{"not_picked":["Calculated Gamble","Acrobatics"],"picked":"Footwork","floor":14},{"not_picked":["Storm of Steel","Venomology"],"picked":"Glass Knife","floor":16},{"not_picked":["Concentrate","Distraction"],"picked":"Flying Knee+1","floor":18},{"not_picked":["Slice","Quick Slash"],"picked":"Flechettes","floor":20},{"not_picked":["Backstab","Outmaneuver"],"picked":"Eviscerate","floor":21},{"not_picked":["Dodge and Roll","Setup","Poisoned Stab"],"picked":"SKIP","floor":24}],"player_experience":5547671,"relics_obtained":[{"floor":6,"key":"War Paint"},{"floor":11,"key":"Oddly Smooth Stone"}],"event_choices":[{"damage_healed":0.0,"max_hp_gain":0.0,"max_hp_loss":0.0,"gold_gain":75.0,"event_name":"World of Goop","player_choice":"Gather Gold","floor":2.0,"gold_loss":0.0,"damage_taken":11.0},{"damage_healed":0,"gold_gain":0,"player_choice":"Ignored","damage_taken":0,"max_hp_gain":0,"max_hp_loss":0,"event_name":"Liars Game","floor":4,"gold_loss":0},{"damage_healed":0,"gold_gain":0,"player_choice":"Damaged","damage_taken":9,"max_hp_gain":0,"max_hp_loss":0,"event_name":"Wheel of Change","floor":5,"gold_loss":0},{"damage_healed":0,"gold_gain":0,"player_choice":"Got Potions","damage_taken":0,"max_hp_gain":0,"max_hp_loss":0,"event_name":"Lab","floor":13,"gold_loss":0},{"damage_healed":0,"gold_gain":0,"player_choice":"Ignored","damage_taken":0,"max_hp_gain":0,"max_hp_loss":0,"event_name":"Vampires","floor":22,"gold_loss":0}],"is_beta":false,"boss_relics":[{"not_picked":["Eternal Feather","Ectoplasm"],"picked":"Snecko Eye"}],"items_purged_floors":[8,19],"is_endless":false,"potions_floor_spawned":[1,7,14,18,21],"killed_by":"Book of Stabbing","ascension_level":20}