{"gold_per_floor":[110,110,110,110,133,133,149,30,30,57,57,57,100,120,120,243,243,258,14,14,14,14,49,73,73,120,35,35,35,35,56,56,177,177,201,15,15,315,648,680,680,680,680,680,9,39,55,68,68,68],"floor_reached":51,"playtime":1357,"items_purged":[],"score":1160,"play_id":"dbdd50f6-5cdb-4234-b2a2-ff9268d289e1","local_time":"20190709203104","is_ascension_mode":true,"campfire_choices":[{"data":"Bash","floor":6,"key":"SMITH"},{"data":"Perfected Strike","floor":12,"key":"SMITH"},{"floor":15,"key":"REST"},{"data":"Pummel","floor":25,"key":"SMITH"},{"data":"Shockwave","floor":30,"key":"SMITH"},{"data":"Flame Barrier","floor":32,"key":"SMITH"},{"floor":41,"key":"REST"},{"floor":49,"key":"REST"}],"neow_cost":"NONE","seed_source_timestamp":1581678601358351,"circlet_count":0,"master_deck":["AscendersBane","Strike_R","Strike_R","Strike_R","Strike_R","Strike_R","Defend_R","Defend_R","Defend_R","Bash+1","Perfected Strike+1","Cleave+1","Pummel+1","Pommel Strike+1","Shrug It Off","Flex","Exhume","Shockwave+1","Reaper","Pommel Strike+1","Flame Barrier+1","Shockwave+1","Battle Trance+1","Twin Strike","Feed","Chrysalis","Madness","Madness","Wild Strike+1","Dual Wield","Dramatic Entrance","Rage","Flex","Spot Weakness+1","Flex"],"relics":["Burning Blood","Juzu Bracelet","Meat on the Bone","Anchor","Orichalcum","Runic Dome","Brimstone","Oddly Smooth Stone","Unceasing Top","Pen Nib","StoneCalendar","Cursed Key","Art of War","Vajra","Ornamental Fan","Potion Belt"],"potions_floor_usage":[13,14,23,33,33],"damage_taken":[{"damage":12,"enemies":"Small Slimes","floor":1,"turns":4},{"damage":10,"enemies":"Cultist","floor":5,"turns":4},{"damage":2,"enemies":"Jaw Worm","floor":7,"turns":3},{"damage":32,"enemies":"Gremlin Nob","floor":13,"turns":4},{"damage":4,"enemies":"Lots of Slimes","floor":14,"turns":3},{"damage":5,"enemies":"Slime Boss","floor":16,"turns":8},{"damage":14,"enemies":"Spheric Guardian","floor":18,"turns":4},{"damage":34,"enemies":"Slavers","floor":23,"turns":5},{"damage":4,"enemies":"Chosen","floor":24,"turns":3},{"damage":14,"enemies":"Snake Plant","floor":31,"turns":3},{"damage":31,"enemies":"Automaton","floor":33,"turns":6},{"damage":0,"enemies":"Orb Walker","floor":35,"turns":3},{"damage":46,"enemies":"Nemesis","floor":40,"turns":7},{"damage":1,"enemies":"Giant Head","floor":46,"turns":5},{"damage":11,"enemies":"3 Darklings","floor":47,"turns":3},{"damage":19,"enemies":"Spire Growth","floor":48,"turns":3},{"damage":75,"enemies":"Awakened One","floor":50,"turns":7}],"seed_played":"-617768034659490704","potions_obtained":[{"floor":7,"key":"FearPotion"},{"floor":13,"key":"Fire Potion"},{"floor":16,"key":"Ancient Potion"},{"floor":24,"key":"SteroidPotion"},{"floor":35,"key":"Explosive Potion"},{"floor":40,"key":"Explosive Potion"}],"is_trial":false,"path_per_floor":["M","?","?","?","M","R","M","$","T","T","?","R","E","M","R","B",null,"M","$","?","?","?","E","M","R","T","?","$","$","R","M","R","B",null,"M","$","?","?","?","E","R","?","T","T","$","E","M","M","R","B",null],"character_chosen":"IRONCLAD","items_purchased":["Pommel Strike","Shrug It Off","Flex","Brimstone","Block Potion","Chrysalis","Vajra","Ornamental Fan","Dual Wield","Dramatic Entrance","Rage","GamblersBrew"],"campfire_rested":3,"item_purchase_floors":[8,8,8,19,19,36,45,45,45,45,45,45],"current_hp_per_floor":[66,80,80,74,70,70,74,74,74,74,59,59,45,47,69,70,73,65,65,65,65,65,66,68,68,68,68,68,68,68,68,68,55,69,74,74,65,65,65,38,60,60,60,60,60,74,72,59,77,53],"gold":68,"neow_bonus":"RANDOM_COMMON_RELIC","is_prod":false,"is_daily":false,"chose_seed":false,"campfire_upgraded":5,"win_rate":0,"timestamp":1562700664,"path_taken":["M","?","?","?","M","R","M","$","T","?","?","R","E","M","R","BOSS","M","$","?","?","?","E","M","R","T","?","?","$","R","M","R","BOSS","M","$","?","?","?","E","R","?","T","?","$","E","M","M","R","BOSS"],"build_version":"2019-07-05","purchased_purges":0,"victory":true,"max_hp_per_floor":[80,80,80,74,74,74,74,74,74,74,74,74,74,74,74,74,74,74,74,74,74,74,74,74,74,74,74,74,74,74,74,74,74,74,74,74,74,74,74,74,74,74,74,74,74,74,77,77,77,77],"card_choices":[{"not_picked":["True Grit","Twin Strike"],"picked":"Perfected Strike","floor":1},{"not_picked":["Battle Trance","Combust"],"picked":"Cleave","floor":5},{"not_picked":["Body Slam","Sword Boomerang"],"picked":"Pummel","floor":7},{"not_picked":["Blood for Blood","Havoc"],"picked":"Exhume","floor":13},{"not_picked":["Flex","True Grit"],"picked":"Shockwave","floor":14},{"not_picked":["Limit Break","Brutality"],"picked":"Reaper","floor":16},{"not_picked":["Ghostly Armor","Twin Strike+1"],"picked":"Pommel Strike+1","floor":18},{"not_picked":["Body Slam","Carnage"],"picked":"Shockwave+1","floor":23},{"not_picked":["Headbutt","Wild Strike"],"picked":"Battle Trance+1","floor":24},{"not_picked":["Headbutt+1","Thunderclap"],"picked":"Twin Strike","floor":31},{"not_picked":["Exhume","Dark Embrace"],"picked":"Feed","floor":33},{"not_picked":["Infernal Blade","Rage","Cleave"],"picked":"SKIP","floor":35},{"not_picked":["Rampage","Armaments+1"],"picked":"Wild Strike+1","floor":40},{"not_picked":["Shrug It Off","Armaments"],"picked":"Flex","floor":46},{"not_picked":["Dual Wield","Clothesline"],"picked":"Spot Weakness+1","floor":47},{"not_picked":["Impervious","Sword Boomerang"],"picked":"Flex","floor":48}],"player_experience":303929,"relics_obtained":[{"floor":9,"key":"Meat on the Bone"},{"floor":10,"key":"Anchor"},{"floor":13,"key":"Orichalcum"},{"floor":23,"key":"Unceasing Top"},{"floor":26,"key":"Pen Nib"},{"floor":40,"key":"Art of War"},{"floor":46,"key":"Potion Belt"}],"event_choices":[{"damage_healed":14,"gold_gain":0,"player_choice":"Full Heal","damage_taken":0,"max_hp_gain":0,"max_hp_loss":0,"event_name":"Wheel of Change","floor":2,"gold_loss":0},{"damage_healed":0,"gold_gain":0,"player_choice":"Ignored","damage_taken":0,"max_hp_gain":0,"max_hp_loss":0,"event_name":"Golden Wing","floor":3,"gold_loss":0},{"damage_healed":0,"gold_gain":0,"player_choice":"Lose Max HP","damage_taken":0,"relics_obtained":["Golden Idol"],"max_hp_gain":0,"max_hp_loss":6,"event_name":"Golden Idol","floor":4,"gold_loss":0},{"damage_healed":0,"gold_gain":0,"player_choice":"Entered Light","damage_taken":15,"max_hp_gain":0,"max_hp_loss":0,"event_name":"Shining Light","floor":11,"gold_loss":0,"cards_upgraded":["Cleave","Pommel Strike"]},{"damage_healed":0,"gold_gain":0,"player_choice":"Ignored","damage_taken":0,"max_hp_gain":0,"max_hp_loss":0,"event_name":"Ghosts","floor":20,"gold_loss":0},{"damage_healed":0,"gold_gain":0,"player_choice":"Opened","damage_taken":0,"relics_obtained":["Oddly Smooth Stone"],"max_hp_gain":0,"max_hp_loss":0,"event_name":"The Mausoleum","floor":21,"gold_loss":0},{"damage_healed":0,"gold_gain":0,"player_choice":"Read","damage_taken":0,"max_hp_gain":0,"max_hp_loss":0,"event_name":"The Library","floor":22,"gold_loss":0,"cards_obtained":["Flame Barrier"]},{"damage_healed":0,"gold_gain":0,"player_choice":"Obtained Relic","damage_taken":0,"relics_obtained":["StoneCalendar"],"max_hp_gain":0,"max_hp_loss":0,"event_name":"Addict","floor":27,"gold_loss":85},{"damage_healed":0,"gold_gain":0,"player_choice":"Embrace Madness","damage_taken":9,"max_hp_gain":0,"max_hp_loss":0,"event_name":"Winding Halls","floor":37,"gold_loss":0,"cards_obtained":["Madness","Madness"]},{"damage_healed":0,"gold_gain":300,"player_choice":"Gold","damage_taken":0,"max_hp_gain":0,"max_hp_loss":0,"event_name":"Wheel of Change","floor":38,"gold_loss":0},{"damage_healed":0,"gold_gain":333,"player_choice":"Gave Idol","damage_taken":0,"max_hp_gain":0,"max_hp_loss":0,"event_name":"The Moai Head","floor":39,"relics_lost":["Golden Idol"],"gold_loss":0},{"cards_removed":["Defend_R"],"damage_healed":0,"gold_gain":0,"player_choice":"Removed Skill","damage_taken":0,"max_hp_gain":0,"max_hp_loss":0,"event_name":"Falling","floor":42,"gold_loss":0}],"is_beta":false,"boss_relics":[{"not_picked":["Orrery","Eternal Feather"],"picked":"Runic Dome"},{"not_picked":["Tiny House","Runic Pyramid"],"picked":"Cursed Key"}],"items_purged_floors":[],"is_endless":false,"potions_floor_spawned":[7,13,16,24,35,40],"ascension_level":10}