{"gold_per_floor":[117,5,5,5,20,20,55,55,79,137,137,137,147,165,165,238,238,252,252,124,24,34,34,59,75,75,92,108,108,133,133,133,204,204,216,229,229,104,326,354,354,354,354,374,474,503,503,531,531,531,531,531,531,16,51,51],"floor_reached":57,"playtime":1728,"items_purged":["Strike_R","Defend_R","Defend_R","Defend_R"],"score":2928,"play_id":"231741d9-50b8-49c3-ac61-290af402ce7d","local_time":"20190413033333","is_ascension_mode":true,"campfire_choices":[{"data":"Armaments","floor":6.0,"key":"SMITH"},{"data":"Body Slam","floor":8.0,"key":"SMITH"},{"data":"True Grit","floor":11.0,"key":"SMITH"},{"data":"Entrench","floor":15.0,"key":"SMITH"},{"data":"Offering","floor":23.0,"key":"SMITH"},{"floor":29.0,"key":"REST"},{"data":"Body Slam","floor":32.0,"key":"SMITH"},{"floor":41.0,"key":"RECALL"},{"data":"Exhume","floor":47.0,"key":"SMITH"},{"floor":49.0,"key":"REST"},{"data":"Impervious","floor":53.0,"key":"SMITH"}],"neow_cost":"NONE","seed_source_timestamp":97967176604400,"circlet_count":0,"master_deck":["AscendersBane","Bash","Entrench+1","Body Slam+1","Armaments+1","True Grit+1","Impervious+1","Shrug It Off","Offering+1","Body Slam+1","Power Through","Exhume+1","Entrench+1","Feel No Pain+1","Evolve+1"],"special_seed":0,"relics":["Burning Blood","NeowsBlessing","Potion Belt","Anchor","Tiny Chest","Empty Cage","Bronze Scales","Shuriken","Red Mask","Matryoshka","Runic Cube","Omamori","Happy Flower","Frozen Egg 2","Mango","Toxic Egg 2","Sundial","Oddly Smooth Stone","Mercury Hourglass"],"potions_floor_usage":[56,56,56,56],"damage_taken":[{"damage":0.0,"enemies":"Jaw Worm","floor":1.0,"turns":1.0},{"damage":0.0,"enemies":"2 Louse","floor":5.0,"turns":1.0},{"damage":0.0,"enemies":"Lagavulin","floor":7.0,"turns":1.0},{"damage":32.0,"enemies":"Gremlin Nob","floor":10.0,"turns":4.0},{"damage":0.0,"enemies":"Cultist","floor":13.0,"turns":2.0},{"damage":10.0,"enemies":"Exordium Thugs","floor":14.0,"turns":4.0},{"damage":25.0,"enemies":"Hexaghost","floor":16.0,"turns":9.0},{"damage":33.0,"enemies":"Shell Parasite","floor":18.0,"turns":6.0},{"damage":0.0,"enemies":"Spheric Guardian","floor":22.0,"turns":1.0},{"damage":6.0,"enemies":"Slavers","floor":24.0,"turns":4.0},{"damage":26.0,"enemies":"Cultist and Chosen","floor":25.0,"turns":6.0},{"damage":0.0,"enemies":"Snake Plant","floor":27.0,"turns":3.0},{"damage":0.0,"enemies":"Centurion and Healer","floor":28.0,"turns":6.0},{"damage":6.0,"enemies":"Masked Bandits","floor":30.0,"turns":3.0},{"damage":39.0,"enemies":"Automaton","floor":33.0,"turns":12.0},{"damage":12.0,"enemies":"3 Darklings","floor":35.0,"turns":5.0},{"damage":6.0,"enemies":"3 Shapes","floor":36.0,"turns":5.0},{"damage":12.0,"enemies":"Giant Head","floor":40.0,"turns":1.0},{"damage":6.0,"enemies":"Spire Growth","floor":44.0,"turns":2.0},{"damage":6.0,"enemies":"Mind Bloom Boss Battle","floor":45.0,"turns":1.0},{"damage":18.0,"enemies":"Reptomancer","floor":46.0,"turns":3.0},{"damage":6.0,"enemies":"Giant Head","floor":48.0,"turns":2.0},{"damage":18.0,"enemies":"Donu and Deca","floor":50.0,"turns":2.0},{"damage":52.0,"enemies":"Time Eater","floor":51.0,"turns":5.0},{"damage":61.0,"enemies":"Shield and Spear","floor":55.0,"turns":6.0},{"damage":8,"enemies":"The Heart","floor":56,"turns":6}],"seed_played":"6279760859474664534","potions_obtained":[{"floor":7.0,"key":"FearPotion"},{"floor":13.0,"key":"SkillPotion"},{"floor":16.0,"key":"GamblersBrew"},{"floor":22.0,"key":"SkillPotion"},{"floor":28.0,"key":"SpeedPotion"},{"floor":35.0,"key":"Poison Potion"},{"floor":36.0,"key":"Explosive Potion"},{"floor":48.0,"key":"AttackPotion"},{"floor":55.0,"key":"GamblersBrew"}],"is_trial":false,"path_per_floor":["M","$","?","?","M","R","E","R","T","E","R","?","M","M","R","B",null,"M","T","$","$","M","R","E","M","T","M","M","R","?","T","R","B",null,"M","M","?","$","?","E","R","?","T","M","?","E","R","E","R","B","B",null,"R","$","E","B",null],"character_chosen":"IRONCLAD","items_purchased":["Body Slam","Armaments","Body Slam","Oddly Smooth Stone","Dexterity Potion","Evolve+1","SpeedPotion"],"campfire_rested":2,"item_purchase_floors":[2,2,20,54,54,54,54],"current_hp_per_floor":[74,74,74,67,73,73,75,75,75,49,49,49,55,51,51,32,64,37,37,37,37,43,43,43,23,23,29,35,57,57,57,57,24,62,56,56,56,56,56,50,50,50,50,50,64,52,52,52,78,66,20,72,72,72,17,15],"gold":51,"neow_bonus":"THREE_ENEMY_KILL","is_prod":false,"is_daily":false,"chose_seed":false,"campfire_upgraded":8,"win_rate":0,"timestamp":1555094013,"path_taken":["M","$","?","?","M","R","E","R","T","E","R","?","M","?","R","BOSS","M","?","?","$","M","R","E","?","T","M","M","R","?","?","R","BOSS","M","M","?","$","?","E","R","?","T","M","?","E","R","E","R","BOSS","BOSS","R","$","E","BOSS"],"build_version":"2019-01-23","purchased_purges":4,"victory":true,"max_hp_per_floor":[75,75,75,75,75,75,75,75,75,75,75,75,75,75,75,75,75,75,75,75,75,75,75,75,75,75,75,75,75,75,75,75,75,75,75,75,75,75,75,75,75,75,75,75,89,89,89,89,89,89,89,89,89,89,89,89],"card_choices":[{"not_picked":["Iron Wave","Hemokinesis"],"picked":"Entrench","floor":1.0},{"not_picked":["Infernal Blade","Perfected Strike"],"picked":"True Grit","floor":5.0},{"not_picked":["Warcry","Blood for Blood"],"picked":"Impervious","floor":7.0},{"not_picked":["Corruption","Carnage","Perfected Strike"],"picked":"SKIP","floor":10.0},{"not_picked":["Clash","Cleave"],"picked":"Shrug It Off","floor":13.0},{"not_picked":["Cleave","Havoc","Rupture"],"picked":"SKIP","floor":14.0},{"not_picked":["Brutality","Reaper"],"picked":"Offering","floor":16.0},{"not_picked":["Rupture","Perfected Strike","Heavy Blade"],"picked":"SKIP","floor":18.0},{"not_picked":["Whirlwind","Dropkick","Wild Strike"],"picked":"SKIP","floor":22.0},{"not_picked":["Thunderclap","Headbutt","Fire Breathing"],"picked":"SKIP","floor":24.0},{"not_picked":["Thunderclap","Headbutt","Fire Breathing"],"picked":"SKIP","floor":24.0},{"not_picked":["Bloodletting","Headbutt","Sword Boomerang"],"picked":"SKIP","floor":25.0},{"not_picked":["Body Slam","Clothesline","Carnage+1"],"picked":"SKIP","floor":27.0},{"not_picked":["Headbutt","True Grit"],"picked":"Power Through","floor":28.0},{"not_picked":["Brutality","Double Tap"],"picked":"Exhume","floor":33.0},{"not_picked":["Havoc+1","Flex+1","Perfected Strike"],"picked":"SKIP","floor":35.0},{"not_picked":["True Grit","Disarm","Rage"],"picked":"SKIP","floor":36.0},{"not_picked":["Iron Wave","Shrug It Off","Perfected Strike"],"picked":"SKIP","floor":40.0},{"not_picked":["Headbutt+1","Dropkick","Shrug It Off"],"picked":"SKIP","floor":44.0},{"not_picked":["Limit Break","Headbutt"],"picked":"Entrench+1","floor":46.0},{"not_picked":["True Grit+1","Armaments+1"],"picked":"Feel No Pain+1","floor":48.0},{"not_picked":["Perfected Strike","True Grit+1","Clothesline"],"picked":"SKIP","floor":55.0}],"player_experience":4773326,"relics_obtained":[{"floor":7.0,"key":"Potion Belt"},{"floor":9.0,"key":"Anchor"},{"floor":10.0,"key":"Tiny Chest"},{"floor":24.0,"key":"Bronze Scales"},{"floor":26.0,"key":"Shuriken"},{"floor":30.0,"key":"Red Mask"},{"floor":31.0,"key":"Matryoshka"},{"floor":40.0,"key":"Omamori"},{"floor":43.0,"key":"Happy Flower"},{"floor":43.0,"key":"Frozen Egg 2"},{"floor":45.0,"key":"Mango"},{"floor":46.0,"key":"Toxic Egg 2"},{"floor":48.0,"key":"Sundial"},{"floor":55.0,"key":"Mercury Hourglass"}],"event_choices":[{"cards_removed":["Strike_R"],"damage_healed":0.0,"max_hp_gain":0.0,"max_hp_loss":0.0,"gold_gain":0.0,"event_name":"Living Wall","player_choice":"Forget","floor":3.0,"gold_loss":0.0,"damage_taken":0.0},{"cards_removed":["Strike_R"],"damage_healed":0.0,"max_hp_gain":0.0,"max_hp_loss":0.0,"gold_gain":0.0,"event_name":"Golden Wing","player_choice":"Card Removal","floor":4.0,"gold_loss":0.0,"damage_taken":7.0},{"damage_healed":0.0,"max_hp_gain":0.0,"max_hp_loss":0.0,"gold_gain":0.0,"cards_transformed":["Defend_R"],"event_name":"Transmorgrifier","player_choice":"Transformed","floor":12.0,"gold_loss":0.0,"damage_taken":0.0,"cards_obtained":["Corruption"]},{"damage_healed":0.0,"max_hp_gain":0.0,"max_hp_loss":0.0,"gold_gain":0.0,"event_name":"Masked Bandits","player_choice":"Fought Bandits","floor":30.0,"gold_loss":0.0,"damage_taken":0.0},{"damage_healed":0.0,"max_hp_gain":0.0,"max_hp_loss":0.0,"gold_gain":0.0,"event_name":"SensoryStone","player_choice":"Memory 1","floor":37.0,"gold_loss":0.0,"damage_taken":0.0},{"damage_healed":0.0,"max_hp_gain":0.0,"max_hp_loss":0.0,"gold_gain":222.0,"event_name":"Tomb of Lord Red Mask","player_choice":"Wore Mask","floor":39.0,"gold_loss":0.0,"damage_taken":0.0},{"cards_removed":["Corruption"],"damage_healed":0.0,"max_hp_gain":0.0,"max_hp_loss":0.0,"gold_gain":0.0,"event_name":"Falling","player_choice":"Removed Power","floor":42.0,"gold_loss":0.0,"damage_taken":0.0},{"damage_healed":0.0,"max_hp_gain":0.0,"max_hp_loss":0.0,"gold_gain":0.0,"event_name":"MindBloom","player_choice":"Fight","floor":45.0,"gold_loss":0.0,"damage_taken":0.0}],"is_beta":false,"boss_relics":[{"not_picked":["Black Blood","Eternal Feather"],"picked":"Empty Cage"},{"not_picked":["Pandora\u0027s Box","Velvet Choker"],"picked":"Runic Cube"}],"items_purged_floors":[20,21,38,54],"is_endless":false,"potions_floor_spawned":[7,13,16,22,28,35,36,48,55],"ascension_level":20}