{"gold_per_floor":[115,133,145,145,159,159,170,66,66,83,83,110,123,143,143,217,217,234,249,30,45,45,77,77,103,127,157,157,183,202,202,202,281,281,297,308,53,72,72,72,172,190,190,190,223,42,74,86,86,86],"floor_reached":50,"playtime":1942,"items_purged":["Strike_G","Skewer"],"score":1393,"play_id":"a81c5631-bc43-4772-a4d7-167342ee6606","local_time":"20190725031043","is_ascension_mode":true,"campfire_choices":[{"data":"Cloak And Dagger","floor":6.0,"key":"SMITH"},{"data":"Malaise","floor":11.0,"key":"SMITH"},{"data":"Infinite Blades","floor":15.0,"key":"SMITH"},{"floor":24.0,"key":"REST"},{"data":"Blade Dance","floor":32.0,"key":"SMITH"},{"floor":40.0,"key":"REST"},{"floor":49,"key":"RECALL"}],"neow_cost":"","seed_source_timestamp":61600959239600,"circlet_count":0,"master_deck":["AscendersBane","Survivor","Neutralize","Dagger Spray","Cloak And Dagger+1","Backstab","Dagger Throw","Leg Sweep","PiercingWail","Malaise+1","Backstab","Tactician","Infinite Blades+1","After Image","Concentrate","Malaise","Bullet Time","Night Terror","Well Laid Plans","Choke","Tools of the Trade","Backflip+1","Infinite Blades","PiercingWail","Blur","Endless Agony","Blade Dance+1","Calculated Gamble","A Thousand Cuts","Finisher+1","Footwork","Finisher+1","Bandage Up","Master of Strategy","Panache","Well Laid Plans","Envenom","Master of Strategy","Noxious Fumes+1"],"special_seed":0,"relics":["Ring of the Snake","Charon\u0027s Ashes","FaceOfCleric","Question Card","Pandora\u0027s Box","Membership Card","Paper Crane","Blue Candle","PreservedInsect","Happy Flower","Pantograph","Eternal Feather","Tiny Chest","Medical Kit","Ginger","Boot","Mango","The Courier"],"potions_floor_usage":[45],"damage_taken":[{"damage":0.0,"enemies":"2 Louse","floor":1.0,"turns":4.0},{"damage":0.0,"enemies":"Cultist","floor":2.0,"turns":4.0},{"damage":0.0,"enemies":"Small Slimes","floor":3.0,"turns":3.0},{"damage":1.0,"enemies":"Blue Slaver","floor":5.0,"turns":3.0},{"damage":0.0,"enemies":"3 Louse","floor":7.0,"turns":3.0},{"damage":4.0,"enemies":"Large Slime","floor":10.0,"turns":4.0},{"damage":16.0,"enemies":"Gremlin Nob","floor":12.0,"turns":4.0},{"damage":0.0,"enemies":"2 Fungi Beasts","floor":13.0,"turns":2.0},{"damage":0.0,"enemies":"Red Slaver","floor":14.0,"turns":1.0},{"damage":7.0,"enemies":"Hexaghost","floor":16.0,"turns":10.0},{"damage":0.0,"enemies":"3 Byrds","floor":18.0,"turns":3.0},{"damage":0.0,"enemies":"Spheric Guardian","floor":19.0,"turns":4.0},{"damage":7.0,"enemies":"Snake Plant","floor":21.0,"turns":3.0},{"damage":16.0,"enemies":"Book of Stabbing","floor":23.0,"turns":7.0},{"damage":2.0,"enemies":"Gremlin Leader","floor":25.0,"turns":6.0},{"damage":11.0,"enemies":"Book of Stabbing","floor":27.0,"turns":4.0},{"damage":0.0,"enemies":"Gremlin Leader","floor":29.0,"turns":6.0},{"damage":6.0,"enemies":"Centurion and Healer","floor":30.0,"turns":5.0},{"damage":50.0,"enemies":"Collector","floor":33.0,"turns":9.0},{"damage":0.0,"enemies":"3 Shapes","floor":35.0,"turns":6.0},{"damage":7.0,"enemies":"Orb Walker","floor":36.0,"turns":4.0},{"damage":26.0,"enemies":"Maw","floor":38.0,"turns":8.0},{"damage":0.0,"enemies":"Mind Bloom Boss Battle","floor":41.0,"turns":5.0},{"damage":45,"enemies":"Transient","floor":42,"turns":6},{"damage":0,"enemies":"Giant Head","floor":45,"turns":6},{"damage":0,"enemies":"Nemesis","floor":47,"turns":5},{"damage":0,"enemies":"3 Darklings","floor":48,"turns":3},{"damage":120,"enemies":"Donu and Deca","floor":50,"turns":4}],"seed_played":"-2733293049907657127","potions_obtained":[{"floor":2.0,"key":"LiquidBronze"},{"floor":12.0,"key":"SpeedPotion"},{"floor":13.0,"key":"SteroidPotion"},{"floor":16.0,"key":"Explosive Potion"},{"floor":19.0,"key":"SteroidPotion"},{"floor":29.0,"key":"Swift Potion"},{"floor":36.0,"key":"PowerPotion"},{"floor":45,"key":"GamblersBrew"}],"is_trial":true,"path_per_floor":["M","M","M","?","M","R","M","$","T","M","R","E","M","M","R","B",null,"M","M","$","M","?","E","R","E","T","E","?","E","M","?","R","B",null,"M","M","$","M","?","R","?","M","T","?","E","$","E","M","R","B"],"character_chosen":"THE_SILENT","items_purchased":["PiercingWail","Membership Card","Tiny Chest","Medical Kit","Footwork","Envenom","Master of Strategy"],"campfire_rested":2,"item_purchase_floors":[8,20,37,37,37,46,46],"current_hp_per_floor":[59,59,59,59,59,59,60,60,60,57,57,42,43,44,44,38,64,65,66,66,60,60,45,68,67,67,57,34,35,30,30,30,6,67,68,62,62,37,27,75,91,51,51,51,70,70,75,80,101,0],"gold":86,"neow_bonus":"","is_prod":false,"is_daily":false,"chose_seed":false,"campfire_upgraded":4,"win_rate":0,"timestamp":1563991843,"path_taken":["M","M","M","?","M","R","M","$","T","M","R","E","?","M","R","BOSS","M","M","$","M","?","E","R","E","T","E","?","E","M","?","R","BOSS","M","M","$","M","?","R","?","M","T","?","E","$","E","M","R","BOSS"],"build_version":"2019-07-17","purchased_purges":2,"victory":false,"max_hp_per_floor":[66,66,66,66,67,67,68,68,68,69,69,70,71,72,72,73,73,74,75,75,76,76,77,77,78,78,79,84,85,86,86,86,87,87,88,89,89,90,90,90,91,92,92,92,107,107,108,109,109,109],"card_choices":[{"not_picked":["Prepared","Deadly Poison"],"picked":"Dagger Spray","floor":1.0},{"not_picked":["Underhanded Strike","Quick Slash"],"picked":"Cloak And Dagger","floor":2.0},{"not_picked":["Backflip","Reflex"],"picked":"Backstab","floor":3.0},{"not_picked":["Dagger Spray","Flying Knee"],"picked":"Dagger Throw","floor":5.0},{"not_picked":["Deadly Poison","All Out Attack"],"picked":"Leg Sweep","floor":7.0},{"not_picked":["Escape Plan","Prepared"],"picked":"Malaise","floor":10.0},{"not_picked":["Sucker Punch","PiercingWail"],"picked":"Backstab","floor":12.0},{"not_picked":["Poisoned Stab","Dagger Spray","Reflex"],"picked":"Tactician","floor":13.0},{"not_picked":["Flying Knee","Bouncing Flask","Dagger Spray"],"picked":"Infinite Blades","floor":14.0},{"not_picked":["Die Die Die","Grand Finale","Burst"],"picked":"After Image","floor":16.0},{"not_picked":["Dodge and Roll","Reflex","Bane","Catalyst"],"picked":"SKIP","floor":18.0},{"not_picked":["Quick Slash+1","Dodge and Roll+1","Doppelganger"],"picked":"Backflip+1","floor":19.0},{"not_picked":["Outmaneuver+1","Expertise","Quick Slash"],"picked":"Infinite Blades","floor":21.0},{"not_picked":["Deadly Poison","Poisoned Stab","Dagger Spray"],"picked":"PiercingWail","floor":23.0},{"not_picked":["Caltrops","PiercingWail","Deflect","Dagger Throw"],"picked":"SKIP","floor":25.0},{"not_picked":["Backflip","Blur","Deadly Poison","Sucker Punch+1"],"picked":"SKIP","floor":27.0},{"not_picked":["Backflip","Deadly Poison","Sucker Punch+1"],"picked":"Blur","floor":27.0},{"not_picked":["Predator+1","Finisher","Deflect"],"picked":"Endless Agony","floor":29.0},{"not_picked":["Prepared","Doppelganger","Well Laid Plans"],"picked":"Blade Dance","floor":30.0},{"not_picked":["Corpse Explosion","Doppelganger","Die Die Die"],"picked":"A Thousand Cuts","floor":33.0},{"not_picked":["Sucker Punch+1","Dagger Spray","Quick Slash"],"picked":"Finisher+1","floor":35.0},{"not_picked":["Bane","Masterful Stab","Dagger Spray","Sucker Punch"],"picked":"SKIP","floor":36.0},{"not_picked":["Dagger Throw","Deflect","Quick Slash"],"picked":"Finisher+1","floor":38.0},{"not_picked":["Madness","Deep Breath","Sadistic Nature"],"picked":"Bandage Up","floor":39.0},{"not_picked":["Flash of Steel","Panache","Jack Of All Trades"],"picked":"Master of Strategy","floor":39.0},{"not_picked":["Finesse","Trip","Impatience"],"picked":"Panache","floor":39.0},{"not_picked":["Underhanded Strike","Skewer","Slice"],"picked":"Well Laid Plans","floor":42},{"not_picked":["Backstab","Leg Sweep","Dagger Throw","Poisoned Stab"],"picked":"SKIP","floor":45},{"not_picked":["Storm of Steel","Well Laid Plans+1","Slice","Concentrate"],"picked":"SKIP","floor":47},{"not_picked":["Backflip","Prepared","Deflect"],"picked":"Noxious Fumes+1","floor":48}],"player_experience":5813558,"relics_obtained":[{"floor":12.0,"key":"Question Card"},{"floor":23.0,"key":"Paper Crane"},{"floor":25.0,"key":"Blue Candle"},{"floor":26.0,"key":"PreservedInsect"},{"floor":27.0,"key":"Happy Flower"},{"floor":29.0,"key":"Pantograph"},{"floor":41.0,"key":"Ginger"},{"floor":43,"key":"Boot"},{"floor":45,"key":"Mango"},{"floor":47,"key":"The Courier"}],"event_choices":[{"damage_healed":0.0,"max_hp_gain":0.0,"max_hp_loss":0.0,"gold_gain":0.0,"event_name":"FaceTrader","player_choice":"Trade","floor":4.0,"gold_loss":0.0,"damage_taken":0.0,"relics_obtained":["FaceOfCleric"]},{"cards_removed":["Bullet Time"],"damage_healed":0.0,"max_hp_gain":0.0,"max_hp_loss":0.0,"gold_gain":0.0,"event_name":"Back to Basics","player_choice":"Elegance","floor":22.0,"gold_loss":0.0,"damage_taken":0.0},{"damage_healed":0.0,"max_hp_gain":5.0,"max_hp_loss":0.0,"gold_gain":0.0,"event_name":"Forgotten Altar","player_choice":"Shed Blood","floor":28.0,"gold_loss":0.0,"damage_taken":28.0},{"damage_healed":0.0,"max_hp_gain":0.0,"max_hp_loss":0.0,"gold_gain":0.0,"event_name":"The Library","player_choice":"Read","floor":31.0,"gold_loss":0.0,"damage_taken":0.0,"cards_obtained":["Calculated Gamble"]},{"damage_healed":0.0,"max_hp_gain":0.0,"max_hp_loss":0.0,"gold_gain":0.0,"event_name":"SensoryStone","player_choice":"Memory 3","floor":39.0,"gold_loss":0.0,"damage_taken":10.0},{"damage_healed":0.0,"max_hp_gain":0.0,"max_hp_loss":0.0,"gold_gain":0.0,"event_name":"MindBloom","player_choice":"Fight","floor":41.0,"gold_loss":0.0,"damage_taken":0.0},{"damage_healed":0,"gold_gain":0,"player_choice":"Ignored","damage_taken":0,"max_hp_gain":0,"max_hp_loss":0,"event_name":"Mysterious Sphere","floor":44,"gold_loss":0}],"is_beta":false,"boss_relics":[{"not_picked":["Sozu","Orrery"],"picked":"Pandora\u0027s Box"},{"not_picked":["Coffee Dripper","Cursed Key"],"picked":"Eternal Feather"}],"items_purged_floors":[8,37],"is_endless":false,"potions_floor_spawned":[2,12,13,16,19,21,23,29,35,36,41,45,48],"killed_by":"Donu and Deca","ascension_level":20}