{"gold_per_floor":[117,129,149,224,247,247,274,274,297,297,144,157,173,207,207,284,284,301,315,315,54,67,102,120,147,225,242,269,269,269,108,108,181,181,197,197,215,234,32,64,64,89,139,155,155,184,34,34,34,34,34,34,34,34,62,62],"floor_reached":57,"playtime":1770,"items_purged":["Strike_R","Strike_R","Defend_R","Hello World+1"],"score":3041,"play_id":"2c0a02ed-9029-423d-8de7-d53176ad57e1","local_time":"20190511040729","daily_mods":["Diverse"],"is_ascension_mode":true,"campfire_choices":[{"data":"Inflame","floor":6,"key":"SMITH"},{"data":"Mayhem","floor":8,"key":"SMITH"},{"data":"Mayhem","floor":10,"key":"SMITH"},{"data":"Wraith Form v2","floor":15,"key":"SMITH"},{"data":"Wraith Form v2","floor":29,"key":"SMITH"},{"data":"A Thousand Cuts","floor":32,"key":"SMITH"},{"data":"Juggernaut","floor":41,"key":"SMITH"},{"data":"Bludgeon","floor":45,"key":"SMITH"},{"floor":49,"key":"RECALL"},{"data":"After Image","floor":53,"key":"SMITH"}],"neow_cost":"","seed_source_timestamp":455632289340700,"circlet_count":0,"master_deck":["Mayhem+1","Mayhem+1","Mayhem","Mayhem","Defend_R+1","Defend_R","Defend_R+1","Bash","Strike_R","Dropkick","Inflame+1","Dash","Wraith Form v2+1","Accuracy","Shockwave+1","Blade Dance","After Image+1","Wraith Form v2+1","Force Field","A Thousand Cuts+1","Juggernaut+1","Terror+1","Blur","Bludgeon+1","Doppelganger","Noxious Fumes"],"relics":["Black Blood","Mummified Hand","Red Skull","Letter Opener","War Paint","Mercury Hourglass","Blood Vial","Anchor","Juzu Bracelet","Oddly Smooth Stone","Black Star","Bag of Preparation","Question Card","Art of War","Champion Belt","Ancient Tea Set","Regal Pillow","Bronze Scales","Ice Cream","Strawberry"],"potions_floor_usage":[13,28,55,55,55],"damage_taken":[{"damage":0,"enemies":"Cultist","floor":1,"turns":4},{"damage":4,"enemies":"Jaw Worm","floor":2,"turns":4},{"damage":10,"enemies":"Small Slimes","floor":3,"turns":6},{"damage":40,"enemies":"3 Sentries","floor":7,"turns":8},{"damage":0,"enemies":"Exordium Thugs","floor":12,"turns":3},{"damage":5,"enemies":"Lots of Slimes","floor":13,"turns":3},{"damage":0,"enemies":"Gremlin Nob","floor":14,"turns":3},{"damage":4,"enemies":"The Guardian","floor":16,"turns":5},{"damage":3,"enemies":"Spheric Guardian","floor":18,"turns":4},{"damage":34,"enemies":"3 Byrds","floor":19,"turns":5},{"damage":0,"enemies":"Shelled Parasite and Fungi","floor":22,"turns":5},{"damage":14,"enemies":"Book of Stabbing","floor":23,"turns":5},{"damage":6,"enemies":"Snecko","floor":24,"turns":5},{"damage":31,"enemies":"Gremlin Leader","floor":25,"turns":5},{"damage":6,"enemies":"Snake Plant","floor":27,"turns":5},{"damage":17,"enemies":"Book of Stabbing","floor":28,"turns":5},{"damage":4,"enemies":"Automaton","floor":33,"turns":8},{"damage":15,"enemies":"3 Darklings","floor":35,"turns":3},{"damage":0,"enemies":"Orb Walker","floor":37,"turns":3},{"damage":20,"enemies":"4 Shapes","floor":38,"turns":3},{"damage":0,"enemies":"Reptomancer","floor":40,"turns":3},{"damage":13,"enemies":"Giant Head","floor":42,"turns":6},{"damage":0,"enemies":"Spire Growth","floor":44,"turns":4},{"damage":0,"enemies":"Reptomancer","floor":46,"turns":5},{"damage":0,"enemies":"Donu and Deca","floor":50,"turns":5},{"damage":22,"enemies":"Awakened One","floor":51,"turns":9},{"damage":32,"enemies":"Shield and Spear","floor":55,"turns":5},{"damage":16,"enemies":"The Heart","floor":56,"turns":7}],"seed_played":"518182975679018834","potions_obtained":[{"floor":1,"key":"SkillPotion"},{"floor":2,"key":"Explosive Potion"},{"floor":16,"key":"Ancient Potion"},{"floor":23,"key":"Regen Potion"},{"floor":28,"key":"Ancient Potion"},{"floor":36,"key":"SpeedPotion"},{"floor":55,"key":"Fruit Juice"}],"is_trial":true,"path_per_floor":["M","M","M","?","T","R","E","R","T","R","$","M","M","E","R","B",null,"M","M","?","$","M","E","M","E","T","M","E","R","?","$","R","B",null,"M","?","M","M","$","E","R","E","T","M","R","E","$","?","R","B","B",null,"R","$","E","B",null],"character_chosen":"IRONCLAD","items_purchased":["Dash","Blood Vial","A Thousand Cuts","Blur"],"campfire_rested":0,"item_purchase_floors":[11,21,31,39],"current_hp_per_floor":[74,75,71,60,60,60,26,26,26,26,26,32,33,39,39,41,67,74,50,50,50,62,60,66,47,47,53,62,62,62,62,62,70,74,70,70,75,65,65,75,75,72,72,75,75,75,75,75,75,75,63,72,72,72,64,60],"gold":62,"neow_bonus":"","is_prod":false,"is_daily":false,"chose_seed":false,"campfire_upgraded":9,"win_rate":0,"timestamp":1557515249,"path_taken":["M","M","M","?","?","R","E","R","T","R","$","M","?","E","R","BOSS","M","?","?","$","M","E","?","E","T","M","E","R","?","$","R","BOSS","M","?","M","M","$","E","R","E","T","M","R","E","$","?","R","BOSS","BOSS","R","$","E","BOSS"],"build_version":"2019-01-23","purchased_purges":4,"victory":true,"max_hp_per_floor":[75,75,75,75,75,75,75,75,75,75,75,75,75,75,75,75,75,75,75,75,75,75,75,75,75,75,75,75,75,75,75,75,75,75,75,75,75,75,75,75,75,75,75,75,75,75,75,75,75,75,75,75,75,75,87,87],"card_choices":[{"not_picked":["Hemokinesis","Sucker Punch","Finisher"],"picked":"SKIP","floor":1},{"not_picked":["Rebound","Sweeping Beam"],"picked":"Dropkick","floor":2},{"not_picked":["Inflame","Flechettes","Clash"],"picked":"SKIP","floor":3},{"not_picked":["Flechettes","Clash"],"picked":"Inflame","floor":3},{"not_picked":["Pummel","Compile Driver","Rebound"],"picked":"SKIP","floor":7},{"not_picked":["Coolheaded","Loop","Endless Agony"],"picked":"SKIP","floor":12},{"not_picked":["Cloak And Dagger","Ball Lightning","Cleave"],"picked":"SKIP","floor":13},{"not_picked":["Expertise","Second Wind"],"picked":"Wraith Form v2","floor":14},{"not_picked":["Cloak And Dagger","Clash"],"picked":"Accuracy","floor":18},{"not_picked":["Flying Knee","Carnage"],"picked":"Shockwave","floor":19},{"not_picked":["Reckless Charge","Dagger Throw"],"picked":"Blade Dance","floor":22},{"not_picked":["Blade Dance","Eviscerate"],"picked":"After Image","floor":23},{"not_picked":["Accuracy","PiercingWail","Leap"],"picked":"SKIP","floor":24},{"not_picked":["True Grit","Force Field"],"picked":"Wraith Form v2","floor":25},{"not_picked":["Coolheaded","Chill","Consume+1"],"picked":"SKIP","floor":27},{"not_picked":["Underhanded Strike","Backflip"],"picked":"Force Field","floor":28},{"not_picked":["Wraith Form v2","Impervious"],"picked":"Juggernaut","floor":33},{"not_picked":["Thunderclap+1","Stack","Steam"],"picked":"SKIP","floor":35},{"not_picked":["Whirlwind","Lockon"],"picked":"Hello World+1","floor":37},{"not_picked":["Deadly Poison","Aggregate"],"picked":"Terror+1","floor":38},{"not_picked":["Anger","Chaos","Rupture"],"picked":"SKIP","floor":40},{"not_picked":["Streamline","Compile Driver+1","BootSequence","Corruption"],"picked":"SKIP","floor":42},{"not_picked":["Ball Lightning","Prepared","Calculated Gamble"],"picked":"Bludgeon","floor":44},{"not_picked":["Headbutt","Dagger Spray","Catalyst","Coolheaded"],"picked":"SKIP","floor":46},{"not_picked":["Headbutt","Dagger Spray","Catalyst","Coolheaded"],"picked":"SKIP","floor":46},{"not_picked":["Gash","Hemokinesis+1","Genetic Algorithm"],"picked":"Noxious Fumes","floor":55}],"player_experience":4983718,"relics_obtained":[{"floor":5,"key":"Red Skull"},{"floor":7,"key":"Letter Opener"},{"floor":9,"key":"War Paint"},{"floor":14,"key":"Mercury Hourglass"},{"floor":23,"key":"Anchor"},{"floor":25,"key":"Juzu Bracelet"},{"floor":28,"key":"Oddly Smooth Stone"},{"floor":40,"key":"Bag of Preparation"},{"floor":40,"key":"Question Card"},{"floor":42,"key":"Art of War"},{"floor":42,"key":"Champion Belt"},{"floor":43,"key":"Ancient Tea Set"},{"floor":46,"key":"Regal Pillow"},{"floor":46,"key":"Bronze Scales"},{"floor":55,"key":"Ice Cream"},{"floor":55,"key":"Strawberry"}],"event_choices":[{"damage_healed":0,"gold_gain":75,"player_choice":"Gather Gold","damage_taken":11,"max_hp_gain":0,"max_hp_loss":0,"event_name":"World of Goop","floor":4,"gold_loss":0},{"damage_healed":0,"gold_gain":0,"player_choice":"Forge","damage_taken":0,"max_hp_gain":0,"max_hp_loss":0,"event_name":"Accursed Blacksmith","floor":20,"gold_loss":0,"cards_upgraded":["Shockwave"]},{"damage_healed":0,"gold_gain":0,"player_choice":"Ignored","damage_taken":0,"max_hp_gain":0,"max_hp_loss":0,"event_name":"The Mausoleum","floor":30,"gold_loss":0},{"damage_healed":0,"gold_gain":0,"player_choice":"Got Potions","damage_taken":0,"max_hp_gain":0,"max_hp_loss":0,"event_name":"Lab","floor":36,"gold_loss":0},{"damage_healed":0,"gold_gain":0,"cards_transformed":["Strike_R"],"player_choice":"Transformed","damage_taken":0,"max_hp_gain":0,"max_hp_loss":0,"event_name":"Transmorgrifier","floor":48,"gold_loss":0,"cards_obtained":["Doppelganger"]}],"is_beta":false,"boss_relics":[{"not_picked":["Tiny House","Lizard Tail"],"picked":"Black Blood"},{"not_picked":["Calling Bell","Sozu"],"picked":"Black Star"}],"items_purged_floors":[11,21,39,47],"is_endless":false,"potions_floor_spawned":[1,2,7,16,23,24,27,28,35,37,44,55],"ascension_level":20}