{"gold_per_floor":[115,127,142,162,182,182,113,113,113,113,129,129,140,10,10,82,82,95,95,114,14,14,14,31,44,93,17,17],"floor_reached":28,"playtime":564,"items_purged":["Strike_R","Strike_R"],"score":524,"play_id":"5fe69688-b512-4896-82bf-2fd9be02fb4a","local_time":"20190516235849","is_ascension_mode":true,"campfire_choices":[{"data":"Searing Blow","floor":6,"key":"SMITH"},{"data":"Searing Blow+1","floor":8,"key":"SMITH"},{"data":"Searing Blow+2","floor":10,"key":"SMITH"},{"data":"Searing Blow+3","floor":15,"key":"SMITH"},{"data":"Searing Blow+4","floor":23,"key":"SMITH"}],"neow_cost":"NONE","seed_source_timestamp":18225606364800,"circlet_count":0,"master_deck":["AscendersBane","Strike_R","Strike_R","Strike_R","Defend_R","Defend_R","Defend_R","Defend_R","Bash","Searing Blow+5","Pommel Strike","Headbutt","Battle Trance","Thunderclap","Seeing Red","Shrug It Off","Double Tap","Feel No Pain","Corruption"],"relics":["Burning Blood","Bottled Flame","Eternal Feather","Anchor"],"potions_floor_usage":[5,11,16,16,24],"damage_taken":[{"damage":6,"enemies":"2 Louse","floor":1,"turns":3},{"damage":9,"enemies":"Jaw Worm","floor":2,"turns":6},{"damage":4,"enemies":"Small Slimes","floor":3,"turns":4},{"damage":35,"enemies":"Exordium Thugs","floor":4,"turns":7},{"damage":27,"enemies":"Blue Slaver","floor":5,"turns":6},{"damage":20,"enemies":"Lots of Slimes","floor":11,"turns":4},{"damage":14,"enemies":"Red Slaver","floor":13,"turns":2},{"damage":0,"enemies":"Slime Boss","floor":16,"turns":4},{"damage":29,"enemies":"3 Byrds","floor":18,"turns":7},{"damage":15,"enemies":"Chosen","floor":20,"turns":4},{"damage":20,"enemies":"3 Cultists","floor":24,"turns":5},{"damage":20,"enemies":"Snecko","floor":25,"turns":4},{"damage":28,"enemies":"Snake Plant","floor":28,"turns":3}],"seed_played":"2892103138464333654","potions_obtained":[{"floor":1,"key":"FearPotion"},{"floor":4,"key":"BloodPotion"},{"floor":5,"key":"Strength Potion"},{"floor":16,"key":"Ancient Potion"},{"floor":20,"key":"BloodPotion"}],"is_trial":false,"path_per_floor":["M","M","M","M","M","R","?","R","T","R","M","?","M","$","R","B",null,"M","?","M","$","?","R","M","M","T","$","M"],"character_chosen":"IRONCLAD","items_purchased":["PowerPotion","Corruption"],"campfire_rested":0,"item_purchase_floors":[14,27],"current_hp_per_floor":[75,72,74,45,32,32,32,32,32,32,18,18,10,10,10,16,66,43,43,34,34,34,43,37,23,23,23,0],"gold":17,"neow_bonus":"TEN_PERCENT_HP_BONUS","is_prod":false,"is_daily":false,"chose_seed":false,"campfire_upgraded":5,"win_rate":0,"timestamp":1558018729,"path_taken":["M","M","M","M","M","R","?","R","T","R","M","?","M","$","R","BOSS","M","?","M","?","?","R","?","M","T","?","M"],"build_version":"2019-01-23","purchased_purges":2,"victory":false,"max_hp_per_floor":[82,82,82,82,82,82,82,82,82,82,82,82,82,82,82,82,82,82,82,82,82,82,82,82,82,82,82,82],"card_choices":[{"not_picked":["Evolve","Clothesline"],"picked":"Searing Blow","floor":1},{"not_picked":["Fire Breathing","Twin Strike","Flex"],"picked":"SKIP","floor":2},{"not_picked":["Flex","Infernal Blade"],"picked":"Pommel Strike","floor":3},{"not_picked":["Clash","Clothesline"],"picked":"Headbutt","floor":4},{"not_picked":["Fire Breathing","Body Slam"],"picked":"Battle Trance","floor":5},{"not_picked":["Clash","Body Slam"],"picked":"Thunderclap","floor":11},{"not_picked":["Sword Boomerang","Bloodletting"],"picked":"Seeing Red","floor":13},{"not_picked":["Rage","Warcry"],"picked":"Shrug It Off","floor":18},{"not_picked":["Intimidate","Warcry"],"picked":"Feel No Pain","floor":20},{"not_picked":["Cleave","Metallicize","Dual Wield"],"picked":"SKIP","floor":24},{"not_picked":["Iron Wave","Twin Strike","Clothesline"],"picked":"SKIP","floor":25}],"player_experience":5049648,"relics_obtained":[{"floor":9,"key":"Bottled Flame"},{"floor":26,"key":"Anchor"}],"event_choices":[{"damage_healed":0,"gold_gain":0,"player_choice":"Left Gold","damage_taken":0,"max_hp_gain":0,"max_hp_loss":0,"event_name":"World of Goop","floor":7,"gold_loss":69},{"damage_healed":0,"gold_gain":0,"player_choice":"Fled","damage_taken":0,"max_hp_gain":0,"max_hp_loss":0,"event_name":"Scrap Ooze","floor":12,"gold_loss":0},{"damage_healed":0,"gold_gain":0,"player_choice":"1 cards matched","damage_taken":0,"max_hp_gain":0,"max_hp_loss":0,"event_name":"Match and Keep!","floor":19,"gold_loss":0,"cards_obtained":["Double Tap"]},{"damage_healed":0,"gold_gain":0,"player_choice":"Ignored","damage_taken":0,"max_hp_gain":0,"max_hp_loss":0,"event_name":"N\u0027loth","floor":22,"gold_loss":0}],"is_beta":false,"boss_relics":[{"not_picked":["Runic Cube","Orrery"],"picked":"Eternal Feather"}],"items_purged_floors":[14,21],"is_endless":false,"potions_floor_spawned":[1,4,5,16,20],"killed_by":"Snake Plant","ascension_level":20}