{"gold_per_floor":[113,131,151,165,180,180,212,212,212,4,4,16,31,48,48,120,120,137,62,62,77,77,110,110,110,136,165,177,209,209,227,227,303,303,318,318,318,335,347,380,380,415,415,415,14,314,332,364,364,364,364,364,364,14,48,48],"floor_reached":56,"playtime":2509,"items_purged":["Strike_R","Doubt"],"score":2094,"play_id":"f342e920-e346-4a8e-99ca-d4d081fb1d59","local_time":"20190707032616","is_ascension_mode":true,"campfire_choices":[{"data":"Carnage","floor":6.0,"key":"SMITH"},{"floor":11.0,"key":"REST"},{"data":"Evolve","floor":15.0,"key":"SMITH"},{"floor":24.0,"key":"REST"},{"data":"Armaments","floor":32.0,"key":"SMITH"},{"floor":41.0,"key":"RECALL"},{"data":"Dual Wield","floor":49.0,"key":"SMITH"},{"data":"Feel No Pain","floor":53.0,"key":"SMITH"}],"neow_cost":"","seed_source_timestamp":356657139892400,"circlet_count":0,"master_deck":["Burst+1","Defend_R","Defend_R","Defend_R+1","Defend_R","Bash","Double Tap","Amplify","Feel No Pain+1","Shrug It Off","Pummel","Anger","Carnage+1","Feel No Pain","Evolve+1","Clothesline+1","Reaper+1","Power Through","Seeing Red","Immolate+1","Thunderclap+1","RitualDagger+1","Warcry","Necronomicurse","Warcry","Armaments+1","Barricade","Dark Shackles","Purity","Corruption","Power Through","Dual Wield+1","Feel No Pain","Master of Strategy","Havoc+1","Ghostly Armor+1","Shrug It Off+1","Feel No Pain","Finesse+1","Warcry+1"],"special_seed":0,"relics":["Burning Blood","Mummified Hand","Molten Egg 2","Empty Cage","Oddly Smooth Stone","Necronomicon","War Paint","Ornamental Fan","Strawberry","Philosopher\u0027s Stone","The Courier","Potion Belt","Centennial Puzzle","Toxic Egg 2","Letter Opener"],"potions_floor_usage":[56,56],"damage_taken":[{"damage":12.0,"enemies":"Cultist","floor":1.0,"turns":4.0},{"damage":15.0,"enemies":"2 Louse","floor":2.0,"turns":5.0},{"damage":19.0,"enemies":"Jaw Worm","floor":3.0,"turns":6.0},{"damage":13.0,"enemies":"Blue Slaver","floor":4.0,"turns":8.0},{"damage":13.0,"enemies":"2 Fungi Beasts","floor":5.0,"turns":5.0},{"damage":0.0,"enemies":"Lagavulin","floor":7.0,"turns":4.0},{"damage":22.0,"enemies":"Exordium Thugs","floor":12.0,"turns":5.0},{"damage":0.0,"enemies":"Looter","floor":13.0,"turns":2.0},{"damage":5.0,"enemies":"Exordium Wildlife","floor":14.0,"turns":4.0},{"damage":34.0,"enemies":"The Guardian","floor":16.0,"turns":13.0},{"damage":0.0,"enemies":"3 Byrds","floor":18.0,"turns":2.0},{"damage":6.0,"enemies":"Chosen","floor":21.0,"turns":4.0},{"damage":54.0,"enemies":"Gremlin Leader","floor":23.0,"turns":7.0},{"damage":26.0,"enemies":"Book of Stabbing","floor":27.0,"turns":3.0},{"damage":5.0,"enemies":"Centurion and Healer","floor":28.0,"turns":5.0},{"damage":17.0,"enemies":"Gremlin Leader","floor":29.0,"turns":5.0},{"damage":23.0,"enemies":"Sentry and Sphere","floor":31.0,"turns":4.0},{"damage":69.0,"enemies":"Automaton","floor":33.0,"turns":11.0},{"damage":0.0,"enemies":"Orb Walker","floor":35.0,"turns":3.0},{"damage":11.0,"enemies":"3 Shapes","floor":38.0,"turns":13.0},{"damage":25.0,"enemies":"3 Darklings","floor":39.0,"turns":5.0},{"damage":44.0,"enemies":"Reptomancer","floor":40.0,"turns":8.0},{"damage":40.0,"enemies":"Giant Head","floor":42.0,"turns":8.0},{"damage":0.0,"enemies":"Maw","floor":47.0,"turns":8.0},{"damage":8.0,"enemies":"Nemesis","floor":48.0,"turns":9.0},{"damage":73.0,"enemies":"Awakened One","floor":50.0,"turns":12.0},{"damage":17.0,"enemies":"Time Eater","floor":51.0,"turns":16.0},{"damage":2.0,"enemies":"Shield and Spear","floor":55.0,"turns":3.0},{"damage":130,"enemies":"The Heart","floor":56,"turns":5}],"seed_played":"-6383079845492571020","potions_obtained":[{"floor":1.0,"key":"Strength Potion"},{"floor":2.0,"key":"AttackPotion"},{"floor":5.0,"key":"SteroidPotion"},{"floor":7.0,"key":"Dexterity Potion"},{"floor":21.0,"key":"Fire Potion"},{"floor":27.0,"key":"Weak Potion"},{"floor":29.0,"key":"EssenceOfSteel"},{"floor":31.0,"key":"Regen Potion"},{"floor":40.0,"key":"EssenceOfSteel"},{"floor":42.0,"key":"FearPotion"}],"is_trial":true,"path_per_floor":["M","M","M","M","M","R","E","?","T","$","R","M","M","M","R","B",null,"M","?","?","M","?","E","R","?","T","E","M","E","?","M","R","B",null,"M","?","?","M","M","E","R","E","T","?","$","?","M","E","R","B","B",null,"R","$","E","B"],"character_chosen":"IRONCLAD","items_purchased":["Evolve","Clothesline+1","Feel No Pain","Master of Strategy","Centennial Puzzle","PowerPotion","Energy Potion","SkillPotion","Ghostly Armor+1","Shrug It Off+1","Feel No Pain","Finesse+1"],"campfire_rested":2,"item_purchase_floors":[10,10,45,45,45,54,54,54,54,54,54,54],"current_hp_per_floor":[62,53,40,33,26,26,32,25,25,25,47,31,37,48,48,25,63,69,69,63,68,68,27,49,28,28,22,43,79,79,62,62,20,67,73,73,63,78,78,45,45,32,32,78,78,78,78,76,76,19,33,67,67,67,71,0],"gold":48,"neow_bonus":"","is_prod":false,"is_daily":false,"chose_seed":false,"campfire_upgraded":5,"win_rate":0,"timestamp":1562437576,"path_taken":["M","M","?","M","M","R","E","?","T","$","R","M","M","M","R","BOSS","M","?","?","M","?","E","R","?","T","E","?","E","?","M","R","BOSS","M","?","?","M","M","E","R","E","T","?","$","?","?","E","R","BOSS","BOSS","R","$","E","BOSS"],"build_version":"2019-07-05","purchased_purges":2,"victory":false,"max_hp_per_floor":[75,75,75,75,75,75,75,75,75,75,75,75,75,75,75,75,75,75,75,75,75,75,75,75,75,75,75,75,82,82,82,82,82,82,82,78,78,78,78,78,78,78,78,78,78,78,78,78,78,78,78,78,78,78,78,78],"card_choices":[{"not_picked":["Warcry","Thunderclap"],"picked":"Feel No Pain","floor":1.0},{"not_picked":["Armaments","Cleave"],"picked":"Shrug It Off","floor":2.0},{"not_picked":["Sever Soul","Rage"],"picked":"Pummel","floor":3.0},{"not_picked":["Headbutt","Sword Boomerang"],"picked":"Anger","floor":4.0},{"not_picked":["Warcry","Entrench"],"picked":"Carnage","floor":5.0},{"not_picked":["Searing Blow","Wild Strike"],"picked":"Feel No Pain","floor":7.0},{"not_picked":["Anger+1","Warcry"],"picked":"Reaper+1","floor":12.0},{"not_picked":["Twin Strike+1","Headbutt+1"],"picked":"Power Through","floor":13.0},{"not_picked":["Rage","Pommel Strike+1"],"picked":"Seeing Red","floor":14.0},{"not_picked":["Barricade","Fiend Fire+1"],"picked":"Immolate+1","floor":16.0},{"not_picked":["Feel No Pain","Pommel Strike+1"],"picked":"Thunderclap+1","floor":18.0},{"not_picked":["Anger+1","Flex","Havoc"],"picked":"SKIP","floor":21.0},{"not_picked":["Limit Break","Iron Wave+1"],"picked":"Warcry","floor":23.0},{"not_picked":["Sentinel","Armaments"],"picked":"Warcry","floor":27.0},{"not_picked":["Heavy Blade+1","Feel No Pain","Shrug It Off"],"picked":"SKIP","floor":28.0},{"not_picked":["Headbutt+1","Pommel Strike+1","Sword Boomerang+1"],"picked":"SKIP","floor":29.0},{"not_picked":["Headbutt+1","Pommel Strike+1","Sword Boomerang+1"],"picked":"SKIP","floor":29.0},{"not_picked":["Cleave+1","Fire Breathing"],"picked":"Armaments","floor":31.0},{"not_picked":["Fiend Fire+1","Juggernaut"],"picked":"Barricade","floor":33.0},{"not_picked":["Wild Strike+1","Cleave+1","Clash+1"],"picked":"SKIP","floor":35.0},{"not_picked":["The Bomb","Mind Blast+1"],"picked":"Dark Shackles","floor":37.0},{"not_picked":["Panache","Madness"],"picked":"Purity","floor":37.0},{"not_picked":["Pommel Strike+1","Shrug It Off","Clash+1"],"picked":"SKIP","floor":38.0},{"not_picked":["Headbutt+1","Bludgeon+1"],"picked":"Corruption","floor":39.0},{"not_picked":["Spot Weakness","Blood for Blood+1"],"picked":"Power Through","floor":40.0},{"not_picked":["Clash+1","Anger+1"],"picked":"Dual Wield","floor":42.0},{"not_picked":["Pommel Strike+1","Uppercut+1","Metallicize"],"picked":"SKIP","floor":47.0},{"not_picked":["Sword Boomerang+1","Double Tap"],"picked":"Havoc","floor":48.0},{"not_picked":["Inflame","Flame Barrier+1"],"picked":"Warcry+1","floor":55.0}],"player_experience":5605154,"relics_obtained":[{"floor":7.0,"key":"Mummified Hand"},{"floor":9.0,"key":"Molten Egg 2"},{"floor":23.0,"key":"Oddly Smooth Stone"},{"floor":25.0,"key":"Necronomicon"},{"floor":26.0,"key":"War Paint"},{"floor":27.0,"key":"Ornamental Fan"},{"floor":29.0,"key":"Strawberry"},{"floor":40.0,"key":"The Courier"},{"floor":42.0,"key":"Potion Belt"},{"floor":48.0,"key":"Toxic Egg 2"},{"floor":55.0,"key":"Letter Opener"}],"event_choices":[{"cards_removed":["Strike_R"],"damage_healed":0.0,"max_hp_gain":0.0,"max_hp_loss":0.0,"gold_gain":0.0,"event_name":"Golden Wing","player_choice":"Card Removal","floor":8.0,"gold_loss":0.0,"damage_taken":7.0},{"cards_removed":["Strike_R"],"damage_healed":0.0,"max_hp_gain":0.0,"max_hp_loss":0.0,"gold_gain":0.0,"event_name":"Beggar","player_choice":"Gave Gold","floor":19.0,"gold_loss":75.0,"damage_taken":0.0},{"damage_healed":0.0,"max_hp_gain":0.0,"max_hp_loss":0.0,"gold_gain":0.0,"event_name":"Nest","player_choice":"Joined the Cult","floor":20.0,"gold_loss":0.0,"damage_taken":6.0,"cards_obtained":["RitualDagger"]},{"damage_healed":0.0,"max_hp_gain":0.0,"max_hp_loss":0.0,"gold_gain":0.0,"event_name":"The Mausoleum","player_choice":"Ignored","floor":22.0,"gold_loss":0.0,"damage_taken":0.0},{"damage_healed":0.0,"max_hp_gain":0.0,"max_hp_loss":0.0,"gold_gain":0.0,"event_name":"Cursed Tome","player_choice":"Obtained Book","floor":25.0,"gold_loss":0.0,"damage_taken":21.0},{"damage_healed":0.0,"max_hp_gain":0.0,"max_hp_loss":0.0,"gold_gain":0.0,"event_name":"Ghosts","player_choice":"Ignored","floor":30.0,"gold_loss":0.0,"damage_taken":0.0},{"damage_healed":0.0,"max_hp_gain":0.0,"max_hp_loss":4.0,"gold_gain":0.0,"event_name":"Winding Halls","player_choice":"Max HP","floor":36.0,"gold_loss":0.0,"damage_taken":0.0},{"damage_healed":0.0,"max_hp_gain":0.0,"max_hp_loss":0.0,"gold_gain":0.0,"event_name":"SensoryStone","player_choice":"Memory 3","floor":37.0,"gold_loss":0.0,"damage_taken":10.0},{"damage_healed":46.0,"max_hp_gain":0.0,"max_hp_loss":0.0,"gold_gain":0.0,"event_name":"MindBloom","player_choice":"Heal","floor":44.0,"gold_loss":0.0,"damage_taken":0.0,"cards_obtained":["Doubt"]},{"damage_healed":0.0,"max_hp_gain":0.0,"max_hp_loss":0.0,"gold_gain":300.0,"event_name":"Wheel of Change","player_choice":"Gold","floor":46.0,"gold_loss":0.0,"damage_taken":0.0}],"is_beta":false,"boss_relics":[{"not_picked":["White Beast Statue","Tiny House"],"picked":"Empty Cage"},{"not_picked":["Orrery","Pandora\u0027s Box"],"picked":"Philosopher\u0027s Stone"}],"items_purged_floors":[10,45],"is_endless":false,"potions_floor_spawned":[1,2,5,7,21,27,29,31,40,42],"killed_by":"The Heart","ascension_level":20}