{"gold_per_floor":[115,115,126,141,29,29,54,74,74,85,85,85,98,198,198,198],"floor_reached":16,"playtime":411,"items_purged":[],"score":304,"play_id":"8d7cca4a-0e84-4e98-8829-73a75f4185ba","local_time":"20190720020551","is_ascension_mode":true,"campfire_choices":[{"floor":6,"key":"REST"},{"floor":15,"key":"REST"}],"neow_cost":"","seed_source_timestamp":2463133622920584,"circlet_count":0,"master_deck":["AscendersBane","Strike_R","Strike_R","Strike_R","Strike_R","Strike_R","Defend_R","Defend_R","Defend_R","Defend_R","Bash","Cleave","Flame Barrier","Armaments","Ghostly Armor","Second Wind"],"relics":["Burning Blood","Bird Faced Urn","Shovel","Red Skull","Darkstone Periapt","Self Forming Clay"],"potions_floor_usage":[7,16,16],"damage_taken":[{"damage":2,"enemies":"2 Louse","floor":1,"turns":3},{"damage":1,"enemies":"Cultist","floor":3,"turns":3},{"damage":7,"enemies":"Jaw Worm","floor":4,"turns":3},{"damage":44,"enemies":"Gremlin Nob","floor":7,"turns":5},{"damage":8,"enemies":"Blue Slaver","floor":8,"turns":3},{"damage":2,"enemies":"Red Slaver","floor":10,"turns":5},{"damage":6,"enemies":"2 Fungi Beasts","floor":13,"turns":3},{"damage":49,"enemies":"Slime Boss","floor":16,"turns":8}],"seed_played":"1067590392445108030","potions_obtained":[{"floor":7,"key":"AttackPotion"},{"floor":8,"key":"Dexterity Potion"}],"is_trial":false,"path_per_floor":["M","?","M","M","$","R","E","M","T","M","?","$","M","?","R","B"],"character_chosen":"IRONCLAD","items_purchased":["Red Skull","Armaments","Block Potion"],"campfire_rested":2,"item_purchase_floors":[0,5,5],"current_hp_per_floor":[34,34,39,38,38,60,22,20,20,24,24,24,24,24,46,0],"gold":198,"neow_bonus":"","is_prod":false,"is_daily":false,"chose_seed":false,"campfire_upgraded":0,"win_rate":0,"timestamp":1563581151,"path_taken":["M","?","?","M","$","R","E","M","T","M","?","$","M","?","R","BOSS"],"build_version":"2019-07-17","purchased_purges":0,"victory":false,"max_hp_per_floor":[75,75,75,75,75,75,75,75,75,75,75,75,75,75,75,75],"card_choices":[{"not_picked":["Pummel","Corruption"],"picked":"Perfected Strike","floor":1},{"not_picked":["Clothesline","Entrench"],"picked":"Cleave","floor":3},{"not_picked":["Sword Boomerang","Wild Strike"],"picked":"Flame Barrier","floor":4},{"not_picked":["Clash","Body Slam","Wild Strike"],"picked":"SKIP","floor":7},{"not_picked":["Armaments","Uppercut"],"picked":"Ghostly Armor","floor":8},{"not_picked":["Sword Boomerang","Bloodletting"],"picked":"Second Wind","floor":10},{"not_picked":["Fiend Fire","Pummel","Warcry"],"picked":"SKIP","floor":13}],"player_experience":506952,"relics_obtained":[{"floor":7,"key":"Self Forming Clay"}],"event_choices":[{"cards_removed":["Perfected Strike"],"damage_healed":0,"gold_gain":0,"player_choice":"Gave Card","damage_taken":0,"relics_obtained":["Darkstone Periapt"],"max_hp_gain":0,"max_hp_loss":0,"event_name":"WeMeetAgain","floor":2,"gold_loss":0},{"damage_healed":0,"gold_gain":0,"player_choice":"Ignored","damage_taken":0,"max_hp_gain":0,"max_hp_loss":0,"event_name":"Shining Light","floor":11,"gold_loss":0},{"damage_healed":0,"gold_gain":100,"player_choice":"Gold","damage_taken":0,"max_hp_gain":0,"max_hp_loss":0,"event_name":"Wheel of Change","floor":14,"gold_loss":0}],"is_beta":false,"boss_relics":[],"items_purged_floors":[],"is_endless":false,"potions_floor_spawned":[7,8,13],"killed_by":"Slime Boss","ascension_level":20}