{"gold_per_floor":[117,117,134,152,102,135,135,210,210,240,240],"floor_reached":11,"playtime":241,"items_purged":[],"score":85,"play_id":"0ae0f534-e9f4-43d0-9081-9aa7e5bfbed4","local_time":"20190720150113","is_ascension_mode":true,"campfire_choices":[{"floor":7,"key":"RECALL"}],"neow_cost":"NONE","seed_source_timestamp":853538666655200,"circlet_count":0,"master_deck":["Strike_B","Strike_B","Strike_B","Defend_B","Defend_B","Defend_B","Defend_B","Zap","Dualcast","Storm","Ball Lightning","Skim","Static Discharge"],"relics":["Cracked Core","Du-Vu Doll","Cables","Darkstone Periapt"],"potions_floor_usage":[6],"damage_taken":[{"damage":6,"enemies":"Jaw Worm","floor":1,"turns":3},{"damage":0,"enemies":"Cultist","floor":3,"turns":3},{"damage":5,"enemies":"Small Slimes","floor":4,"turns":3},{"damage":31,"enemies":"3 Sentries","floor":6,"turns":6},{"damage":28,"enemies":"Gremlin Nob","floor":10,"turns":4},{"damage":7,"enemies":"3 Louse","floor":11,"turns":1}],"seed_played":"-4369764208984544450","potions_obtained":[{"floor":1,"key":"SteroidPotion"},{"floor":10,"key":"GamblersBrew"}],"is_trial":false,"path_per_floor":["M","?","M","M","?","E","R","?","T","E","M"],"character_chosen":"DEFECT","items_purchased":[],"campfire_rested":0,"item_purchase_floors":[],"current_hp_per_floor":[76,82,82,77,77,46,46,35,35,7,0],"gold":240,"neow_bonus":"TEN_PERCENT_HP_BONUS","is_prod":false,"is_daily":false,"chose_seed":false,"campfire_upgraded":0,"win_rate":0,"timestamp":1563652873,"path_taken":["M","?","?","M","?","E","R","?","T","E","M"],"build_version":"2019-07-17","purchased_purges":0,"victory":false,"max_hp_per_floor":[82,82,82,82,82,82,82,82,82,82,82],"card_choices":[{"not_picked":["Rip and Tear","Consume"],"picked":"Chill","floor":1},{"not_picked":["Conserve Battery","Steam"],"picked":"Storm","floor":3},{"not_picked":["Redo","Beam Cell"],"picked":"Ball Lightning","floor":4},{"not_picked":["Aggregate","Sweeping Beam"],"picked":"Skim","floor":6},{"not_picked":["Steam","Streamline"],"picked":"Static Discharge","floor":10}],"player_experience":118351,"relics_obtained":[{"floor":6,"key":"Du-Vu Doll"},{"floor":9,"key":"Cables"},{"floor":10,"key":"Darkstone Periapt"}],"event_choices":[{"cards_removed":["Chill"],"damage_healed":6,"gold_gain":0,"player_choice":"Offered Uncommon","damage_taken":0,"max_hp_gain":0,"max_hp_loss":0,"event_name":"Bonfire Elementals","floor":2,"gold_loss":0},{"cards_removed":["Strike_B"],"damage_healed":0,"gold_gain":0,"player_choice":"Card Removal","damage_taken":0,"max_hp_gain":0,"max_hp_loss":0,"event_name":"The Cleric","floor":5,"gold_loss":50},{"damage_healed":0,"gold_gain":75,"player_choice":"Gather Gold","damage_taken":11,"max_hp_gain":0,"max_hp_loss":0,"event_name":"World of Goop","floor":8,"gold_loss":0}],"is_beta":false,"boss_relics":[],"items_purged_floors":[],"is_endless":false,"potions_floor_spawned":[1,10],"killed_by":"3 Louse","ascension_level":1}