{"gold_per_floor":[10,21,36,51,63,63,90,90,136,146,28,28,39,51,51,125,125,137,137,137,152,172,172],"floor_reached":23,"playtime":653,"items_purged":["Strike_B"],"score":394,"play_id":"466f8af9-4a36-4557-96df-e75dcaa3210e","local_time":"20190614012320","is_ascension_mode":true,"campfire_choices":[{"data":"Beam Cell","floor":6,"key":"SMITH"},{"floor":8,"key":"REST"},{"data":"Defragment","floor":12,"key":"SMITH"},{"data":"Lockon","floor":15,"key":"SMITH"}],"neow_cost":"NO_GOLD","seed_source_timestamp":1568621193852200,"circlet_count":0,"master_deck":["AscendersBane","Strike_B","Strike_B","Strike_B","Defend_B","Defend_B","Defend_B","Defend_B","Zap","Dualcast","Core Surge","Self Repair","Defragment+1","Lockon+1","Beam Cell+1","Sweeping Beam","Ball Lightning","Ball Lightning","FTL","Steam","Biased Cognition","Rebound+1","Reinforced Body+1","Conserve Battery+1"],"relics":["Cracked Core","Sundial","Pen Nib","Eternal Feather"],"potions_floor_usage":[4,7,7,16,20,23,23],"damage_taken":[{"damage":9,"enemies":"Small Slimes","floor":1,"turns":5},{"damage":2,"enemies":"Cultist","floor":2,"turns":4},{"damage":2,"enemies":"Jaw Worm","floor":3,"turns":5},{"damage":5,"enemies":"Gremlin Gang","floor":4,"turns":2},{"damage":11,"enemies":"3 Louse","floor":5,"turns":4},{"damage":47,"enemies":"3 Sentries","floor":7,"turns":7},{"damage":9,"enemies":"Red Slaver","floor":10,"turns":2},{"damage":6,"enemies":"2 Fungi Beasts","floor":13,"turns":4},{"damage":6,"enemies":"Lots of Slimes","floor":14,"turns":2},{"damage":14,"enemies":"Slime Boss","floor":16,"turns":6},{"damage":27,"enemies":"2 Thieves","floor":18,"turns":3},{"damage":34,"enemies":"Shell Parasite","floor":21,"turns":5},{"damage":26,"enemies":"Snake Plant","floor":22,"turns":4},{"damage":11,"enemies":"Book of Stabbing","floor":23,"turns":4}],"seed_played":"-6263890636871291820","potions_obtained":[{"floor":1,"key":"PowerPotion"},{"floor":3,"key":"PowerPotion"},{"floor":5,"key":"AttackPotion"},{"floor":10,"key":"Swift Potion"},{"floor":16,"key":"SteroidPotion"},{"floor":18,"key":"Weak Potion"},{"floor":20,"key":"Fruit Juice"},{"floor":20,"key":"SpeedPotion"}],"is_trial":false,"path_per_floor":["M","M","M","M","M","R","E","R","T","M","$","R","M","M","R","B",null,"M","?","?","M","M","E"],"character_chosen":"DEFECT","items_purchased":["FTL"],"campfire_rested":1,"item_purchase_floors":[11],"current_hp_per_floor":[55,60,65,67,56,56,16,37,37,28,28,28,29,23,23,16,57,37,51,56,29,10,0],"gold":172,"neow_bonus":"THREE_RARE_CARDS","is_prod":false,"is_daily":false,"chose_seed":false,"campfire_upgraded":3,"win_rate":0,"timestamp":1560443000,"path_taken":["M","M","M","M","M","R","E","R","T","M","$","R","M","M","R","BOSS","M","?","?","M","?","E"],"build_version":"2019-01-23","purchased_purges":1,"victory":false,"max_hp_per_floor":[71,71,71,71,71,71,71,71,71,71,71,71,71,71,71,71,71,71,71,76,76,76,76],"card_choices":[{"not_picked":["All For One","Reboot"],"picked":"Core Surge","floor":0},{"not_picked":["Steam Power","Coolheaded"],"picked":"Self Repair","floor":1},{"not_picked":["Static Discharge","Chill"],"picked":"Defragment","floor":2},{"not_picked":["Capacitor","Gash"],"picked":"Lockon","floor":3},{"not_picked":["Go for the Eyes","Stack"],"picked":"Beam Cell","floor":4},{"not_picked":["Leap","Self Repair"],"picked":"Sweeping Beam","floor":5},{"not_picked":["Compile Driver","Hyperbeam"],"picked":"Ball Lightning","floor":7},{"not_picked":["Auto Shields","Go for the Eyes"],"picked":"Ball Lightning","floor":10},{"not_picked":["Defragment","Compile Driver"],"picked":"Steam","floor":13},{"not_picked":["Hello World","Barrage","Stack"],"picked":"SKIP","floor":14},{"not_picked":["Electrodynamics","Fission"],"picked":"Biased Cognition","floor":16},{"not_picked":["Reprogram","Auto Shields"],"picked":"Rebound+1","floor":18},{"not_picked":["Beam Cell","Lockon"],"picked":"Reinforced Body+1","floor":21},{"not_picked":["Compile Driver+1","Rebound"],"picked":"Conserve Battery+1","floor":22}],"player_experience":5351052,"relics_obtained":[{"floor":7,"key":"Sundial"},{"floor":9,"key":"Pen Nib"}],"event_choices":[{"damage_healed":14,"gold_gain":0,"player_choice":"Heal","damage_taken":0,"max_hp_gain":0,"max_hp_loss":0,"event_name":"The Library","floor":19,"gold_loss":0},{"damage_healed":0,"gold_gain":0,"player_choice":"Got Potions","damage_taken":0,"max_hp_gain":0,"max_hp_loss":0,"event_name":"Lab","floor":20,"gold_loss":0}],"is_beta":false,"boss_relics":[{"not_picked":["Runic Dome","White Beast Statue"],"picked":"Eternal Feather"}],"items_purged_floors":[11],"is_endless":false,"potions_floor_spawned":[1,3,5,10,16,18],"killed_by":"Book of Stabbing","ascension_level":20}