{"gold_per_floor":[111,61,79,254,23,23,34,51,101,213,251,263,285,313,325,432,444,467,505,427,457,469,481,526,538,575,587,628,655,567,578,578,578],"floor_reached":33,"playtime":1672,"items_purged":["Doubt","Defend_G"],"score":299,"play_id":"7df0ec2d-1e8c-48f3-b17b-edb243608701","local_time":"20190721215841","is_ascension_mode":true,"campfire_choices":[{"floor":6,"key":"RECALL"},{"data":"Bouncing Flask","floor":12,"key":"SMITH"},{"floor":15,"key":"REST"},{"data":"After Image","floor":23,"key":"SMITH"},{"floor":27,"key":"REST"},{"floor":32,"key":"REST"}],"neow_cost":"NONE","seed_source_timestamp":963556075748600,"circlet_count":0,"master_deck":["Strike_G","Strike_G","Strike_G","Strike_G","Strike_G+1","Defend_G","Defend_G","Survivor","Neutralize","Bane","Riddle With Holes","Catalyst","Bouncing Flask+1","Catalyst","Tactician","PiercingWail","After Image+1","Bouncing Flask","Slice+1","Bullet Time","Well Laid Plans","Blur"],"relics":["Ring of the Snake","Lantern","MawBank","Vajra","Sozu","MutagenicStrength","Mercury Hourglass","Centennial Puzzle","Boot","Blood Vial"],"potions_floor_usage":[8,16],"damage_taken":[{"damage":2,"enemies":"2 Louse","floor":1,"turns":7},{"damage":0,"enemies":"Jaw Worm","floor":3,"turns":4},{"damage":6,"enemies":"Cultist","floor":7,"turns":3},{"damage":25,"enemies":"Large Slime","floor":8,"turns":7},{"damage":28,"enemies":"Lagavulin","floor":11,"turns":5},{"damage":9,"enemies":"Red Slaver","floor":13,"turns":4},{"damage":5,"enemies":"Looter","floor":14,"turns":3},{"damage":7,"enemies":"Hexaghost","floor":16,"turns":6},{"damage":23,"enemies":"Shell Parasite","floor":18,"turns":5},{"damage":0,"enemies":"3 Byrds","floor":21,"turns":5},{"damage":22,"enemies":"Book of Stabbing","floor":24,"turns":4},{"damage":22,"enemies":"Slavers","floor":28,"turns":5},{"damage":1,"enemies":"Snecko","floor":29,"turns":3},{"damage":25,"enemies":"Shelled Parasite and Fungi","floor":31,"turns":5},{"damage":49,"enemies":"Champ","floor":33,"turns":8}],"seed_played":"1632932126116538541","potions_obtained":[{"floor":1,"key":"Regen Potion"},{"floor":11,"key":"Fire Potion"},{"floor":13,"key":"GamblersBrew"}],"is_trial":false,"path_per_floor":["M","?","M","?","$","R","M","M","T","?","E","R","M","M","R","B",null,"M","T","?","M","?","R","E","?","T","R","E","M","$","M","R","B"],"character_chosen":"THE_SILENT","items_purchased":["Lantern"],"campfire_rested":3,"item_purchase_floors":[5],"current_hp_per_floor":[75,75,75,75,75,75,69,59,59,59,31,31,22,17,40,33,77,54,54,54,54,54,54,32,32,32,55,33,34,34,11,34,0],"gold":578,"neow_bonus":"TEN_PERCENT_HP_BONUS","is_prod":false,"is_daily":false,"chose_seed":false,"campfire_upgraded":2,"win_rate":0,"timestamp":1563764321,"path_taken":["M","?","M","?","?","R","M","?","T","?","E","R","M","M","R","BOSS","M","?","?","?","?","R","E","?","T","R","E","M","$","?","R","BOSS"],"build_version":"2019-07-17","purchased_purges":2,"victory":false,"max_hp_per_floor":[77,77,77,77,77,77,77,77,77,77,77,77,77,77,77,77,77,77,77,77,77,77,77,77,77,77,77,77,77,77,77,77,77],"card_choices":[{"not_picked":["Blur","Deadly Poison"],"picked":"Bane","floor":1},{"not_picked":["Sucker Punch","Slice"],"picked":"Riddle With Holes","floor":3},{"not_picked":["Quick Slash","Flechettes"],"picked":"Catalyst","floor":7},{"not_picked":["Sucker Punch","Reflex"],"picked":"Bouncing Flask","floor":8},{"not_picked":["Slice","Flying Knee"],"picked":"Catalyst","floor":11},{"not_picked":["Outmaneuver","Dagger Throw"],"picked":"Tactician","floor":13},{"not_picked":["Tactician","Blade Dance"],"picked":"PiercingWail","floor":14},{"not_picked":["Glass Knife","A Thousand Cuts"],"picked":"After Image","floor":16},{"not_picked":["Backflip","Poisoned Stab"],"picked":"Bouncing Flask","floor":18},{"not_picked":["Eviscerate","Deadly Poison"],"picked":"Slice+1","floor":21},{"not_picked":["PiercingWail","Deadly Poison"],"picked":"Bullet Time","floor":24},{"not_picked":["Blur","Eviscerate"],"picked":"Well Laid Plans","floor":28},{"not_picked":["Flying Knee","Backflip","Outmaneuver"],"picked":"SKIP","floor":29},{"not_picked":["Dagger Spray+1","Poisoned Stab+1"],"picked":"Blur","floor":31}],"player_experience":142894,"relics_obtained":[{"floor":9,"key":"MawBank"},{"floor":11,"key":"Vajra"},{"floor":24,"key":"Mercury Hourglass"},{"floor":26,"key":"Boot"},{"floor":28,"key":"Blood Vial"}],"event_choices":[{"cards_removed":["Defend_G"],"damage_healed":0,"gold_gain":0,"player_choice":"Card Removal","damage_taken":0,"max_hp_gain":0,"max_hp_loss":0,"event_name":"The Cleric","floor":2,"gold_loss":50},{"damage_healed":0,"gold_gain":175,"player_choice":"AGREE","damage_taken":0,"max_hp_gain":0,"max_hp_loss":0,"event_name":"Liars Game","floor":4,"gold_loss":0,"cards_obtained":["Doubt"]},{"damage_healed":0,"gold_gain":100,"player_choice":"Pray","damage_taken":0,"max_hp_gain":0,"max_hp_loss":0,"event_name":"Golden Shrine","floor":10,"gold_loss":0},{"cards_removed":["Defend_G"],"damage_healed":0,"gold_gain":0,"player_choice":"Upgrade and Remove","damage_taken":0,"max_hp_gain":0,"max_hp_loss":0,"event_name":"Designer","floor":20,"gold_loss":90,"cards_upgraded":["Strike_G"]},{"damage_healed":0,"gold_gain":0,"player_choice":"Inject Mutagens","damage_taken":0,"relics_obtained":["MutagenicStrength"],"max_hp_gain":0,"max_hp_loss":0,"event_name":"Drug Dealer","floor":22,"gold_loss":0},{"damage_healed":0,"gold_gain":0,"player_choice":"Gave Potion","damage_taken":0,"relics_obtained":["Centennial Puzzle"],"max_hp_gain":0,"max_hp_loss":0,"event_name":"WeMeetAgain","floor":25,"gold_loss":0}],"is_beta":false,"boss_relics":[{"not_picked":["Velvet Choker","Coffee Dripper"],"picked":"Sozu"}],"items_purged_floors":[5,30],"is_endless":false,"potions_floor_spawned":[1,11,13,24,28],"killed_by":"Champ","ascension_level":1}