{"gold_per_floor":[118,9,25,25,25,54,54,105,105,105,135,150,150,161,161,236,236,248,265,265,265,265,265,299,299,380,380,394,394,394,394,394,471,471,481,481,497,508,508,541,560,574,625,640,195,195,195],"floor_reached":47,"playtime":1513,"items_purged":[],"score":1035,"play_id":"6cc15020-83e4-4bda-b23a-d25236191173","local_time":"20190719200750","is_ascension_mode":true,"campfire_choices":[{"data":"Bash","floor":7,"key":"SMITH"},{"data":"Inflame","floor":10,"key":"SMITH"},{"data":"Whirlwind","floor":13,"key":"SMITH"},{"data":"Shrug It Off","floor":15,"key":"SMITH"},{"data":"Pommel Strike","floor":23,"key":"SMITH"},{"data":"Iron Wave","floor":25,"key":"SMITH"},{"floor":27,"key":"RECALL"},{"data":"Iron Wave","floor":29,"key":"SMITH"},{"data":"Perfected Strike","floor":32,"key":"SMITH"},{"floor":46,"key":"REST"}],"neow_cost":"NONE","seed_source_timestamp":2440550893414418,"circlet_count":0,"master_deck":["AscendersBane","Strike_R+1","Strike_R+1","Strike_R","Strike_R","Strike_R+1","Defend_R","Defend_R","Defend_R+1","Defend_R","Bash+1","Iron Wave+1","Inflame+1","Pommel Strike+1","Thunderclap","Whirlwind+1","Iron Wave+1","Shrug It Off+1","Twin Strike","Juggernaut+1","Twin Strike","Disarm+1","Feed","Perfected Strike+1","Reaper","Mayhem","Mayhem","Pommel Strike","Armaments+1","Twin Strike","Flame Barrier","Apotheosis","Pommel Strike"],"relics":["Burning Blood","NeowsBlessing","Vajra","Self Forming Clay","Omamori","Snecko Eye","MutagenicStrength","Whetstone","Nilry\u0027s Codex","Lizard Tail","Du-Vu Doll","Regal Pillow","Blood Vial"],"potions_floor_usage":[16,33,35,40,42,47],"damage_taken":[{"damage":0,"enemies":"Cultist","floor":1,"turns":1},{"damage":0,"enemies":"Small Slimes","floor":3,"turns":1},{"damage":0,"enemies":"3 Sentries","floor":6,"turns":2},{"damage":8,"enemies":"Gremlin Nob","floor":11,"turns":3},{"damage":7,"enemies":"Jaw Worm","floor":12,"turns":3},{"damage":4,"enemies":"3 Louse","floor":14,"turns":2},{"damage":14,"enemies":"Slime Boss","floor":16,"turns":6},{"damage":0,"enemies":"Chosen","floor":18,"turns":3},{"damage":5,"enemies":"Shell Parasite","floor":19,"turns":3},{"damage":0,"enemies":"Gremlin Leader","floor":24,"turns":6},{"damage":0,"enemies":"Centurion and Healer","floor":28,"turns":3},{"damage":48,"enemies":"Automaton","floor":33,"turns":7},{"damage":18,"enemies":"Orb Walker","floor":35,"turns":3},{"damage":49,"enemies":"3 Darklings","floor":37,"turns":4},{"damage":6,"enemies":"Sphere and 2 Shapes","floor":38,"turns":3},{"damage":56,"enemies":"Nemesis","floor":40,"turns":9},{"damage":31,"enemies":"Maw","floor":41,"turns":6},{"damage":28,"enemies":"Spire Growth","floor":42,"turns":4},{"damage":3,"enemies":"Transient","floor":44,"turns":6},{"damage":79,"enemies":"Reptomancer","floor":47,"turns":6}],"seed_played":"-744178236220765188","potions_obtained":[{"floor":3,"key":"Ancient Potion"},{"floor":12,"key":"Fire Potion"},{"floor":16,"key":"BloodPotion"},{"floor":33,"key":"Ancient Potion"},{"floor":35,"key":"EssenceOfSteel"},{"floor":41,"key":"GamblersBrew"}],"is_trial":false,"path_per_floor":["M","$","M","?","$","E","R","?","T","R","E","M","R","M","R","B",null,"M","M","?","?","$","R","E","R","T","R","M","R","?","?","R","B",null,"M","?","M","M","?","E","M","M","T","M","$","R","E"],"character_chosen":"IRONCLAD","items_purchased":["Inflame","Pommel Strike","Apotheosis","Pommel Strike","Blood Vial","Strength Potion"],"campfire_rested":1,"item_purchase_floors":[2,2,45,45,45,45],"current_hp_per_floor":[74,74,75,52,52,58,58,58,58,58,56,55,55,57,57,49,69,75,75,75,75,75,75,75,75,75,75,75,75,75,54,54,33,67,66,56,23,26,66,28,17,39,39,49,49,66,0],"gold":195,"neow_bonus":"THREE_ENEMY_KILL","is_prod":false,"is_daily":false,"chose_seed":false,"campfire_upgraded":8,"win_rate":0,"timestamp":1563559670,"path_taken":["M","?","M","?","?","E","R","?","T","R","E","?","R","M","R","BOSS","M","M","?","?","$","R","E","R","T","R","?","R","?","?","R","BOSS","M","?","M","M","?","E","M","M","T","M","?","R","E"],"build_version":"2019-07-17","purchased_purges":0,"victory":false,"max_hp_per_floor":[75,75,75,75,75,75,75,75,75,75,75,75,75,75,75,75,75,75,75,75,75,75,75,75,75,75,75,75,75,75,75,75,78,78,78,78,78,81,66,66,66,66,66,66,66,66,66],"card_choices":[{"not_picked":["Havoc","Headbutt"],"picked":"Iron Wave","floor":1},{"not_picked":["Heavy Blade","Uppercut"],"picked":"Thunderclap","floor":3},{"not_picked":["Dropkick","Second Wind"],"picked":"Whirlwind","floor":6},{"not_picked":["Heavy Blade","Clash"],"picked":"Iron Wave","floor":11},{"not_picked":["Combust","Entrench"],"picked":"Shrug It Off","floor":12},{"not_picked":["Combust","Sentinel"],"picked":"Twin Strike","floor":14},{"not_picked":["Fiend Fire","Impervious"],"picked":"Juggernaut","floor":16},{"not_picked":["Headbutt","Sword Boomerang","Havoc"],"picked":"SKIP","floor":18},{"not_picked":["Reckless Charge","Wild Strike"],"picked":"Twin Strike","floor":19},{"not_picked":["Inflame","Wild Strike"],"picked":"Disarm+1","floor":24},{"not_picked":["Havoc","Flex"],"picked":"Feed","floor":28},{"not_picked":["Double Tap","Feed"],"picked":"Reaper","floor":33},{"not_picked":["Iron Wave","Cleave","Hemokinesis"],"picked":"SKIP","floor":35},{"not_picked":["Good Instincts","Deep Breath"],"picked":"Mayhem","floor":36},{"not_picked":["Bandage Up","Good Instincts"],"picked":"Mayhem","floor":36},{"not_picked":["Heavy Blade","Sword Boomerang+1"],"picked":"Pommel Strike","floor":37},{"not_picked":["Dual Wield","Body Slam"],"picked":"Armaments+1","floor":38},{"not_picked":["True Grit","Brutality","Havoc"],"picked":"SKIP","floor":40},{"not_picked":["Iron Wave","Heavy Blade+1"],"picked":"Twin Strike","floor":41},{"not_picked":["Infernal Blade","Headbutt","Fire Breathing"],"picked":"SKIP","floor":42},{"not_picked":["Spot Weakness","Headbutt"],"picked":"Flame Barrier","floor":44}],"player_experience":484845,"relics_obtained":[{"floor":6,"key":"Vajra"},{"floor":9,"key":"Self Forming Clay"},{"floor":11,"key":"Omamori"},{"floor":24,"key":"Whetstone"},{"floor":31,"key":"Nilry\u0027s Codex"},{"floor":40,"key":"Du-Vu Doll"},{"floor":43,"key":"Regal Pillow"}],"event_choices":[{"damage_healed":0,"gold_gain":0,"player_choice":"Entered Light","damage_taken":23,"max_hp_gain":0,"max_hp_loss":0,"event_name":"Shining Light","floor":4,"gold_loss":0,"cards_upgraded":["Defend_R","Strike_R"]},{"damage_healed":0,"gold_gain":51,"player_choice":"Gained Gold","damage_taken":0,"max_hp_gain":0,"max_hp_loss":0,"event_name":"Golden Wing","floor":8,"gold_loss":0},{"damage_healed":0,"gold_gain":0,"player_choice":"Inject Mutagens","damage_taken":0,"relics_obtained":["MutagenicStrength"],"max_hp_gain":0,"max_hp_loss":0,"event_name":"Drug Dealer","floor":20,"gold_loss":0},{"damage_healed":0,"gold_gain":0,"player_choice":"Forge","damage_taken":0,"max_hp_gain":0,"max_hp_loss":0,"event_name":"Accursed Blacksmith","floor":21,"gold_loss":0,"cards_upgraded":["Juggernaut"]},{"damage_healed":0,"gold_gain":0,"player_choice":"Read","damage_taken":0,"max_hp_gain":0,"max_hp_loss":0,"event_name":"The Library","floor":30,"gold_loss":0,"cards_obtained":["Perfected Strike"]},{"damage_healed":0,"gold_gain":0,"player_choice":"Obtained Book","damage_taken":21,"max_hp_gain":0,"max_hp_loss":0,"event_name":"Cursed Tome","floor":31,"gold_loss":0},{"damage_healed":0,"gold_gain":0,"player_choice":"Memory 3","damage_taken":10,"max_hp_gain":0,"max_hp_loss":0,"event_name":"SensoryStone","floor":36,"gold_loss":0},{"damage_healed":66,"gold_gain":0,"player_choice":"Heal","damage_taken":0,"max_hp_gain":0,"max_hp_loss":15,"event_name":"The Moai Head","floor":39,"gold_loss":0}],"is_beta":false,"boss_relics":[{"not_picked":["Cursed Key","Orrery"],"picked":"Snecko Eye"},{"not_picked":["Runic Pyramid","Tiny House"],"picked":"Lizard Tail"}],"items_purged_floors":[],"is_endless":false,"potions_floor_spawned":[3,12,14,16,28,33,35,38,41],"killed_by":"Reptomancer","ascension_level":19}