{"gold_per_floor":[119,129,37,54,54,88,98,123,123,158,177,191,44,59,59,163,163,181,200,299,299,318,345,357,357,357,391,403,64,98,198,198,302,302,321,321,53,64,64,64,95,95,95,95,95,113,123,149,149,149],"floor_reached":51,"playtime":8255,"items_purged":["Pain","Defend_R","Strike_R"],"score":994,"play_id":"5b4f1c5f-300a-4137-b474-5420b18edc74","local_time":"20190725210606","is_ascension_mode":true,"campfire_choices":[{"floor":15.0,"key":"REST"},{"floor":25.0,"key":"REST"},{"data":"Shockwave","floor":32.0,"key":"SMITH"},{"data":"Limit Break","floor":40.0,"key":"SMITH"},{"floor":49,"key":"REST"}],"neow_cost":"CURSE","seed_source_timestamp":0,"circlet_count":0,"master_deck":["Strike_R","Strike_R","Strike_R","Defend_R","Defend_R","Defend_R","Bash","Fiend Fire","Entrench","Corruption+1","Perfected Strike","Perfected Strike","Offering","Battle Trance","Infernal Blade","Whirlwind+1","Twin Strike+1","Pummel+1","Perfected Strike+1","Shockwave+1","Inflame","Warcry","Double Tap+1","Armaments+1","Ghostly Armor","Headbutt+1","Burning Pact+1","Limit Break+1","Perfected Strike+1","Spot Weakness","Disarm+1","Dual Wield","Perfected Strike+1","Offering","Battle Trance+1","Pommel Strike+1","Flame Barrier+1","Pommel Strike+1","Sentinel+1"],"special_seed":0,"relics":["Burning Blood","Blood Vial","Molten Egg 2","Prayer Wheel","StoneCalendar","Mark of Pain","Bronze Scales","Regal Pillow","Matryoshka","Omamori","Juzu Bracelet","Bird Faced Urn","Pantograph","Snecko Eye","Red Skull","Frozen Egg 2","Oddly Smooth Stone","Toxic Egg 2","Meat on the Bone"],"potions_floor_usage":[50,50],"damage_taken":[{"damage":16.0,"enemies":"Jaw Worm","floor":1.0,"turns":3.0},{"damage":4.0,"enemies":"Cultist","floor":2.0,"turns":3.0},{"damage":17.0,"enemies":"Small Slimes","floor":4.0,"turns":3.0},{"damage":27.0,"enemies":"3 Sentries","floor":6.0,"turns":6.0},{"damage":6.0,"enemies":"Looter","floor":7.0,"turns":2.0},{"damage":40.0,"enemies":"Lagavulin","floor":8.0,"turns":5.0},{"damage":11.0,"enemies":"Gremlin Nob","floor":10.0,"turns":2.0},{"damage":4.0,"enemies":"Red Slaver","floor":11.0,"turns":2.0},{"damage":6.0,"enemies":"2 Fungi Beasts","floor":12.0,"turns":2.0},{"damage":8.0,"enemies":"Blue Slaver","floor":14.0,"turns":3.0},{"damage":36.0,"enemies":"Hexaghost","floor":16.0,"turns":6.0},{"damage":0.0,"enemies":"Spheric Guardian","floor":18.0,"turns":2.0},{"damage":2.0,"enemies":"Chosen","floor":19.0,"turns":3.0},{"damage":16.0,"enemies":"Sentry and Sphere","floor":22.0,"turns":3.0},{"damage":34.0,"enemies":"Book of Stabbing","floor":23.0,"turns":4.0},{"damage":24.0,"enemies":"Centurion and Healer","floor":24.0,"turns":4.0},{"damage":0.0,"enemies":"Gremlin Leader","floor":27.0,"turns":3.0},{"damage":8.0,"enemies":"Cultist and Chosen","floor":28.0,"turns":3.0},{"damage":35.0,"enemies":"Book of Stabbing","floor":30.0,"turns":3.0},{"damage":8.0,"enemies":"Colosseum Slavers","floor":31.0,"turns":2.0},{"damage":6.0,"enemies":"Colosseum Nobs","floor":31.0,"turns":3.0},{"damage":39.0,"enemies":"Champ","floor":33.0,"turns":6.0},{"damage":13.0,"enemies":"3 Shapes","floor":35.0,"turns":2.0},{"damage":14.0,"enemies":"3 Darklings","floor":38.0,"turns":3.0},{"damage":54.0,"enemies":"Nemesis","floor":41.0,"turns":5.0},{"damage":23,"enemies":"Sphere and 2 Shapes","floor":46,"turns":3},{"damage":6,"enemies":"Spire Growth","floor":47,"turns":2},{"damage":12,"enemies":"Reptomancer","floor":48,"turns":2},{"damage":33,"enemies":"Time Eater","floor":50,"turns":4}],"seed_played":"-5715268701369860970","potions_obtained":[{"floor":6.0,"key":"Dexterity Potion"},{"floor":7.0,"key":"SpeedPotion"},{"floor":10.0,"key":"Block Potion"},{"floor":14.0,"key":"SpeedPotion"},{"floor":19.0,"key":"Strength Potion"},{"floor":35.0,"key":"Weak Potion"},{"floor":36.0,"key":"Block Potion"},{"floor":36.0,"key":"Explosive Potion"},{"floor":41.0,"key":"Weak Potion"},{"floor":47,"key":"BloodPotion"},{"floor":48,"key":"FearPotion"}],"is_trial":false,"path_per_floor":["M","M","$","M","?","E","M","E","T","E","M","M","$","M","R","B",null,"M","M","?","?","M","E","M","R","T","E","M","$","E","?","R","B",null,"M","?","$","M","?","R","E","?","T","?","?","M","M","E","R","B",null],"character_chosen":"IRONCLAD","items_purchased":["Corruption","Perfected Strike","Inflame","Dual Wield","Omamori","Energy Potion","Red Skull"],"campfire_rested":3,"item_purchase_floors":[3,3,13,29,29,29,37],"current_hp_per_floor":[70,72,72,61,61,40,42,10,10,7,11,13,13,13,37,9,80,80,80,80,80,70,44,28,52,52,60,60,60,33,35,35,33,80,73,73,73,69,69,69,27,27,27,47,47,32,34,32,71,55],"gold":149,"neow_bonus":"THREE_RARE_CARDS","is_prod":false,"is_daily":false,"chose_seed":false,"campfire_upgraded":2,"win_rate":0,"timestamp":1564113966,"path_taken":["M","M","$","M","?","E","M","E","T","E","M","M","$","?","R","BOSS","M","M","?","?","?","E","M","R","T","E","M","$","E","?","R","BOSS","M","?","$","M","?","R","E","?","T","?","?","M","M","E","R","BOSS"],"build_version":"2019-07-17","purchased_purges":3,"victory":true,"max_hp_per_floor":[80,80,80,80,80,80,80,80,80,80,80,80,80,80,80,80,80,80,80,80,80,80,80,80,80,80,80,80,80,80,80,80,80,80,80,80,80,80,80,80,80,80,80,80,80,80,80,80,80,80],"card_choices":[{"not_picked":["Barricade","Brutality"],"picked":"Fiend Fire","floor":0.0},{"not_picked":["Clothesline","Pummel"],"picked":"Perfected Strike","floor":1.0},{"not_picked":["Twin Strike","Pommel Strike"],"picked":"Entrench","floor":2.0},{"not_picked":["Fire Breathing","Twin Strike"],"picked":"Perfected Strike","floor":4.0},{"not_picked":["Whirlwind","Iron Wave"],"picked":"Offering","floor":6.0},{"not_picked":["Uppercut","Shockwave"],"picked":"Battle Trance","floor":7.0},{"not_picked":["Corruption","Searing Blow"],"picked":"Infernal Blade","floor":8.0},{"not_picked":["Battle Trance","Body Slam+1"],"picked":"Whirlwind+1","floor":10.0},{"not_picked":["Carnage+1","Dropkick+1"],"picked":"Twin Strike+1","floor":11.0},{"not_picked":["Entrench","Carnage+1"],"picked":"Pummel+1","floor":11.0},{"not_picked":["Clothesline+1","True Grit"],"picked":"Perfected Strike+1","floor":12.0},{"not_picked":["Intimidate","True Grit"],"picked":"Shockwave","floor":12.0},{"not_picked":["Clothesline+1","Power Through"],"picked":"Warcry","floor":14.0},{"not_picked":["Armaments","Bloodletting","Thunderclap+1"],"picked":"SKIP","floor":14.0},{"not_picked":["Exhume","Offering"],"picked":"Double Tap","floor":16.0},{"not_picked":["Heavy Blade+1","Rupture"],"picked":"Armaments+1","floor":18.0},{"not_picked":["Clash+1","Wild Strike+1"],"picked":"Ghostly Armor","floor":18.0},{"not_picked":["Armaments","Twin Strike+1"],"picked":"Headbutt+1","floor":19.0},{"not_picked":["Wild Strike+1","Clothesline+1","Twin Strike+1"],"picked":"SKIP","floor":19.0},{"not_picked":["Shrug It Off","Searing Blow+1"],"picked":"Burning Pact+1","floor":22.0},{"not_picked":["Rampage+1","Clothesline+1","Flex"],"picked":"SKIP","floor":22.0},{"not_picked":["Cleave+1","Power Through"],"picked":"Limit Break","floor":23.0},{"not_picked":["Evolve+1","True Grit"],"picked":"Perfected Strike+1","floor":24.0},{"not_picked":["Havoc","True Grit","Body Slam+1"],"picked":"SKIP","floor":24.0},{"not_picked":["Bloodletting","Headbutt+1"],"picked":"Spot Weakness","floor":27.0},{"not_picked":["Clash+1","Rampage+1"],"picked":"Disarm+1","floor":28.0},{"not_picked":["Corruption","Pommel Strike+1","Rampage+1"],"picked":"SKIP","floor":28.0},{"not_picked":["Bloodletting","Immolate+1","Twin Strike+1"],"picked":"SKIP","floor":30.0},{"not_picked":["Pummel+1","True Grit"],"picked":"Perfected Strike+1","floor":31.0},{"not_picked":["Feed+1","Juggernaut"],"picked":"Offering","floor":33.0},{"not_picked":["Thunderclap+1","Entrench"],"picked":"Battle Trance+1","floor":35.0},{"not_picked":["Thunderclap+1","Clash+1","Dropkick+1"],"picked":"SKIP","floor":35.0},{"not_picked":["Body Slam+1","Corruption+1","Combust"],"picked":"SKIP","floor":38.0},{"not_picked":["Clash+1","Armaments+1","Clothesline+1"],"picked":"SKIP","floor":38.0},{"not_picked":["Corruption","Infernal Blade+1"],"picked":"Pommel Strike+1","floor":41.0},{"not_picked":["Clothesline+1","Bloodletting+1"],"picked":"Flame Barrier+1","floor":46},{"not_picked":["Inflame+1","Twin Strike+1"],"picked":"Pommel Strike+1","floor":46},{"not_picked":["Feel No Pain+1","Carnage+1"],"picked":"Sentinel+1","floor":47},{"not_picked":["Twin Strike+1","Entrench+1","Burning Pact+1"],"picked":"SKIP","floor":47},{"not_picked":["Cleave+1","Feed+1","Reckless Charge+1"],"picked":"SKIP","floor":48}],"player_experience":57543,"relics_obtained":[{"floor":6.0,"key":"Blood Vial"},{"floor":8.0,"key":"Molten Egg 2"},{"floor":9.0,"key":"Prayer Wheel"},{"floor":10.0,"key":"StoneCalendar"},{"floor":23.0,"key":"Bronze Scales"},{"floor":26.0,"key":"Regal Pillow"},{"floor":27.0,"key":"Matryoshka"},{"floor":30.0,"key":"Juzu Bracelet"},{"floor":31.0,"key":"Bird Faced Urn"},{"floor":31.0,"key":"Pantograph"},{"floor":41.0,"key":"Frozen Egg 2"},{"floor":43.0,"key":"Oddly Smooth Stone"},{"floor":43.0,"key":"Toxic Egg 2"},{"floor":48,"key":"Meat on the Bone"}],"event_choices":[{"damage_healed":0.0,"max_hp_gain":0.0,"max_hp_loss":0.0,"gold_gain":0.0,"event_name":"Upgrade Shrine","player_choice":"Upgraded","floor":5.0,"gold_loss":0.0,"damage_taken":0.0,"cards_upgraded":["Corruption"]},{"damage_healed":0.0,"max_hp_gain":0.0,"max_hp_loss":0.0,"gold_gain":99.0,"event_name":"Nest","player_choice":"Stole From Cult","floor":20.0,"gold_loss":0.0,"damage_taken":0.0},{"damage_healed":0.0,"max_hp_gain":0.0,"max_hp_loss":0.0,"gold_gain":0.0,"event_name":"Upgrade Shrine","player_choice":"Upgraded","floor":21.0,"gold_loss":0.0,"damage_taken":0.0,"cards_upgraded":["Double Tap"]},{"damage_healed":0.0,"max_hp_gain":0.0,"max_hp_loss":0.0,"gold_gain":0.0,"event_name":"Colosseum","player_choice":"Fight","floor":31.0,"gold_loss":0.0,"damage_taken":0.0},{"damage_healed":0.0,"max_hp_gain":0.0,"max_hp_loss":0.0,"gold_gain":0.0,"event_name":"Colosseum","player_choice":"Fought Nobs","floor":31.0,"gold_loss":0.0,"damage_taken":0.0},{"damage_healed":0.0,"max_hp_gain":0.0,"max_hp_loss":0.0,"gold_gain":0.0,"event_name":"Lab","player_choice":"Got Potions","floor":36.0,"gold_loss":0.0,"damage_taken":0.0},{"cards_removed":["Strike_R"],"damage_healed":0.0,"max_hp_gain":0.0,"max_hp_loss":0.0,"gold_gain":0.0,"event_name":"Bonfire Elementals","player_choice":"Offered Basic","floor":39.0,"gold_loss":0.0,"damage_taken":0.0},{"damage_healed":0.0,"max_hp_gain":0.0,"max_hp_loss":0.0,"gold_gain":0.0,"event_name":"The Moai Head","player_choice":"Ignored","floor":42.0,"gold_loss":0.0,"damage_taken":0.0},{"damage_healed":20,"gold_gain":0,"player_choice":"Writhe","damage_taken":0,"max_hp_gain":0,"max_hp_loss":0,"event_name":"Winding Halls","floor":44,"gold_loss":0,"cards_obtained":["Writhe"]},{"cards_removed":["Perfected Strike"],"damage_healed":0,"gold_gain":0,"player_choice":"Removed Attack","damage_taken":0,"max_hp_gain":0,"max_hp_loss":0,"event_name":"Falling","floor":45,"gold_loss":0}],"is_beta":false,"boss_relics":[{"not_picked":["Eternal Feather","Cursed Key"],"picked":"Mark of Pain"},{"not_picked":["Black Star","Runic Pyramid"],"picked":"Snecko Eye"}],"items_purged_floors":[13,29,37],"is_endless":false,"potions_floor_spawned":[6,7,10,14,18,19,22,31,35,41,47,48],"ascension_level":4}