{"gold_per_floor":[116,191,210,224,236,236,271,271,271,271,271,271,305,323,323,419,419,435,435,447,68,68,68,96,18,18,18,118,118,13,32,32,108,108,123,123,139,139,39,39,51,65,65,65,65],"floor_reached":45,"playtime":1563,"items_purged":["Strike_B","Shame"],"score":878,"play_id":"51b2de3b-cb15-4a2a-9f29-26f9b4d4adbd","local_time":"20190628235936","is_ascension_mode":true,"campfire_choices":[{"data":"Streamline","floor":6,"key":"SMITH"},{"data":"Zap","floor":8,"key":"SMITH"},{"data":"Dualcast","floor":10,"key":"SMITH"},{"floor":12,"key":"REST"},{"data":"Go for the Eyes","floor":15,"key":"SMITH"},{"data":"Hyperbeam","floor":23,"key":"SMITH"},{"data":"Fusion","floor":27,"key":"SMITH"},{"data":"Defragment","floor":32,"key":"SMITH"},{"floor":40,"key":"RECALL"},{"floor":44,"key":"REST"}],"neow_cost":"NONE","seed_source_timestamp":882090170975900,"circlet_count":0,"master_deck":["AscendersBane","Strike_B","Strike_B","Strike_B","Defend_B","Defend_B","Defend_B","Defend_B","Zap+1","Dualcast+1","Finesse","Cold Snap","Melter","Streamline+1","Steam","Rip and Tear","Go for the Eyes+1","Hyperbeam+1","Reinforced Body+1","Capacitor","Doom and Gloom","Fusion+1","Chill","Multi-Cast","Defragment+1","Hologram","Capacitor","Echo Form","Rainbow","Consume"],"relics":["Cracked Core","Pocketwatch","Pantograph","Bloody Idol","Question Card","Cursed Key","Pear","Boot","StoneCalendar","Mummified Hand","Snecko Eye"],"potions_floor_usage":[7,16,24,33,37,45],"damage_taken":[{"damage":0,"enemies":"2 Louse","floor":1,"turns":2},{"damage":2,"enemies":"Small Slimes","floor":3,"turns":3},{"damage":3,"enemies":"Jaw Worm","floor":4,"turns":4},{"damage":10,"enemies":"3 Louse","floor":5,"turns":3},{"damage":15,"enemies":"Gremlin Nob","floor":7,"turns":3},{"damage":18,"enemies":"Lagavulin","floor":13,"turns":5},{"damage":0,"enemies":"2 Fungi Beasts","floor":14,"turns":2},{"damage":16,"enemies":"The Guardian","floor":16,"turns":12},{"damage":0,"enemies":"Spheric Guardian","floor":18,"turns":2},{"damage":7,"enemies":"2 Thieves","floor":20,"turns":3},{"damage":3,"enemies":"Gremlin Leader","floor":24,"turns":7},{"damage":31,"enemies":"Colosseum Slavers","floor":28,"turns":6},{"damage":8,"enemies":"Colosseum Nobs","floor":28,"turns":3},{"damage":0,"enemies":"Sentry and Sphere","floor":31,"turns":2},{"damage":51,"enemies":"Collector","floor":33,"turns":7},{"damage":4,"enemies":"3 Shapes","floor":35,"turns":4},{"damage":19,"enemies":"Orb Walker","floor":37,"turns":3},{"damage":30,"enemies":"Writhing Mass","floor":41,"turns":7},{"damage":13,"enemies":"3 Darklings","floor":42,"turns":6},{"damage":63,"enemies":"Reptomancer","floor":45,"turns":4}],"seed_played":"4128199996757809415","potions_obtained":[{"floor":3,"key":"FearPotion"},{"floor":5,"key":"LiquidBronze"},{"floor":14,"key":"Ancient Potion"},{"floor":16,"key":"Swift Potion"},{"floor":18,"key":"Block Potion"},{"floor":28,"key":"Weak Potion"},{"floor":33,"key":"Ancient Potion"},{"floor":42,"key":"FairyPotion"}],"is_trial":false,"path_per_floor":["M","?","M","M","M","R","E","R","T","R","?","R","E","M","R","B",null,"M","?","M","$","?","R","E","$","T","R","?","?","$","M","R","B",null,"M","?","M","?","$","R","M","M","T","R","E"],"character_chosen":"DEFECT","items_purchased":["Pear","Capacitor","Fusion","Defragment","Hologram"],"campfire_rested":2,"item_purchase_floors":[21,21,25,30,30],"current_hp_per_floor":[64,53,51,48,38,38,23,23,23,23,23,42,24,24,24,33,56,56,56,59,69,69,69,71,71,71,71,37,37,37,42,42,21,61,62,62,48,48,48,48,23,15,15,37,0],"gold":65,"neow_bonus":"RANDOM_COLORLESS","is_prod":false,"is_daily":false,"chose_seed":false,"campfire_upgraded":7,"win_rate":0,"timestamp":1561733976,"path_taken":["M","?","M","M","M","R","E","R","T","R","?","R","E","M","R","BOSS","M","?","M","$","?","R","E","?","T","R","?","?","?","M","R","BOSS","M","?","M","?","$","R","M","M","T","R","E"],"build_version":"2019-01-23","purchased_purges":2,"victory":false,"max_hp_per_floor":[71,71,71,71,71,71,71,71,71,71,64,64,64,64,64,64,64,64,64,64,74,74,74,74,74,74,74,74,74,74,74,74,74,74,74,74,74,74,74,74,74,74,74,74,74],"card_choices":[{"not_picked":["Compile Driver","Leap"],"picked":"Cold Snap","floor":1},{"not_picked":["Leap","Static Discharge"],"picked":"Compile Driver","floor":3},{"not_picked":["Leap","Lockon"],"picked":"Melter","floor":4},{"not_picked":["Compile Driver","Seek"],"picked":"Streamline","floor":5},{"not_picked":["Compile Driver","Barrage"],"picked":"Steam","floor":7},{"not_picked":["Blizzard","Machine Learning"],"picked":"Rip and Tear","floor":13},{"not_picked":["Ball Lightning","Darkness","Lockon"],"picked":"Go for the Eyes","floor":14},{"not_picked":["Echo Form","Amplify","Thunder Strike"],"picked":"Hyperbeam","floor":16},{"not_picked":["Static Discharge+1","Gash","Capacitor"],"picked":"Reinforced Body+1","floor":18},{"not_picked":["Leap","Rebound","Lockon","Ball Lightning"],"picked":"SKIP","floor":20},{"not_picked":["Force Field","Compile Driver","Double Energy"],"picked":"Doom and Gloom","floor":24},{"not_picked":["Turbo","Stack","Steam"],"picked":"Chill","floor":28},{"not_picked":["Compile Driver","Barrage","Turbo"],"picked":"Capacitor","floor":31},{"not_picked":["Machine Learning","Rainbow","Fission"],"picked":"Echo Form","floor":33},{"not_picked":["Ball Lightning","Tempest","Undo+1","Redo"],"picked":"SKIP","floor":35},{"not_picked":["Chill+1","Hologram","Leap"],"picked":"Rainbow","floor":37},{"not_picked":["Compile Driver","FTL","Cold Snap","Barrage"],"picked":"SKIP","floor":41},{"not_picked":["Melter+1","Compile Driver","Coolheaded"],"picked":"Consume","floor":42}],"player_experience":5516793,"relics_obtained":[{"floor":7,"key":"Pocketwatch"},{"floor":9,"key":"Pantograph"},{"floor":13,"key":"Question Card"},{"floor":24,"key":"Boot"},{"floor":28,"key":"StoneCalendar"},{"floor":28,"key":"Mummified Hand"}],"event_choices":[{"damage_healed":0,"gold_gain":75,"player_choice":"Gather Gold","damage_taken":11,"max_hp_gain":0,"max_hp_loss":0,"event_name":"World of Goop","floor":2,"gold_loss":0},{"damage_healed":0,"gold_gain":0,"player_choice":"Lose Max HP","damage_taken":0,"relics_obtained":["Golden Idol"],"max_hp_gain":0,"max_hp_loss":7,"event_name":"Golden Idol","floor":11,"gold_loss":0},{"damage_healed":0,"gold_gain":0,"player_choice":"Gave Idol","damage_taken":0,"relics_obtained":["Bloody Idol"],"max_hp_gain":0,"max_hp_loss":0,"event_name":"Forgotten Altar","floor":19,"relics_lost":["Golden Idol"],"gold_loss":0},{"damage_healed":0,"gold_gain":0,"player_choice":"Fight","damage_taken":0,"max_hp_gain":0,"max_hp_loss":0,"event_name":"Colosseum","floor":28,"gold_loss":0},{"damage_healed":0,"gold_gain":0,"player_choice":"Fought Nobs","damage_taken":0,"max_hp_gain":0,"max_hp_loss":0,"event_name":"Colosseum","floor":28,"gold_loss":0},{"damage_healed":0,"gold_gain":0,"player_choice":"Read","damage_taken":0,"max_hp_gain":0,"max_hp_loss":0,"event_name":"The Library","floor":29,"gold_loss":0,"cards_obtained":["Multi-Cast"]},{"cards_removed":["Compile Driver"],"damage_healed":0,"gold_gain":0,"player_choice":"Removed Attack","damage_taken":0,"max_hp_gain":0,"max_hp_loss":0,"event_name":"Falling","floor":36,"gold_loss":0},{"damage_healed":0,"gold_gain":0,"player_choice":"0 cards matched","damage_taken":0,"max_hp_gain":0,"max_hp_loss":0,"event_name":"Match and Keep!","floor":38,"gold_loss":0,"cards_obtained":[]}],"is_beta":false,"boss_relics":[{"not_picked":["FrozenCore","Black Star"],"picked":"Cursed Key"},{"not_picked":["Runic Dome","Philosopher\u0027s Stone"],"picked":"Snecko Eye"}],"items_purged_floors":[21,39],"is_endless":false,"potions_floor_spawned":[3,5,14,16,18,28,33,42],"killed_by":"Reptomancer","ascension_level":20}