{"gold_per_floor":[119,119,139,156,156,156,156,188,215,240,250,175,175,204,204,204],"floor_reached":16,"playtime":508,"items_purged":["Strike_R"],"score":142,"play_id":"411e2a92-2ae5-453c-bcfe-a29df584c058","local_time":"20190704210917","is_ascension_mode":true,"campfire_choices":[{"data":"conspire:Purge","floor":6,"key":"SMITH"},{"floor":15,"key":"REST"}],"neow_cost":"NONE","seed_source_timestamp":1152825256827816,"circlet_count":0,"master_deck":["Strike_R","Strike_R","Strike_R","Defend_R","Defend_R","Defend_R","Defend_R","Bash","Armaments","conspire:Purge+1","Life Link","Clothesline","Offering","Sword Boomerang","Dagger Throw","conspire:Charge"],"relics":["Burning Blood","NeowsBlessing","hubris:ToyBattleship","vexMod:RelicLauncher","hubris:OldNail","hubris:SphereOfDissonance"],"potions_floor_usage":[10,14,16,16],"damage_taken":[{"damage":0,"enemies":"Small Slimes","floor":1,"turns":1},{"damage":0,"enemies":"2 Louse","floor":3,"turns":1},{"damage":0,"enemies":"Cultist","floor":4,"turns":1},{"damage":36,"enemies":"Gremlin Nob","floor":8,"turns":4},{"damage":26,"enemies":"3 Sentries","floor":10,"turns":10},{"damage":6,"enemies":"Looter","floor":11,"turns":4},{"damage":16,"enemies":"Gremlin Nob","floor":14,"turns":4},{"damage":46,"enemies":"The Guardian","floor":16,"turns":9}],"seed_played":"4449324800060873238","potions_obtained":[{"floor":3,"key":"Swift Potion"},{"floor":4,"key":"Explosive Potion"},{"floor":11,"key":"Block Potion"},{"floor":14,"key":"Block Potion"}],"is_trial":false,"path_per_floor":["M","?","M","M","?","R","?","E","T","E","M","$","?","E","R","B"],"character_chosen":"IRONCLAD","items_purchased":[],"campfire_rested":1,"item_purchase_floors":[],"current_hp_per_floor":[80,80,80,80,80,80,80,50,50,30,30,30,30,20,44,0],"gold":204,"neow_bonus":"THREE_ENEMY_KILL","is_prod":false,"is_daily":false,"chose_seed":false,"campfire_upgraded":1,"win_rate":0,"timestamp":1562270957,"path_taken":["M","?","?","M","?","R","?","E","T","E","?","$","?","E","R","BOSS"],"build_version":"2019-07-01","purchased_purges":1,"victory":false,"max_hp_per_floor":[80,80,80,80,80,80,80,80,80,80,80,80,80,80,80,80],"card_choices":[{"not_picked":["strawberrySpire:DebrisPile","strawberrySpire:ZonePlayer"],"picked":"Armaments","floor":1},{"not_picked":["Offering","strawberrySpire:Beatdown"],"picked":"conspire:Purge","floor":2},{"not_picked":["strawberrySpire:FireDrill","infinitespire:OneForAll"],"picked":"Life Link","floor":3},{"not_picked":["Armaments","infinitespire:OneForAll"],"picked":"Clothesline","floor":4},{"not_picked":["strawberrySpire:PumpUp","Run Through"],"picked":"Offering","floor":8},{"not_picked":["Armaments","Clash","Feel No Pain"],"picked":"SKIP","floor":10},{"not_picked":["Armaments","Clash","Feel No Pain"],"picked":"SKIP","floor":10},{"not_picked":["Heavy Blade","Body Slam"],"picked":"Sword Boomerang","floor":11},{"not_picked":["Perfected Strike","strawberrySpire:Spite"],"picked":"conspire:Charge","floor":14}],"player_experience":152678,"relics_obtained":[{"floor":8,"key":"hubris:ToyBattleship"},{"floor":9,"key":"vexMod:RelicLauncher"},{"floor":10,"key":"hubris:OldNail"},{"floor":14,"key":"hubris:SphereOfDissonance"}],"event_choices":[{"damage_healed":0,"gold_gain":0,"player_choice":"Cursed","damage_taken":0,"max_hp_gain":0,"max_hp_loss":0,"event_name":"Wheel of Change","floor":7,"gold_loss":0,"cards_obtained":["Decay"]}],"is_beta":false,"boss_relics":[],"items_purged_floors":[12],"is_endless":false,"potions_floor_spawned":[3,4,11,14],"killed_by":"The Guardian","ascension_level":4}