{"gold_per_floor":[110,125,139,13,24,24,54,54,54,85,97,97,15,28,28,105,105,122,122,132,142,192,192,218,218,296,296,296,322,322,338,338,338],"floor_reached":33,"playtime":1199,"items_purged":["Strike_G"],"score":640,"play_id":"e6291904-c096-49e2-8a34-1a2f06c9f64f","local_time":"20190515014819","is_ascension_mode":true,"campfire_choices":[{"data":"Crippling Poison","floor":6,"key":"SMITH"},{"data":"Deadly Poison","floor":8,"key":"SMITH"},{"data":"Cloak And Dagger","floor":15,"key":"SMITH"},{"floor":23,"key":"REST"},{"floor":25,"key":"REST"},{"data":"Tactician","floor":28,"key":"SMITH"},{"data":"Calculated Gamble","floor":32,"key":"SMITH"}],"neow_cost":"TEN_PERCENT_HP_LOSS","seed_source_timestamp":804784420432500,"circlet_count":0,"master_deck":["AscendersBane","Defend_G","Defend_G","Defend_G","Defend_G","Strike_G","Strike_G","Strike_G","Survivor","Neutralize","Masterful Stab","Crippling Poison+1","Dagger Throw","Deadly Poison+1","Burst+1","Backflip","Well Laid Plans","Cloak And Dagger+1","Die Die Die","Calculated Gamble+1","Noxious Fumes","Tactician+1","Ghostly","Ghostly","Ghostly"],"relics":["Ring of the Snake","Matryoshka","Letter Opener","Turnip","Ancient Tea Set","Black Star","Pen Nib","Darkstone Periapt","Regal Pillow","Bronze Scales","Pear","Sundial"],"potions_floor_usage":[7,10,16,18,24,33],"damage_taken":[{"damage":1,"enemies":"Cultist","floor":1,"turns":5},{"damage":0,"enemies":"2 Louse","floor":2,"turns":2},{"damage":0,"enemies":"Jaw Worm","floor":3,"turns":3},{"damage":0,"enemies":"3 Louse","floor":5,"turns":4},{"damage":2,"enemies":"3 Sentries","floor":7,"turns":5},{"damage":10,"enemies":"Gremlin Nob","floor":10,"turns":3},{"damage":0,"enemies":"2 Fungi Beasts","floor":11,"turns":3},{"damage":0,"enemies":"Gremlin Gang","floor":14,"turns":2},{"damage":8,"enemies":"Hexaghost","floor":16,"turns":8},{"damage":8,"enemies":"3 Byrds","floor":18,"turns":4},{"damage":18,"enemies":"Chosen","floor":20,"turns":5},{"damage":8,"enemies":"Centurion and Healer","floor":21,"turns":5},{"damage":36,"enemies":"Book of Stabbing","floor":24,"turns":5},{"damage":0,"enemies":"Slavers","floor":29,"turns":3},{"damage":1,"enemies":"Chosen and Byrds","floor":31,"turns":5},{"damage":41,"enemies":"Champ","floor":33,"turns":11}],"seed_played":"-8607589188765335392","potions_obtained":[{"floor":1,"key":"Explosive Potion"},{"floor":5,"key":"Block Potion"},{"floor":7,"key":"SkillPotion"},{"floor":16,"key":"AttackPotion"},{"floor":21,"key":"SteroidPotion"},{"floor":29,"key":"Swift Potion"}],"is_trial":false,"path_per_floor":["M","M","M","$","M","R","E","R","T","E","M","?","$","M","R","B",null,"M","?","M","M","?","R","E","R","T","?","R","E","?","M","R","B"],"character_chosen":"THE_SILENT","items_purchased":["Deadly Poison","Cloak And Dagger","PowerPotion"],"campfire_rested":2,"item_purchase_floors":[4,13,13],"current_hp_per_floor":[58,58,58,58,58,58,56,56,56,46,46,46,46,46,46,38,55,47,47,29,21,21,39,3,36,46,35,35,35,30,29,29,0],"gold":338,"neow_bonus":"REMOVE_TWO","is_prod":false,"is_daily":false,"chose_seed":false,"campfire_upgraded":5,"win_rate":0,"timestamp":1557852499,"path_taken":["M","?","M","$","M","R","E","R","T","E","M","?","$","?","R","BOSS","M","?","M","?","?","R","E","R","T","?","R","E","?","?","R","BOSS"],"build_version":"2019-01-23","purchased_purges":1,"victory":false,"max_hp_per_floor":[60,60,60,60,60,60,60,60,60,60,60,60,60,60,60,60,60,60,60,60,60,60,60,60,60,70,35,35,35,35,35,35,35],"card_choices":[{"not_picked":["PiercingWail","Dagger Throw"],"picked":"Masterful Stab","floor":1},{"not_picked":["Poisoned Stab","Deflect"],"picked":"Crippling Poison","floor":2},{"not_picked":["Outmaneuver","PiercingWail"],"picked":"Dagger Throw","floor":3},{"not_picked":["Dagger Spray","Leg Sweep"],"picked":"Burst","floor":5},{"not_picked":["Deflect","Cloak And Dagger","Flying Knee"],"picked":"SKIP","floor":7},{"not_picked":["Prepared","Reflex"],"picked":"Backflip","floor":10},{"not_picked":["Masterful Stab","Slice"],"picked":"Well Laid Plans","floor":11},{"not_picked":["Poisoned Stab","Bane","Acrobatics"],"picked":"SKIP","floor":14},{"not_picked":["Glass Knife","Bullet Time"],"picked":"Die Die Die","floor":16},{"not_picked":["Blade Dance+1","Slice"],"picked":"Calculated Gamble","floor":18},{"not_picked":["Prepared","All Out Attack"],"picked":"Noxious Fumes","floor":20},{"not_picked":["Prepared","Heel Hook","Bouncing Flask"],"picked":"SKIP","floor":21},{"not_picked":["Malaise","Deflect"],"picked":"Tactician","floor":24},{"not_picked":["Bane","Prepared","Deadly Poison"],"picked":"SKIP","floor":29},{"not_picked":["Dodge and Roll","Phantasmal Killer","Deadly Poison"],"picked":"SKIP","floor":31}],"player_experience":5022456,"relics_obtained":[{"floor":7,"key":"Matryoshka"},{"floor":9,"key":"Letter Opener"},{"floor":9,"key":"Turnip"},{"floor":10,"key":"Ancient Tea Set"},{"floor":24,"key":"Darkstone Periapt"},{"floor":24,"key":"Regal Pillow"},{"floor":26,"key":"Bronze Scales"},{"floor":26,"key":"Pear"},{"floor":29,"key":"Sundial"}],"event_choices":[{"damage_healed":0,"gold_gain":0,"player_choice":"Forge","damage_taken":0,"max_hp_gain":0,"max_hp_loss":0,"event_name":"Accursed Blacksmith","floor":12,"gold_loss":0,"cards_upgraded":["Burst"]},{"damage_healed":0,"gold_gain":0,"player_choice":"Gave Potion","damage_taken":0,"relics_obtained":["Pen Nib"],"max_hp_gain":0,"max_hp_loss":0,"event_name":"WeMeetAgain","floor":19,"gold_loss":0},{"damage_healed":0,"gold_gain":50,"player_choice":"Stole From Cult","damage_taken":0,"max_hp_gain":0,"max_hp_loss":0,"event_name":"Nest","floor":22,"gold_loss":0},{"damage_healed":0,"gold_gain":0,"player_choice":"Became a Ghost","damage_taken":0,"max_hp_gain":0,"max_hp_loss":35,"event_name":"Ghosts","floor":27,"gold_loss":0,"cards_obtained":["Ghostly","Ghostly","Ghostly"]},{"damage_healed":0,"gold_gain":0,"player_choice":"Damaged","damage_taken":5,"max_hp_gain":0,"max_hp_loss":0,"event_name":"Wheel of Change","floor":30,"gold_loss":0}],"is_beta":false,"boss_relics":[{"not_picked":["Eternal Feather","WristBlade"],"picked":"Black Star"}],"items_purged_floors":[4],"is_endless":false,"potions_floor_spawned":[1,5,7,16,21,29],"killed_by":"Champ","ascension_level":20}