{"gold_per_floor":[116,116,191,211,229,229,229,154,179,194,94,109,109,122,122,227,227,239,114,127,127,137,137,169,169,195,195,195,195,4,16,16,114,114,134,134,152,166,180,180,190,40,40,40,40,40,53,1,1,1],"floor_reached":51,"playtime":588,"items_purged":["Defend_R","Defend_R","Defend_R","Strike_R"],"score":657,"play_id":"be9b3936-3d38-44c5-9d5a-964f2339495b","local_time":"20190518001911","is_ascension_mode":false,"campfire_choices":[{"data":"Immolate","floor":6,"key":"SMITH"},{"data":"Ghostly Armor","floor":13,"key":"SMITH"},{"data":"Bash","floor":15,"key":"SMITH"},{"data":"Flex","floor":23,"key":"SMITH"},{"data":"1","floor":25,"key":"LIFT"},{"data":"2","floor":27,"key":"LIFT"},{"data":"3","floor":32,"key":"LIFT"},{"data":"Offering","floor":40,"key":"SMITH"},{"data":"Flex","floor":49,"key":"SMITH"}],"neow_cost":"NONE","seed_source_timestamp":52528458332000,"circlet_count":0,"master_deck":["Strike_R","Strike_R+1","Bash+1","Immolate+1","Perfected Strike","Ghostly Armor+1","Offering+1","Battle Trance","Flex+1","Clash","Dual Wield+1","Impervious","Flex+1"],"special_seed":0,"relics":["Burning Blood","Anchor","Bag of Preparation","Runic Dome","Girya","Bag of Marbles","Lee\u0027s Waffle","Busted Crown","Shuriken"],"potions_floor_usage":[16,16,33,50,50],"damage_taken":[{"damage":5,"enemies":"2 Louse","floor":1,"turns":3},{"damage":0,"enemies":"Small Slimes","floor":4,"turns":3},{"damage":1,"enemies":"Jaw Worm","floor":5,"turns":2},{"damage":0,"enemies":"Exordium Thugs","floor":10,"turns":2},{"damage":2,"enemies":"Blue Slaver","floor":12,"turns":2},{"damage":0,"enemies":"Exordium Wildlife","floor":14,"turns":2},{"damage":44,"enemies":"The Guardian","floor":16,"turns":9},{"damage":8,"enemies":"Shell Parasite","floor":18,"turns":2},{"damage":6,"enemies":"2 Thieves","floor":20,"turns":2},{"damage":6,"enemies":"Shelled Parasite and Fungi","floor":22,"turns":1},{"damage":14,"enemies":"Gremlin Leader","floor":24,"turns":2},{"damage":11,"enemies":"Snake Plant","floor":31,"turns":2},{"damage":66,"enemies":"Automaton","floor":33,"turns":6},{"damage":0,"enemies":"3 Darklings","floor":35,"turns":1},{"damage":6,"enemies":"Orb Walker","floor":37,"turns":1},{"damage":6,"enemies":"Spire Growth","floor":38,"turns":2},{"damage":10,"enemies":"Transient","floor":39,"turns":5},{"damage":6,"enemies":"Jaw Worm Horde","floor":41,"turns":1},{"damage":0,"enemies":"Writhing Mass","floor":47,"turns":2},{"damage":68,"enemies":"Awakened One","floor":50,"turns":5}],"seed_played":"-8386677910830003074","potions_obtained":[{"floor":1,"key":"Weak Potion"},{"floor":4,"key":"BloodPotion"},{"floor":31,"key":"Swift Potion"},{"floor":38,"key":"FearPotion"},{"floor":41,"key":"SteroidPotion"},{"floor":47,"key":"SpeedPotion"}],"is_trial":false,"path_per_floor":["M","?","?","M","M","R","?","$","T","M","$","M","R","M","R","B",null,"M","$","M","$","M","R","E","R","T","R","?","?","$","M","R","B",null,"M","?","M","M","M","R","M","$","T","?","?","?","M","$","R","B",null],"character_chosen":"IRONCLAD","items_purchased":["Lee\u0027s Waffle","Flex"],"campfire_rested":0,"item_purchase_floors":[30,48],"current_hp_per_floor":[80,73,62,68,73,73,57,57,57,63,63,67,67,73,73,43,80,78,78,78,78,78,78,70,70,70,70,55,55,92,87,87,27,92,92,92,92,92,88,88,88,88,88,88,88,88,92,92,92,30],"gold":1,"neow_bonus":"RANDOM_COMMON_RELIC","is_prod":false,"is_daily":false,"chose_seed":false,"campfire_upgraded":6,"win_rate":0,"timestamp":1558106351,"path_taken":["M","?","?","M","M","R","?","$","T","M","?","M","R","M","R","BOSS","M","$","M","$","M","R","E","R","T","R","?","?","?","M","R","BOSS","M","?","M","M","M","R","M","?","T","?","?","?","?","?","R","BOSS"],"build_version":"2019-01-23","purchased_purges":4,"victory":true,"max_hp_per_floor":[80,80,80,80,80,80,80,80,80,80,80,80,80,80,80,80,80,80,80,80,80,80,80,80,80,80,80,85,85,92,92,92,92,92,92,92,92,92,92,92,92,92,92,92,92,92,92,92,92,92],"card_choices":[{"not_picked":["Corruption","Sword Boomerang"],"picked":"Immolate","floor":5},{"not_picked":["Metallicize","Thunderclap"],"picked":"Perfected Strike","floor":10},{"not_picked":["Sword Boomerang","Havoc"],"picked":"Ghostly Armor","floor":12},{"not_picked":["Fiend Fire","Brutality"],"picked":"Offering","floor":16},{"not_picked":["Clash","Havoc"],"picked":"Battle Trance","floor":18},{"not_picked":["Perfected Strike","Headbutt+1"],"picked":"Flex","floor":20},{"not_picked":["Clash","Uppercut","Intimidate"],"picked":"SKIP","floor":22},{"not_picked":["Uppercut","Intimidate"],"picked":"Clash","floor":22},{"not_picked":["Rampage+1","Dual Wield+1","Wild Strike+1"],"picked":"SKIP","floor":24},{"not_picked":["Rampage+1","Wild Strike+1"],"picked":"Dual Wield+1","floor":24},{"not_picked":["Armaments+1","Anger","Ghostly Armor"],"picked":"SKIP","floor":31},{"not_picked":["Dark Embrace","Exhume"],"picked":"Impervious","floor":33},{"not_picked":["Warcry"],"picked":"SKIP","floor":41}],"player_experience":5059328,"relics_obtained":[{"floor":9,"key":"Bag of Preparation"},{"floor":24,"key":"Girya"},{"floor":26,"key":"Bag of Marbles"},{"floor":43,"key":"Shuriken"}],"event_choices":[{"cards_removed":["Defend_R"],"damage_healed":0,"gold_gain":0,"player_choice":"Card Removal","damage_taken":7,"max_hp_gain":0,"max_hp_loss":0,"event_name":"Golden Wing","floor":2,"gold_loss":0},{"damage_healed":0,"gold_gain":75,"player_choice":"Gather Gold","damage_taken":11,"max_hp_gain":0,"max_hp_loss":0,"event_name":"World of Goop","floor":3,"gold_loss":0},{"damage_healed":0,"gold_gain":0,"player_choice":"Entered Light","damage_taken":16,"max_hp_gain":0,"max_hp_loss":0,"event_name":"Shining Light","floor":7,"gold_loss":0,"cards_upgraded":["Strike_R","Strike_R"]},{"damage_healed":0,"gold_gain":0,"player_choice":"Shed Blood","damage_taken":20,"max_hp_gain":5,"max_hp_loss":0,"event_name":"Forgotten Altar","floor":28,"gold_loss":0},{"damage_healed":0,"gold_gain":0,"player_choice":"Ignored","damage_taken":0,"max_hp_gain":0,"max_hp_loss":0,"event_name":"Vampires","floor":29,"gold_loss":0},{"cards_removed":["Strike_R"],"damage_healed":0,"gold_gain":0,"player_choice":"Offered Basic","damage_taken":0,"max_hp_gain":0,"max_hp_loss":0,"event_name":"Bonfire Elementals","floor":36,"gold_loss":0},{"damage_healed":0,"gold_gain":0,"player_choice":"Ignored","damage_taken":0,"max_hp_gain":0,"max_hp_loss":0,"event_name":"Mysterious Sphere","floor":44,"gold_loss":0},{"damage_healed":0,"gold_gain":0,"player_choice":"Memory 1","damage_taken":0,"max_hp_gain":0,"max_hp_loss":0,"event_name":"SensoryStone","floor":45,"gold_loss":0},{"cards_removed":["Strike_R"],"damage_healed":0,"gold_gain":0,"player_choice":"Removed Attack","damage_taken":0,"max_hp_gain":0,"max_hp_loss":0,"event_name":"Falling","floor":46,"gold_loss":0}],"is_beta":false,"boss_relics":[{"not_picked":["Cursed Key","Calling Bell"],"picked":"Runic Dome"},{"not_picked":["Pandora\u0027s Box","Runic Pyramid"],"picked":"Busted Crown"}],"items_purged_floors":[8,11,19,42],"is_endless":false,"potions_floor_spawned":[1,4,31,38,41,47],"ascension_level":0}