{"gold_per_floor":[114,126,144,157,157,157,182,182,182,196,196,207,265,111,111,190,190,206,218,218,143,143,143,175,175,246,259,259,290,302,321,321,393,393,405,145,145,145,159,159,179,194,194,225,225,225,242,254,254,254],"floor_reached":50,"playtime":1920,"items_purged":["Strike_B","Zap"],"score":1128,"play_id":"d3d9b906-018e-4ad9-b578-53e838a88f8c","local_time":"20190704005449","is_ascension_mode":true,"campfire_choices":[{"data":"Buffer","floor":6,"key":"SMITH"},{"floor":8,"key":"REST"},{"data":"Beam Cell","floor":11,"key":"SMITH"},{"data":"Defragment","floor":15,"key":"SMITH"},{"data":"Fission","floor":23,"key":"SMITH"},{"floor":25,"key":"DIG"},{"floor":28,"key":"DIG"},{"floor":32,"key":"DIG"},{"floor":40,"key":"RECALL"},{"floor":46,"key":"REST"},{"data":"Hologram","floor":49,"key":"SMITH"}],"neow_cost":"NONE","seed_source_timestamp":92283205123400,"circlet_count":0,"master_deck":["AscendersBane","Dualcast","Beam Cell+1","Lockon","Buffer+1","FTL","Ball Lightning","Defragment+1","Fission+1","Electrodynamics","Force Field","Creative AI","Reboot","Conserve Battery","Reinforced Body","Tempest","Seek","Chill+1","Capacitor+1","Undo","Core Surge","Consume","Consume+1","Compile Driver+1","Fission+1","Amplify","Hologram+1"],"relics":["Cracked Core","Symbiotic Virus","Prayer Wheel","Shovel","Pandora\u0027s Box","Gremlin Horn","Darkstone Periapt","Bag of Marbles","Meat on the Bone","Centennial Puzzle","Art of War","Strawberry","Inserter","Anchor","Pocketwatch"],"potions_floor_usage":[7,13,13,33,42,50,50],"damage_taken":[{"damage":1,"enemies":"Cultist","floor":1,"turns":4},{"damage":7,"enemies":"Jaw Worm","floor":2,"turns":3},{"damage":0,"enemies":"Small Slimes","floor":3,"turns":2},{"damage":7,"enemies":"Looter","floor":4,"turns":4},{"damage":30,"enemies":"3 Sentries","floor":7,"turns":9},{"damage":10,"enemies":"3 Louse","floor":10,"turns":3},{"damage":10,"enemies":"Gremlin Gang","floor":12,"turns":4},{"damage":0,"enemies":"Lagavulin Event","floor":13,"turns":4},{"damage":13,"enemies":"Hexaghost","floor":16,"turns":6},{"damage":0,"enemies":"Spheric Guardian","floor":18,"turns":3},{"damage":24,"enemies":"3 Byrds","floor":19,"turns":3},{"damage":11,"enemies":"Gremlin Leader","floor":24,"turns":3},{"damage":0,"enemies":"Cultist and Chosen","floor":27,"turns":3},{"damage":17,"enemies":"Book of Stabbing","floor":29,"turns":3},{"damage":0,"enemies":"Centurion and Healer","floor":30,"turns":3},{"damage":0,"enemies":"Snecko","floor":31,"turns":3},{"damage":0,"enemies":"Automaton","floor":33,"turns":9},{"damage":1,"enemies":"Orb Walker","floor":35,"turns":3},{"damage":0,"enemies":"3 Shapes","floor":39,"turns":3},{"damage":0,"enemies":"Jaw Worm Horde","floor":41,"turns":2},{"damage":18,"enemies":"Spire Growth","floor":42,"turns":5},{"damage":51,"enemies":"Nemesis","floor":44,"turns":8},{"damage":6,"enemies":"Writhing Mass","floor":47,"turns":8},{"damage":2,"enemies":"Sphere and 2 Shapes","floor":48,"turns":3},{"damage":64,"enemies":"Donu and Deca","floor":50,"turns":8}],"seed_played":"-21579564221474740","potions_obtained":[{"floor":2,"key":"GamblersBrew"},{"floor":7,"key":"PowerPotion"},{"floor":10,"key":"FearPotion"},{"floor":27,"key":"GamblersBrew"},{"floor":30,"key":"Weak Potion"},{"floor":33,"key":"SpeedPotion"},{"floor":41,"key":"FocusPotion"},{"floor":42,"key":"Fruit Juice"},{"floor":48,"key":"EssenceOfSteel"}],"is_trial":false,"path_per_floor":["M","M","M","M","?","R","E","R","T","M","R","M","?","$","R","B",null,"M","M","?","?","T","R","E","R","T","M","R","E","M","M","R","B",null,"M","$","?","?","M","R","M","M","T","E","?","R","M","M","R","B"],"character_chosen":"DEFECT","items_purchased":["Defragment","Anchor"],"campfire_rested":2,"item_purchase_floors":[14,36],"current_hp_per_floor":[63,56,56,49,49,49,19,40,40,30,30,20,20,20,20,7,55,55,31,31,31,31,31,20,20,20,32,32,27,39,39,46,46,70,69,69,69,69,69,69,69,56,56,17,17,40,46,44,44,0],"gold":254,"neow_bonus":"REMOVE_CARD","is_prod":false,"is_daily":false,"chose_seed":false,"campfire_upgraded":5,"win_rate":0,"timestamp":1562169289,"path_taken":["M","M","?","M","?","R","E","R","T","M","R","M","?","$","R","BOSS","M","M","?","?","?","R","E","R","T","M","R","E","M","M","R","BOSS","M","$","?","?","M","R","M","M","T","E","?","R","?","M","R","BOSS"],"build_version":"2019-07-01","purchased_purges":2,"victory":false,"max_hp_per_floor":[71,71,71,71,71,71,71,71,71,71,71,71,71,71,71,71,71,71,71,71,71,71,71,71,71,71,71,71,71,71,71,78,78,78,78,78,74,74,74,74,74,79,79,79,79,79,79,79,79,79],"card_choices":[{"not_picked":["Redo","Static Discharge"],"picked":"Beam Cell","floor":1},{"not_picked":["Capacitor","Genetic Algorithm"],"picked":"Lockon","floor":2},{"not_picked":["Barrage","Melter"],"picked":"Buffer","floor":3},{"not_picked":["Barrage","Cold Snap"],"picked":"FTL","floor":4},{"not_picked":["Conserve Battery","Beam Cell"],"picked":"Sweeping Beam","floor":7},{"not_picked":["Streamline","Steam"],"picked":"Ball Lightning","floor":10},{"not_picked":["Meteor Strike","Hologram"],"picked":"Ball Lightning","floor":10},{"not_picked":["Turbo","Gash","Recycle"],"picked":"SKIP","floor":12},{"not_picked":["Fusion","Turbo","Loop"],"picked":"SKIP","floor":12},{"not_picked":["Thunder Strike","Hyperbeam"],"picked":"Fission","floor":16},{"not_picked":["Go for the Eyes","Rip and Tear"],"picked":"Conserve Battery","floor":18},{"not_picked":["Turbo","Fusion"],"picked":"Reinforced Body","floor":18},{"not_picked":["Fusion","Leap","Sweeping Beam"],"picked":"SKIP","floor":19},{"not_picked":["Sunder","Redo+1","Aggregate"],"picked":"SKIP","floor":19},{"not_picked":["Compile Driver","Heatsinks"],"picked":"Chill+1","floor":24},{"not_picked":["Beam Cell","Stack+1","Loop"],"picked":"SKIP","floor":27},{"not_picked":["Storm","Go for the Eyes","Barrage"],"picked":"SKIP","floor":27},{"not_picked":["Ball Lightning","Leap"],"picked":"Capacitor+1","floor":29},{"not_picked":["Steam Power","Streamline+1"],"picked":"Undo","floor":30},{"not_picked":["Barrage+1","Doom and Gloom","Beam Cell"],"picked":"SKIP","floor":30},{"not_picked":["Doom and Gloom+1","Redo","Reprogram"],"picked":"SKIP","floor":31},{"not_picked":["Static Discharge","Beam Cell","Ball Lightning"],"picked":"SKIP","floor":31},{"not_picked":["Biased Cognition","Seek"],"picked":"Core Surge","floor":33},{"not_picked":["Compile Driver","Reprogram"],"picked":"Consume","floor":35},{"not_picked":["Rebound","Compile Driver","Chill"],"picked":"SKIP","floor":35},{"not_picked":["Ball Lightning","Static Discharge"],"picked":"Consume+1","floor":39},{"not_picked":["Steam Power","Streamline","Barrage"],"picked":"SKIP","floor":39},{"not_picked":["Redo+1","Aggregate+1","Machine Learning"],"picked":"SKIP","floor":41},{"not_picked":["Conserve Battery+1","Cold Snap","Leap+1"],"picked":"SKIP","floor":41},{"not_picked":["Cold Snap","Ball Lightning"],"picked":"Compile Driver+1","floor":42},{"not_picked":["Sweeping Beam","Undo","Lockon+1"],"picked":"SKIP","floor":42},{"not_picked":["Static Discharge+1","Cold Snap","Stack"],"picked":"SKIP","floor":44},{"not_picked":["Barrage","Storm"],"picked":"Amplify","floor":47},{"not_picked":["Streamline","Auto Shields","Ball Lightning"],"picked":"SKIP","floor":47},{"not_picked":["Doom and Gloom","Self Repair+1"],"picked":"Hologram","floor":48},{"not_picked":["Gash","Auto Shields","Leap"],"picked":"SKIP","floor":48}],"player_experience":5573552,"relics_obtained":[{"floor":7,"key":"Symbiotic Virus"},{"floor":9,"key":"Prayer Wheel"},{"floor":13,"key":"Shovel"},{"floor":22,"key":"Gremlin Horn"},{"floor":24,"key":"Darkstone Periapt"},{"floor":25,"key":"Bag of Marbles"},{"floor":26,"key":"Meat on the Bone"},{"floor":28,"key":"Centennial Puzzle"},{"floor":29,"key":"Art of War"},{"floor":32,"key":"Strawberry"},{"floor":44,"key":"Pocketwatch"}],"event_choices":[{"damage_healed":0,"gold_gain":0,"player_choice":"Ignored","damage_taken":0,"max_hp_gain":0,"max_hp_loss":0,"event_name":"Liars Game","floor":5,"gold_loss":0},{"damage_healed":0,"gold_gain":0,"player_choice":"Searched \u00271\u0027 times","damage_taken":0,"max_hp_gain":0,"max_hp_loss":0,"event_name":"Dead Adventurer","floor":13,"gold_loss":0},{"damage_healed":0,"gold_gain":0,"cards_transformed":["Sweeping Beam","All For One"],"player_choice":"Became Test Subject","damage_taken":0,"max_hp_gain":0,"max_hp_loss":0,"event_name":"Drug Dealer","floor":20,"gold_loss":0,"cards_obtained":["Tempest","Seek"]},{"cards_removed":["Lockon"],"damage_healed":0,"gold_gain":0,"player_choice":"Gave Gold","damage_taken":0,"max_hp_gain":0,"max_hp_loss":0,"event_name":"Beggar","floor":21,"gold_loss":75},{"damage_healed":0,"gold_gain":0,"player_choice":"Max HP","damage_taken":0,"max_hp_gain":0,"max_hp_loss":4,"event_name":"Winding Halls","floor":37,"gold_loss":0},{"cards_removed":["Ball Lightning"],"damage_healed":0,"gold_gain":0,"player_choice":"Removed Attack","damage_taken":0,"max_hp_gain":0,"max_hp_loss":0,"event_name":"Falling","floor":38,"gold_loss":0},{"damage_healed":0,"gold_gain":0,"player_choice":"Copied","damage_taken":0,"max_hp_gain":0,"max_hp_loss":0,"event_name":"Duplicator","floor":45,"gold_loss":0,"cards_obtained":["Fission"]}],"is_beta":false,"boss_relics":[{"not_picked":["Tiny House","Snecko Eye"],"picked":"Pandora\u0027s Box"},{"not_picked":["Black Star","Calling Bell"],"picked":"Inserter"}],"items_purged_floors":[14,36],"is_endless":false,"potions_floor_spawned":[2,7,10,27,30,31,33,41,42,48],"killed_by":"Donu and Deca","ascension_level":20}