{"gold_per_floor":[16,16,36,1,15,347,366,386,412,412,48,78,78,110,110,215,215,228,503,522,106,124,124,124,124,124,124,159,186,198,229,241,375,387,418,78,96,96,132,167,167,183,206,237,237,249,249,151,151,151],"floor_reached":51,"playtime":6163,"items_purged":["Defend_G","Regret","Strike_G","Strike_G"],"score":936,"play_id":"a88d35d2-0985-4dbf-802b-b0bb10756acd","local_time":"20190320192747","is_ascension_mode":true,"campfire_choices":[{"floor":10.0,"key":"REST"},{"floor":13.0,"key":"REST"},{"floor":15.0,"key":"REST"},{"data":"Catalyst","floor":23.0,"key":"SMITH"},{"data":"Bouncing Flask","floor":25.0,"key":"SMITH"},{"floor":32.0,"key":"REST"},{"data":"Crippling Poison","floor":41.0,"key":"SMITH"},{"data":"Backflip","floor":47,"key":"SMITH"},{"data":"Dash","floor":49,"key":"SMITH"}],"neow_cost":"NO_GOLD","seed_source_timestamp":107224989684655,"circlet_count":0,"master_deck":["Defend_G","Defend_G","Defend_G","Defend_G+1","Strike_G","Strike_G","Survivor","Poisoned Stab+1","Backflip+1","Blade Dance","Corpse Explosion","Secret Technique","Bouncing Flask+1","Caltrops","Leg Sweep+1","Tools of the Trade","Riddle With Holes+1","Dash+1","Catalyst+1","HandOfGreed","Underhanded Strike","Crippling Poison+1","Footwork+1","Necronomicurse","Envenom","Night Terror","Riddle With Holes","Catalyst+1"],"special_seed":0,"relics":["Ring of the Snake","Thread and Needle","Old Coin","Bag of Preparation","Smiling Mask","Ancient Tea Set","Snecko Eye","War Paint","Oddly Smooth Stone","Anchor","MawBank","Necronomicon","Philosopher\u0027s Stone","FossilizedHelix","Singing Bowl","Strawberry"],"potions_floor_usage":[],"damage_taken":[{"damage":12.0,"enemies":"Jaw Worm","floor":1.0,"turns":5.0},{"damage":0.0,"enemies":"Cultist","floor":3.0,"turns":3.0},{"damage":0.0,"enemies":"2 Louse","floor":5.0,"turns":2.0},{"damage":31.0,"enemies":"Lagavulin","floor":6.0,"turns":7.0},{"damage":8.0,"enemies":"Lots of Slimes","floor":7.0,"turns":4.0},{"damage":3.0,"enemies":"Large Slime","floor":8.0,"turns":8.0},{"damage":21.0,"enemies":"Gremlin Nob","floor":12.0,"turns":4.0},{"damage":23.0,"enemies":"Lagavulin","floor":14.0,"turns":5.0},{"damage":6.0,"enemies":"Hexaghost","floor":16.0,"turns":8.0},{"damage":0.0,"enemies":"Shell Parasite","floor":18.0,"turns":5.0},{"damage":8.0,"enemies":"Spheric Guardian","floor":20.0,"turns":4.0},{"damage":0.0,"enemies":"Snecko","floor":22.0,"turns":4.0},{"damage":0.0,"enemies":"Slavers","floor":28.0,"turns":1.0},{"damage":0.0,"enemies":"Chosen and Byrds","floor":29.0,"turns":3.0},{"damage":0.0,"enemies":"3 Cultists","floor":31.0,"turns":2.0},{"damage":16.0,"enemies":"Automaton","floor":33.0,"turns":9.0},{"damage":0.0,"enemies":"3 Darklings","floor":35.0,"turns":2.0},{"damage":0.0,"enemies":"Orb Walker","floor":37.0,"turns":3.0},{"damage":0.0,"enemies":"Sphere and 2 Shapes","floor":39.0,"turns":4.0},{"damage":0.0,"enemies":"Giant Head","floor":40.0,"turns":7.0},{"damage":0,"enemies":"3 Darklings","floor":42,"turns":2},{"damage":0,"enemies":"4 Shapes","floor":44,"turns":4},{"damage":0,"enemies":"Maw","floor":46,"turns":5},{"damage":0,"enemies":"Donu and Deca","floor":50,"turns":2}],"seed_played":"3642467233845776189","potions_obtained":[{"floor":3.0,"key":"Energy Potion"},{"floor":6.0,"key":"Explosive Potion"},{"floor":14.0,"key":"SneckoOil"},{"floor":20.0,"key":"Swift Potion"},{"floor":29.0,"key":"SpeedPotion"},{"floor":37.0,"key":"LiquidBronze"},{"floor":39.0,"key":"PowerPotion"},{"floor":44,"key":"Poison Potion"}],"is_trial":false,"path_per_floor":["M","?","M","?","M","E","M","M","T","R","$","E","R","E","R","B",null,"M","?","M","$","M","R","T","R","T","?","E","M","?","M","R","B",null,"M","$","M","?","M","E","R","M","T","M","?","M","R","$","R","B",null],"character_chosen":"THE_SILENT","items_purchased":["Secret Technique","Bouncing Flask","Caltrops","Catalyst","War Paint","HandOfGreed","FossilizedHelix","Poison Potion"],"campfire_rested":4,"item_purchase_floors":[11,11,11,21,21,21,36,48],"current_hp_per_floor":[58,58,58,70,70,39,31,28,28,49,49,28,49,26,47,41,70,70,70,62,62,62,62,62,62,62,62,62,62,46,46,67,51,70,70,70,70,70,70,70,70,72,79,81,81,83,83,83,83,83],"gold":151,"neow_bonus":"ONE_RARE_RELIC","is_prod":false,"is_daily":false,"chose_seed":false,"campfire_upgraded":5,"win_rate":0,"timestamp":1553124467,"path_taken":["M","?","?","?","M","E","M","M","T","R","$","E","R","E","R","BOSS","M","?","?","$","M","R","?","R","T","?","E","?","?","M","R","BOSS","M","$","M","?","M","E","R","M","T","M","?","?","R","$","R","BOSS"],"build_version":"2019-01-23","purchased_purges":4,"victory":true,"max_hp_per_floor":[70,70,70,70,70,70,70,70,70,70,70,70,70,70,70,70,70,70,70,70,70,70,70,70,70,70,70,70,70,70,70,70,70,70,70,70,70,70,70,70,70,72,79,81,81,83,83,83,83,83],"card_choices":[{"not_picked":["Slice","Acrobatics"],"picked":"Poisoned Stab","floor":1.0},{"not_picked":["Quick Slash","Masterful Stab"],"picked":"Backflip","floor":3.0},{"not_picked":["Outmaneuver","Underhanded Strike","Dodge and Roll"],"picked":"SKIP","floor":5.0},{"not_picked":["Acrobatics","Prepared"],"picked":"Blade Dance","floor":6.0},{"not_picked":["Outmaneuver","PiercingWail"],"picked":"Corpse Explosion","floor":7.0},{"not_picked":["Acrobatics","Dagger Throw","Terror"],"picked":"SKIP","floor":8.0},{"not_picked":["Skewer","Dodge and Roll","Dagger Throw"],"picked":"SKIP","floor":12.0},{"not_picked":["After Image","All Out Attack"],"picked":"Leg Sweep","floor":14.0},{"not_picked":["Storm of Steel","After Image"],"picked":"Tools of the Trade","floor":16.0},{"not_picked":["PiercingWail","Well Laid Plans"],"picked":"Riddle With Holes+1","floor":18.0},{"not_picked":["Sucker Punch","Heel Hook"],"picked":"Dash","floor":20.0},{"not_picked":["Backflip","Setup"],"picked":"Underhanded Strike","floor":22.0},{"not_picked":["Masterful Stab","Dagger Spray"],"picked":"Crippling Poison","floor":28.0},{"not_picked":["Bane","Cloak And Dagger"],"picked":"Footwork+1","floor":29.0},{"not_picked":["Bane","Reflex"],"picked":"Envenom","floor":31.0},{"not_picked":["Wraith Form v2","Unload"],"picked":"Night Terror","floor":33.0},{"not_picked":["Prepared+1","All Out Attack+1","Dagger Throw+1"],"picked":"SKIP","floor":35.0},{"not_picked":["Well Laid Plans+1","Terror+1"],"picked":"Riddle With Holes","floor":37.0},{"not_picked":["Concentrate","Acrobatics","Blade Dance"],"picked":"SKIP","floor":39.0},{"not_picked":["Slice","A Thousand Cuts"],"picked":"Catalyst+1","floor":40.0},{"not_picked":["Deadly Poison","Slice","All Out Attack+1"],"picked":"Singing Bowl","floor":42},{"not_picked":["Slice+1","Deadly Poison","Cloak And Dagger+1"],"picked":"Singing Bowl","floor":44},{"not_picked":["Slice+1","Cloak And Dagger+1","Masterful Stab+1"],"picked":"Singing Bowl","floor":46}],"player_experience":147735,"relics_obtained":[{"floor":6.0,"key":"Old Coin"},{"floor":9.0,"key":"Bag of Preparation"},{"floor":12.0,"key":"Smiling Mask"},{"floor":14.0,"key":"Ancient Tea Set"},{"floor":24.0,"key":"Oddly Smooth Stone"},{"floor":26.0,"key":"Anchor"},{"floor":28.0,"key":"MawBank"},{"floor":30.0,"key":"Necronomicon"},{"floor":40.0,"key":"Singing Bowl"},{"floor":43,"key":"Strawberry"}],"event_choices":[{"damage_healed":0.0,"max_hp_gain":0.0,"max_hp_loss":0.0,"gold_gain":0.0,"event_name":"Upgrade Shrine","player_choice":"Upgraded","floor":2.0,"gold_loss":0.0,"damage_taken":0.0,"cards_upgraded":["Poisoned Stab"]},{"damage_healed":17.0,"max_hp_gain":0.0,"max_hp_loss":0.0,"gold_gain":0.0,"event_name":"The Cleric","player_choice":"Healed","floor":4.0,"gold_loss":35.0,"damage_taken":0.0},{"damage_healed":0.0,"max_hp_gain":0.0,"max_hp_loss":0.0,"gold_gain":275.0,"event_name":"Golden Shrine","player_choice":"Desecrate","floor":19.0,"gold_loss":0.0,"damage_taken":0.0,"cards_obtained":["Regret"]},{"cards_removed":["Strike_G"],"damage_healed":0.0,"max_hp_gain":0.0,"max_hp_loss":0.0,"gold_gain":0.0,"event_name":"Bonfire Elementals","player_choice":"Offered Basic","floor":27.0,"gold_loss":0.0,"damage_taken":0.0},{"damage_healed":0.0,"max_hp_gain":0.0,"max_hp_loss":0.0,"gold_gain":0.0,"event_name":"Cursed Tome","player_choice":"Obtained Book","floor":30.0,"gold_loss":0.0,"damage_taken":16.0},{"cards_removed":["Neutralize"],"damage_healed":0.0,"max_hp_gain":0.0,"max_hp_loss":0.0,"gold_gain":0.0,"event_name":"Falling","player_choice":"Removed Attack","floor":38.0,"gold_loss":0.0,"damage_taken":0.0},{"damage_healed":0,"gold_gain":0,"player_choice":"Ignored","damage_taken":0,"max_hp_gain":0,"max_hp_loss":0,"event_name":"SecretPortal","floor":45,"gold_loss":0}],"is_beta":false,"boss_relics":[{"not_picked":["Eternal Feather","Lizard Tail"],"picked":"Snecko Eye"},{"not_picked":["WristBlade","Coffee Dripper"],"picked":"Philosopher\u0027s Stone"}],"items_purged_floors":[11,21,36,48],"is_endless":false,"potions_floor_spawned":[3,6,14,20,29,37,39,44],"ascension_level":3}