{"gold_per_floor":[118,118,118,131,51,82,82,94,173,27,27,57,5,20,20,115,115,125,148,162,162,187,217,228,560,560,560,579,579],"floor_reached":29,"playtime":1800,"items_purged":["Strike_B"],"score":325,"play_id":"d80795ae-60b9-4b4b-b0a8-f0ef3d5f90e2","local_time":"20190412173532","is_ascension_mode":true,"campfire_choices":[{"floor":11,"key":"REST"},{"floor":15,"key":"REST"},{"data":"Double Energy","floor":27,"key":"SMITH"}],"neow_cost":"NONE","seed_source_timestamp":13739837943132,"circlet_count":0,"master_deck":["Strike_B","Strike_B","Defend_B","Defend_B","Defend_B","Defend_B+1","Zap+1","Dualcast","Electrodynamics+1","Loop","Undo","Multi-Cast","Self Repair","Amplify","Consume","Double Energy+1","Creative AI","Static Discharge+1","Capacitor","Defragment"],"relics":["FrozenCore","Bag of Preparation","Tiny Chest","Bottled Lightning","Lantern","Ancient Tea Set","Red Mask","Potion Belt","Old Coin","Singing Bowl"],"potions_floor_usage":[16,24],"damage_taken":[{"damage":10,"enemies":"2 Louse","floor":1,"turns":2},{"damage":10,"enemies":"Small Slimes","floor":4,"turns":2},{"damage":15,"enemies":"3 Sentries","floor":6,"turns":4},{"damage":16,"enemies":"Jaw Worm","floor":8,"turns":4},{"damage":20,"enemies":"Gremlin Nob","floor":12,"turns":3},{"damage":0,"enemies":"3 Louse","floor":14,"turns":2},{"damage":18,"enemies":"Slime Boss","floor":16,"turns":7},{"damage":1,"enemies":"3 Byrds","floor":18,"turns":2},{"damage":11,"enemies":"Spheric Guardian","floor":20,"turns":5},{"damage":0,"enemies":"Masked Bandits","floor":22,"turns":2},{"damage":9,"enemies":"Slavers","floor":23,"turns":4},{"damage":2,"enemies":"Chosen and Byrds","floor":24,"turns":3},{"damage":22,"enemies":"Book of Stabbing","floor":25,"turns":7},{"damage":15,"enemies":"Shelled Parasite and Fungi","floor":28,"turns":6},{"damage":53,"enemies":"Gremlin Leader","floor":29,"turns":5}],"seed_played":"8943608357617967976","potions_obtained":[{"floor":1,"key":"Ancient Potion"},{"floor":12,"key":"FearPotion"},{"floor":14,"key":"FearPotion"},{"floor":18,"key":"SteroidPotion"},{"floor":23,"key":"SkillPotion"}],"is_trial":false,"path_per_floor":["M","?","?","M","$","E","?","M","T","$","R","E","?","M","R","B",null,"M","T","M","?","?","E","M","E","T","R","M","E"],"character_chosen":"DEFECT","items_purchased":["Multi-Cast","Consume"],"campfire_rested":2,"item_purchase_floors":[5,10],"current_hp_per_floor":[65,65,58,48,48,33,18,9,9,9,31,18,18,18,40,22,75,74,74,75,75,75,73,75,60,60,60,52,0],"gold":579,"neow_bonus":"ONE_RANDOM_RARE_CARD","is_prod":false,"is_daily":false,"chose_seed":false,"campfire_upgraded":1,"win_rate":0,"timestamp":1555104932,"path_taken":["M","?","?","M","$","E","?","M","T","?","R","E","?","M","R","BOSS","M","?","M","?","?","E","M","E","T","R","M","E"],"build_version":"2019-01-23","purchased_purges":1,"victory":false,"max_hp_per_floor":[75,75,75,75,75,75,75,75,75,75,75,75,75,75,75,75,75,75,75,75,75,75,75,75,75,75,75,75,75],"card_choices":[{"not_picked":["Leap","Hologram"],"picked":"Loop","floor":1},{"not_picked":["Turbo","Sweeping Beam"],"picked":"Undo","floor":4},{"not_picked":["Aggregate","Skim"],"picked":"Self Repair","floor":6},{"not_picked":["Leap","Streamline"],"picked":"Amplify","floor":8},{"not_picked":["Machine Learning","Compile Driver"],"picked":"Double Energy","floor":12},{"not_picked":["Self Repair","Steam","Barrage"],"picked":"SKIP","floor":14},{"not_picked":["Fission","Rainbow"],"picked":"Creative AI","floor":16},{"not_picked":["Redo","Conserve Battery","Compile Driver"],"picked":"SKIP","floor":18},{"not_picked":["Skim","Go for the Eyes+1","Rebound+1"],"picked":"SKIP","floor":20},{"not_picked":["Genetic Algorithm","Steam Power+1"],"picked":"Static Discharge+1","floor":22},{"not_picked":["Amplify","Glacier"],"picked":"Capacitor","floor":23},{"not_picked":["Go for the Eyes","Stack","Hologram"],"picked":"SKIP","floor":24},{"not_picked":["Skim","Fission","Darkness+1"],"picked":"SKIP","floor":25},{"not_picked":["Rebound","Redo"],"picked":"Defragment","floor":28}],"player_experience":160414,"relics_obtained":[{"floor":6,"key":"Bag of Preparation"},{"floor":9,"key":"Tiny Chest"},{"floor":12,"key":"Bottled Lightning"},{"floor":19,"key":"Ancient Tea Set"},{"floor":22,"key":"Red Mask"},{"floor":23,"key":"Potion Belt"},{"floor":25,"key":"Old Coin"},{"floor":26,"key":"Singing Bowl"}],"event_choices":[{"damage_healed":0,"gold_gain":0,"player_choice":"Grow","damage_taken":0,"max_hp_gain":0,"max_hp_loss":0,"event_name":"Living Wall","floor":2,"gold_loss":0,"cards_upgraded":["Zap"]},{"cards_removed":["Strike_B"],"damage_healed":0,"gold_gain":0,"player_choice":"Card Removal","damage_taken":7,"max_hp_gain":0,"max_hp_loss":0,"event_name":"Golden Wing","floor":3,"gold_loss":0},{"damage_healed":0,"gold_gain":0,"player_choice":"Entered Light","damage_taken":15,"max_hp_gain":0,"max_hp_loss":0,"event_name":"Shining Light","floor":7,"gold_loss":0,"cards_upgraded":["Electrodynamics","Defend_B"]},{"damage_healed":0,"gold_gain":0,"player_choice":"Paid Gold","damage_taken":0,"relics_obtained":["Lantern"],"max_hp_gain":0,"max_hp_loss":0,"event_name":"WeMeetAgain","floor":13,"gold_loss":52},{"damage_healed":0,"gold_gain":0,"player_choice":"Ignored","damage_taken":0,"max_hp_gain":0,"max_hp_loss":0,"event_name":"Cursed Tome","floor":21,"gold_loss":0},{"damage_healed":0,"gold_gain":0,"player_choice":"Fought Bandits","damage_taken":0,"max_hp_gain":0,"max_hp_loss":0,"event_name":"Masked Bandits","floor":22,"gold_loss":0}],"is_beta":false,"boss_relics":[{"not_picked":["Fusion Hammer","Runic Pyramid"],"picked":"FrozenCore"}],"items_purged_floors":[10],"is_endless":false,"potions_floor_spawned":[1,12,14,18,23],"killed_by":"Gremlin Leader","ascension_level":4}