{"gold_per_floor":[118,133,150,160,160,160,224,224,248,248,260,295,325,325],"floor_reached":14,"playtime":334,"items_purged":[],"score":200,"play_id":"aa9a870b-e645-4850-ba6a-eb3756ed8d00","local_time":"20190704001201","is_ascension_mode":true,"campfire_choices":[{"floor":6,"key":"REST"},{"data":"Dualcast","floor":8,"key":"SMITH"},{"floor":10,"key":"REST"}],"neow_cost":"PERCENT_DAMAGE","seed_source_timestamp":91301989083400,"circlet_count":0,"master_deck":["AscendersBane","Strike_B","Strike_B","Strike_B","Strike_B","Defend_B","Defend_B","Defend_B","Defend_B","Zap","Dualcast+1","Doom and Gloom","Sweeping Beam","Undo","Chill","Glacier","Rebound","FTL","Capacitor"],"relics":["Cracked Core","Calipers","Tiny Chest","Ancient Tea Set","Orichalcum","Odd Mushroom"],"potions_floor_usage":[7,7,14],"damage_taken":[{"damage":1,"enemies":"Small Slimes","floor":1,"turns":3},{"damage":9,"enemies":"2 Louse","floor":2,"turns":2},{"damage":7,"enemies":"Jaw Worm","floor":3,"turns":3},{"damage":9,"enemies":"Red Slaver","floor":4,"turns":4},{"damage":13,"enemies":"Lagavulin","floor":7,"turns":6},{"damage":3,"enemies":"2 Fungi Beasts","floor":11,"turns":3},{"damage":36,"enemies":"Gremlin Nob","floor":12,"turns":4},{"damage":6,"enemies":"The Mushroom Lair","floor":13,"turns":4},{"damage":4,"enemies":"Exordium Thugs","floor":14,"turns":4}],"seed_played":"-8053102979453851861","potions_obtained":[{"floor":1,"key":"Energy Potion"},{"floor":3,"key":"Poison Potion"},{"floor":4,"key":"SkillPotion"},{"floor":13,"key":"SpeedPotion"}],"is_trial":false,"path_per_floor":["M","M","M","M","?","R","E","R","T","R","M","E","?","M"],"character_chosen":"DEFECT","items_purchased":[],"campfire_rested":2,"item_purchase_floors":[],"current_hp_per_floor":[45,36,29,20,20,41,28,28,28,49,46,10,4,0],"gold":325,"neow_bonus":"ONE_RARE_RELIC","is_prod":false,"is_daily":false,"chose_seed":false,"campfire_upgraded":1,"win_rate":0,"timestamp":1562166721,"path_taken":["M","M","M","M","?","R","E","R","T","R","M","E","?","M"],"build_version":"2019-07-01","purchased_purges":0,"victory":false,"max_hp_per_floor":[71,71,71,71,71,71,71,71,71,71,71,71,71,71],"card_choices":[{"not_picked":["Redo","Fusion"],"picked":"Doom and Gloom","floor":1},{"not_picked":["Go for the Eyes","Cold Snap"],"picked":"Sweeping Beam","floor":2},{"not_picked":["Redo","Gash"],"picked":"Undo","floor":3},{"not_picked":["Rebound","Capacitor"],"picked":"Chill","floor":4},{"not_picked":["Rebound","Coolheaded"],"picked":"Glacier","floor":7},{"not_picked":["Force Field","Doom and Gloom"],"picked":"Rebound","floor":11},{"not_picked":["Amplify","Blizzard"],"picked":"FTL","floor":12},{"not_picked":["Sweeping Beam","Steam"],"picked":"Capacitor","floor":13}],"player_experience":5572608,"relics_obtained":[{"floor":7,"key":"Tiny Chest"},{"floor":9,"key":"Ancient Tea Set"},{"floor":12,"key":"Orichalcum"},{"floor":13,"key":"Odd Mushroom"}],"event_choices":[{"damage_healed":0,"gold_gain":0,"player_choice":"Ignored","damage_taken":0,"max_hp_gain":0,"max_hp_loss":0,"event_name":"Liars Game","floor":5,"gold_loss":0},{"damage_healed":0,"gold_gain":0,"player_choice":"Fought Mushrooms","damage_taken":0,"max_hp_gain":0,"max_hp_loss":0,"event_name":"Mushrooms","floor":13,"gold_loss":0}],"is_beta":false,"boss_relics":[],"items_purged_floors":[],"is_endless":false,"potions_floor_spawned":[1,3,4,13],"killed_by":"Exordium Thugs","ascension_level":20}