{"gold_per_floor":[116,116,127,127,127,127,13,13,37,49,59,75,75,87,87,164,164,174,191,208,27,45,45,57,69,69,119,119,119,132,160,160,233,233,244,254,201,201],"floor_reached":38,"playtime":1249,"items_purged":["Defend_G","Strike_G"],"score":840,"play_id":"3b8fd83d-1c5b-450d-ad34-f1f5e6df7761","local_time":"20190423010902","is_ascension_mode":true,"campfire_choices":[{"data":"Bouncing Flask","floor":6.0,"key":"SMITH"},{"data":"Dagger Spray","floor":8.0,"key":"SMITH"},{"data":"Well Laid Plans","floor":13.0,"key":"SMITH"},{"data":"Neutralize","floor":15.0,"key":"SMITH"},{"data":"Concentrate","floor":23.0,"key":"SMITH"},{"floor":28.0,"key":"REST"},{"floor":32.0,"key":"REST"}],"neow_cost":"PERCENT_DAMAGE","seed_source_timestamp":164999675875700,"circlet_count":0,"master_deck":["AscendersBane","Defend_G","Defend_G","Survivor","Neutralize+1","Bouncing Flask+1","Dagger Spray+1","Backflip","Blur","Well Laid Plans+1","Grand Finale","Tactician","Concentrate+1","Escape Plan","Catalyst","Tactician","Dagger Throw","Reflex"],"special_seed":0,"relics":["Ring of the Snake","Bag of Marbles","Lizard Tail","Mercury Hourglass","Red Mask","Orrery","Bronze Scales"],"potions_floor_usage":[35],"damage_taken":[{"damage":4.0,"enemies":"Small Slimes","floor":1.0,"turns":4.0},{"damage":1.0,"enemies":"Cultist","floor":3.0,"turns":3.0},{"damage":0.0,"enemies":"Jaw Worm","floor":10.0,"turns":3.0},{"damage":2.0,"enemies":"Large Slime","floor":11.0,"turns":5.0},{"damage":7.0,"enemies":"Exordium Thugs","floor":12.0,"turns":3.0},{"damage":4.0,"enemies":"Lots of Slimes","floor":14.0,"turns":2.0},{"damage":0.0,"enemies":"The Guardian","floor":16.0,"turns":7.0},{"damage":8.0,"enemies":"Chosen","floor":18.0,"turns":5.0},{"damage":15.0,"enemies":"Shell Parasite","floor":19.0,"turns":5.0},{"damage":11.0,"enemies":"Snecko","floor":20.0,"turns":4.0},{"damage":19.0,"enemies":"Centurion and Healer","floor":22.0,"turns":6.0},{"damage":15.0,"enemies":"Snake Plant","floor":24.0,"turns":5.0},{"damage":3.0,"enemies":"Snecko","floor":25.0,"turns":6.0},{"damage":0.0,"enemies":"Cultist and Chosen","floor":30.0,"turns":2.0},{"damage":14.0,"enemies":"Masked Bandits","floor":31.0,"turns":4.0},{"damage":6.0,"enemies":"Champ","floor":33.0,"turns":10.0},{"damage":32,"enemies":"3 Darklings","floor":35,"turns":4},{"damage":5,"enemies":"Orb Walker","floor":36,"turns":3},{"damage":27,"enemies":"3 Darklings","floor":38,"turns":2}],"seed_played":"-4978005296389403963","potions_obtained":[{"floor":1.0,"key":"LiquidBronze"},{"floor":11.0,"key":"GhostInAJar"},{"floor":16.0,"key":"Energy Potion"},{"floor":22.0,"key":"Poison Potion"},{"floor":25.0,"key":"AttackPotion"},{"floor":30.0,"key":"Ancient Potion"},{"floor":33.0,"key":"PowerPotion"}],"is_trial":false,"path_per_floor":["M","?","M","?","?","R","$","R","T","M","M","M","R","M","R","B",null,"M","M","M","$","M","R","M","M","T","?","R","?","M","?","R","B",null,"M","M","?","M"],"character_chosen":"THE_SILENT","items_purchased":["Well Laid Plans","Tactician"],"campfire_rested":2,"item_purchase_floors":[7,21],"current_hp_per_floor":[40,40,39,39,39,39,39,39,39,39,37,30,30,26,26,26,56,48,33,22,22,3,3,21,18,18,18,37,37,37,23,42,36,59,27,22,22,0],"gold":201,"neow_bonus":"TRANSFORM_TWO_CARDS","is_prod":false,"is_daily":false,"chose_seed":false,"campfire_upgraded":5,"win_rate":0,"timestamp":1555949342,"path_taken":["M","?","?","?","?","R","$","R","T","M","?","?","R","M","R","BOSS","M","M","M","$","M","R","M","M","T","?","R","?","M","?","R","BOSS","M","M","?","M"],"build_version":"2019-01-23","purchased_purges":2,"victory":false,"max_hp_per_floor":[66,66,66,66,66,66,66,66,66,66,66,66,66,66,66,66,66,66,66,66,66,66,66,66,66,66,66,66,66,66,66,66,66,66,66,66,66,66],"card_choices":[{"not_picked":["Dagger Throw","Bouncing Flask"],"picked":"Dagger Spray","floor":1.0},{"not_picked":["Distraction","Prepared"],"picked":"Backflip","floor":3.0},{"not_picked":["Deflect","Slice","Outmaneuver"],"picked":"SKIP","floor":10.0},{"not_picked":["Poisoned Stab","Underhanded Strike","Sucker Punch"],"picked":"SKIP","floor":11.0},{"not_picked":["Eviscerate","Backflip"],"picked":"Grand Finale","floor":12.0},{"not_picked":["Flechettes","Blur","Dagger Throw"],"picked":"SKIP","floor":14.0},{"not_picked":["Flechettes","Blur","Dagger Throw"],"picked":"SKIP","floor":14.0},{"not_picked":["Slice","Finisher","Bane"],"picked":"SKIP","floor":18.0},{"not_picked":["Blade Dance","Dagger Spray","Storm of Steel"],"picked":"SKIP","floor":19.0},{"not_picked":["Riddle With Holes","Cloak And Dagger","Infinite Blades"],"picked":"SKIP","floor":20.0},{"not_picked":["Quick Slash","Dodge and Roll"],"picked":"Concentrate","floor":22.0},{"not_picked":["Masterful Stab","Blur"],"picked":"Escape Plan","floor":24.0},{"not_picked":["Deflect","Deadly Poison","Dodge and Roll"],"picked":"SKIP","floor":25.0},{"not_picked":["Backstab","Deadly Poison"],"picked":"Dagger Throw","floor":30.0},{"not_picked":["Concentrate","Deadly Poison"],"picked":"Reflex","floor":34.0},{"not_picked":["Unload","Riddle With Holes+1","Infinite Blades"],"picked":"SKIP","floor":35},{"not_picked":["Accuracy","Blade Dance","Deflect"],"picked":"SKIP","floor":36}],"player_experience":4867158,"relics_obtained":[{"floor":9.0,"key":"Bag of Marbles"},{"floor":26.0,"key":"Mercury Hourglass"},{"floor":31.0,"key":"Red Mask"}],"event_choices":[{"cards_removed":["Strike_G"],"damage_healed":0.0,"max_hp_gain":0.0,"max_hp_loss":0.0,"gold_gain":0.0,"event_name":"Bonfire Elementals","player_choice":"Offered Basic","floor":2.0,"gold_loss":0.0,"damage_taken":0.0},{"cards_removed":["Defend_G"],"damage_healed":0.0,"max_hp_gain":0.0,"max_hp_loss":0.0,"gold_gain":0.0,"event_name":"Living Wall","player_choice":"Forget","floor":4.0,"gold_loss":0.0,"damage_taken":0.0},{"damage_healed":0.0,"max_hp_gain":0.0,"max_hp_loss":0.0,"gold_gain":0.0,"cards_transformed":["Strike_G"],"event_name":"Transmorgrifier","player_choice":"Transformed","floor":5.0,"gold_loss":0.0,"damage_taken":0.0,"cards_obtained":["Blur"]},{"damage_healed":0.0,"max_hp_gain":0.0,"max_hp_loss":0.0,"gold_gain":50.0,"event_name":"Nest","player_choice":"Stole From Cult","floor":27.0,"gold_loss":0.0,"damage_taken":0.0},{"damage_healed":0.0,"max_hp_gain":0.0,"max_hp_loss":0.0,"gold_gain":0.0,"cards_transformed":["Strike_G","Outmaneuver"],"event_name":"Drug Dealer","player_choice":"Became Test Subject","floor":29.0,"gold_loss":0.0,"damage_taken":0.0,"cards_obtained":["Catalyst","Tactician"]},{"damage_healed":0.0,"max_hp_gain":0.0,"max_hp_loss":0.0,"gold_gain":0.0,"event_name":"Masked Bandits","player_choice":"Fought Bandits","floor":31.0,"gold_loss":0.0,"damage_taken":0.0},{"damage_healed":0,"gold_gain":0,"player_choice":"Paid Gold","damage_taken":0,"relics_obtained":["Bronze Scales"],"max_hp_gain":0,"max_hp_loss":0,"event_name":"WeMeetAgain","floor":37,"gold_loss":53}],"is_beta":false,"boss_relics":[{"not_picked":["Cursed Key","Velvet Choker"],"picked":"Lizard Tail"},{"not_picked":["Ring of the Serpent","Eternal Feather"],"picked":"Orrery"}],"items_purged_floors":[7,21],"is_endless":false,"potions_floor_spawned":[1,11,16,18,19,22,25,30,33],"killed_by":"3 Darklings","ascension_level":20}