{"gold_per_floor":[110,125,125,140,151,185,185,185,185,229,241,266,278,12,12,88,88,98,98,114,39,39,39,39],"floor_reached":24,"playtime":720,"items_purged":["Strike_G"],"score":508,"play_id":"8b26303f-d508-4405-87d3-94e016cf0131","local_time":"20190608000657","is_ascension_mode":true,"campfire_choices":[{"floor":7,"key":"REST"},{"data":"Neutralize","floor":13,"key":"SMITH"},{"data":"Cloak And Dagger","floor":15,"key":"SMITH"},{"data":"Night Terror","floor":23,"key":"SMITH"}],"neow_cost":"","seed_source_timestamp":0,"circlet_count":0,"master_deck":["AscendersBane","Survivor","Neutralize+1","Dagger Spray","Dodge and Roll","Deflect","Choke","Slice","Tactician","Dagger Throw","Cloak And Dagger+1","Infinite Blades","Riddle With Holes","Accuracy","Caltrops","Caltrops","Corpse Explosion","Night Terror+1","Riddle With Holes","Corpse Explosion","All Out Attack","After Image"],"relics":["Ring of the Snake","Shuriken","Kunai","Pen Nib","Ornamental Fan","MawBank","Darkstone Periapt","Pandora\u0027s Box"],"potions_floor_usage":[6,16,18,18,20],"damage_taken":[{"damage":1,"enemies":"2 Louse","floor":1,"turns":4},{"damage":0,"enemies":"Small Slimes","floor":2,"turns":3},{"damage":5,"enemies":"Jaw Worm","floor":4,"turns":6},{"damage":0,"enemies":"2 Fungi Beasts","floor":5,"turns":5},{"damage":29,"enemies":"Gremlin Nob","floor":6,"turns":4},{"damage":11,"enemies":"Lagavulin","floor":10,"turns":6},{"damage":3,"enemies":"3 Louse","floor":12,"turns":3},{"damage":0,"enemies":"Hexaghost","floor":16,"turns":7},{"damage":8,"enemies":"2 Thieves","floor":18,"turns":2},{"damage":14,"enemies":"3 Byrds","floor":20,"turns":2},{"damage":87,"enemies":"Book of Stabbing","floor":24,"turns":7}],"seed_played":"-127643705555186995","potions_obtained":[{"floor":5,"key":"Fire Potion"},{"floor":10,"key":"GamblersBrew"},{"floor":12,"key":"Poison Potion"},{"floor":16,"key":"Explosive Potion"},{"floor":18,"key":"SkillPotion"}],"is_trial":true,"path_per_floor":["M","M","?","M","M","E","R","?","T","E","?","M","R","$","R","B",null,"M","?","M","?","?","R","E"],"character_chosen":"THE_SILENT","items_purchased":["Cloak And Dagger","Infinite Blades","Riddle With Holes"],"campfire_rested":1,"item_purchase_floors":[14,14,14],"current_hp_per_floor":[58,58,58,53,53,24,43,43,43,32,25,22,22,22,22,22,55,47,53,39,39,82,82,0],"gold":39,"neow_bonus":"","is_prod":false,"is_daily":false,"chose_seed":false,"campfire_upgraded":3,"win_rate":0,"timestamp":1559920017,"path_taken":["M","M","?","M","M","E","R","?","T","E","?","M","R","?","R","BOSS","M","?","M","?","?","R","E"],"build_version":"2019-01-23","purchased_purges":1,"victory":false,"max_hp_per_floor":[66,66,66,66,66,66,66,66,66,66,66,66,66,66,66,66,66,66,72,72,72,82,82,82],"card_choices":[{"not_picked":["Quick Slash","Expertise"],"picked":"Dagger Spray","floor":1},{"not_picked":["Blur","Acrobatics"],"picked":"Dodge and Roll","floor":2},{"not_picked":["Backflip","Setup"],"picked":"Deflect","floor":4},{"not_picked":["Backflip","Deflect"],"picked":"Choke","floor":5},{"not_picked":["Dodge and Roll","Acrobatics"],"picked":"Slice","floor":6},{"not_picked":["Outmaneuver","Choke"],"picked":"Tactician","floor":10},{"not_picked":["Burst","Noxious Fumes"],"picked":"Dagger Throw","floor":12},{"not_picked":["Bullet Time","Night Terror"],"picked":"Phantasmal Killer","floor":16},{"not_picked":["Dagger Throw","Quick Slash","Reflex"],"picked":"SKIP","floor":18},{"not_picked":["Acrobatics","Predator"],"picked":"After Image","floor":20}],"player_experience":5290280,"relics_obtained":[{"floor":6,"key":"Pen Nib"},{"floor":9,"key":"MawBank"},{"floor":10,"key":"Darkstone Periapt"}],"event_choices":[{"damage_healed":0,"gold_gain":0,"player_choice":"Ignored","damage_taken":0,"max_hp_gain":0,"max_hp_loss":0,"event_name":"Liars Game","floor":3,"gold_loss":0},{"damage_healed":0,"gold_gain":0,"player_choice":"Searched \u00271\u0027 times","damage_taken":0,"relics_obtained":["Ornamental Fan"],"max_hp_gain":0,"max_hp_loss":0,"event_name":"Dead Adventurer","floor":8,"gold_loss":0},{"cards_removed":["Defend_G"],"damage_healed":0,"gold_gain":0,"player_choice":"Card Removal","damage_taken":7,"max_hp_gain":0,"max_hp_loss":0,"event_name":"Golden Wing","floor":11,"gold_loss":0},{"damage_healed":0,"gold_gain":0,"player_choice":"Smashed Altar","damage_taken":0,"max_hp_gain":0,"max_hp_loss":0,"event_name":"Forgotten Altar","floor":19,"gold_loss":0,"cards_obtained":["Decay"]},{"cards_removed":["Decay"],"damage_healed":0,"gold_gain":0,"player_choice":"Gave Gold","damage_taken":0,"max_hp_gain":0,"max_hp_loss":0,"event_name":"Beggar","floor":21,"gold_loss":75},{"cards_removed":["Phantasmal Killer"],"damage_healed":33,"gold_gain":0,"player_choice":"Offered Rare","damage_taken":0,"max_hp_gain":10,"max_hp_loss":0,"event_name":"Bonfire Elementals","floor":22,"gold_loss":0}],"is_beta":false,"boss_relics":[{"not_picked":["Ectoplasm","Orrery"],"picked":"Pandora\u0027s Box"}],"items_purged_floors":[14],"is_endless":false,"potions_floor_spawned":[5,10,12,16,18],"killed_by":"Book of Stabbing","ascension_level":20}