{"gold_per_floor":[117,134,134,134,134,134,167,167,190,234,234,234,208,234,234,234],"floor_reached":16,"playtime":306,"items_purged":[],"score":142,"play_id":"20264c44-6e35-4c7b-bbda-60d57aad6c9d","local_time":"20190702022741","is_ascension_mode":true,"campfire_choices":[{"data":"Bash","floor":6,"key":"SMITH"},{"data":"Body Slam","floor":8,"key":"SMITH"},{"data":"strawberrySpire:ZonePlayer","floor":11,"key":"SMITH"},{"floor":15,"key":"REST"}],"neow_cost":"NONE","seed_source_timestamp":912920901512507,"circlet_count":0,"master_deck":["Strike_R","Strike_R","Strike_R","Strike_R","Strike_R","Defend_R","Defend_R","Defend_R","Defend_R","Bash+1","Body Slam+1","strawberrySpire:ZonePlayer+1","Injury","Reaper+1","Heavy Blade+1"],"relics":["Burning Blood","NeowsBlessing","Golden Idol","Molten Egg 2","conspire:Flyswatter","strawberrySpire:Treaders","vexMod:RelicLauncher","Champion Belt","Baseball","aspiration:EmptySkull"],"potions_floor_usage":[10,16],"damage_taken":[{"damage":0,"enemies":"Cultist","floor":1,"turns":1},{"damage":0,"enemies":"Jaw Worm","floor":2,"turns":1},{"damage":0,"enemies":"Lagavulin","floor":7,"turns":1},{"damage":17,"enemies":"3 Sentries","floor":10,"turns":7},{"damage":69,"enemies":"Hexaghost","floor":16,"turns":11}],"seed_played":"8469887345257179249","potions_obtained":[{"floor":2,"key":"SteroidPotion"},{"floor":10,"key":"Weak Potion"}],"is_trial":false,"path_per_floor":["M","M","?","?","$","R","E","R","T","E","R","$","?","T","R","B"],"character_chosen":"IRONCLAD","items_purchased":["Champion Belt","Baseball"],"campfire_rested":1,"item_purchase_floors":[12,12],"current_hp_per_floor":[80,80,74,74,74,74,74,74,74,67,67,38,38,38,60,0],"gold":234,"neow_bonus":"THREE_ENEMY_KILL","is_prod":false,"is_daily":false,"chose_seed":false,"campfire_upgraded":3,"win_rate":0,"timestamp":1562030861,"path_taken":["M","?","?","?","$","R","E","R","T","E","R","?","?","?","R","BOSS"],"build_version":"2019-01-23","purchased_purges":0,"victory":false,"max_hp_per_floor":[80,80,74,74,74,74,74,74,74,74,74,74,74,74,74,74],"card_choices":[{"not_picked":["strawberrySpire:Spite","Replay:Undeath\u0027s Touch"],"picked":"Body Slam","floor":1},{"not_picked":["StuffTheSpire:Incineration","Carnage"],"picked":"strawberrySpire:ZonePlayer","floor":2},{"not_picked":["Havoc","Eclipse"],"picked":"Reaper+1","floor":7},{"not_picked":["Anger+1","Massacre+1"],"picked":"Heavy Blade+1","floor":10}],"player_experience":64968,"relics_obtained":[{"floor":7,"key":"conspire:Flyswatter"},{"floor":9,"key":"strawberrySpire:Treaders"},{"floor":10,"key":"vexMod:RelicLauncher"},{"floor":14,"key":"aspiration:EmptySkull"}],"event_choices":[{"damage_healed":0,"gold_gain":0,"player_choice":"Lose Max HP","damage_taken":0,"relics_obtained":["Golden Idol"],"max_hp_gain":0,"max_hp_loss":6,"event_name":"Golden Idol","floor":3,"gold_loss":0},{"damage_healed":0,"gold_gain":0,"player_choice":"Left Gold","damage_taken":0,"max_hp_gain":0,"max_hp_loss":0,"event_name":"World of Goop","floor":13,"gold_loss":26}],"is_beta":false,"boss_relics":[],"items_purged_floors":[],"is_endless":false,"potions_floor_spawned":[2,10],"killed_by":"Hexaghost","ascension_level":2}