{"gold_per_floor":[116,134,134,144,144,173,173,204,229,242,242,261,276,291,291,370,370,380,409,70,84,99,126,126,126,151,163,75,75,100,119,119,194,194,206,31,78,98,109,139,139,171,198,216,247,122,136,411,411,411,411,411,411,30,59,59],"floor_reached":57,"playtime":2579,"items_purged":["Sever Soul","Entrench","Anger+1"],"score":2909,"play_id":"8e1bdd78-ed7c-470a-8816-97b804ef7f26","local_time":"20190409021015","is_ascension_mode":true,"campfire_choices":[{"data":"Demon Form","floor":7,"key":"SMITH"},{"data":"Heavy Blade","floor":11,"key":"SMITH"},{"data":"Battle Trance","floor":15,"key":"SMITH"},{"data":"Offering","floor":24,"key":"SMITH"},{"data":"True Grit","floor":29,"key":"SMITH"},{"data":"Demon Form","floor":32,"key":"SMITH"},{"data":"Demon Form","floor":41,"key":"SMITH"},{"floor":49,"key":"RECALL"},{"data":"Limit Break","floor":53,"key":"SMITH"}],"neow_cost":"NONE","seed_source_timestamp":544136048161500,"circlet_count":0,"master_deck":["AscendersBane","Bash","Twin Strike+1","Power Through","Demon Form+1","Heavy Blade+1","Battle Trance+1","Feel No Pain","Sword Boomerang","Reaper","Second Wind","True Grit+1","Offering+1","Feed","Reckless Charge","Fiend Fire","Headbutt","Power Through","Feel No Pain+1","Demon Form+1","Limit Break+1","Clothesline+1","Demon Form+1","Carnage+1","Evolve+1","Reaper"],"relics":["Burning Blood","Bag of Marbles","Pocketwatch","Torii","Pear","Omamori","Pandora\u0027s Box","Red Mask","Pantograph","Ancient Tea Set","MawBank","Regal Pillow","Snecko Eye","Dead Branch","Whetstone","Nunchaku","Anchor","Incense Burner","DollysMirror","Happy Flower","Self Forming Clay"],"potions_floor_usage":[21,22,56],"damage_taken":[{"damage":8,"enemies":"2 Louse","floor":1,"turns":4},{"damage":7,"enemies":"Jaw Worm","floor":2,"turns":4},{"damage":0,"enemies":"Cultist","floor":4,"turns":2},{"damage":12,"enemies":"Lagavulin","floor":6,"turns":5},{"damage":1,"enemies":"Gremlin Nob","floor":8,"turns":3},{"damage":11,"enemies":"Looter","floor":10,"turns":3},{"damage":0,"enemies":"Exordium Wildlife","floor":12,"turns":3},{"damage":0,"enemies":"2 Fungi Beasts","floor":13,"turns":3},{"damage":0,"enemies":"Lots of Slimes","floor":14,"turns":5},{"damage":46,"enemies":"The Guardian","floor":16,"turns":10},{"damage":32,"enemies":"3 Byrds","floor":18,"turns":5},{"damage":44,"enemies":"Masked Bandits","floor":19,"turns":4},{"damage":7,"enemies":"Spheric Guardian","floor":21,"turns":3},{"damage":24,"enemies":"3 Cultists","floor":22,"turns":5},{"damage":8,"enemies":"Book of Stabbing","floor":23,"turns":5},{"damage":59,"enemies":"Gremlin Leader","floor":30,"turns":9},{"damage":31,"enemies":"Centurion and Healer","floor":31,"turns":18},{"damage":8,"enemies":"Automaton","floor":33,"turns":6},{"damage":1,"enemies":"3 Shapes","floor":35,"turns":5},{"damage":55,"enemies":"2 Orb Walkers","floor":37,"turns":5},{"damage":0,"enemies":"Orb Walker","floor":38,"turns":1},{"damage":6,"enemies":"4 Shapes","floor":39,"turns":6},{"damage":6,"enemies":"Giant Head","floor":40,"turns":5},{"damage":1,"enemies":"Nemesis","floor":42,"turns":3},{"damage":25,"enemies":"Jaw Worm Horde","floor":44,"turns":5},{"damage":28,"enemies":"Giant Head","floor":45,"turns":6},{"damage":0,"enemies":"Writhing Mass","floor":47,"turns":5},{"damage":13,"enemies":"Time Eater","floor":50,"turns":10},{"damage":23,"enemies":"Donu and Deca","floor":51,"turns":13},{"damage":25,"enemies":"Shield and Spear","floor":55,"turns":6},{"damage":83,"enemies":"The Heart","floor":56,"turns":8}],"seed_played":"-6982879279628186406","potions_obtained":[{"floor":2,"key":"Poison Potion"},{"floor":6,"key":"Energy Potion"},{"floor":14,"key":"SteroidPotion"},{"floor":19,"key":"Regen Potion"},{"floor":23,"key":"Strength Potion"},{"floor":31,"key":"FearPotion"},{"floor":38,"key":"Weak Potion"},{"floor":39,"key":"Regen Potion"}],"is_trial":false,"path_per_floor":["M","M","?","M","T","E","R","E","T","M","R","M","M","M","R","B",null,"M","?","$","M","M","E","R","T","T","?","$","R","E","M","R","B",null,"M","$","?","M","M","E","R","E","T","M","E","$","M","?","R","B","B",null,"R","$","E","B",null],"character_chosen":"IRONCLAD","items_purchased":["Pantograph","Demon Form","DollysMirror","Happy Flower"],"campfire_rested":0,"item_purchase_floors":[20,36,54,54],"current_hp_per_floor":[66,65,42,48,48,42,42,57,57,52,52,58,64,70,70,30,71,72,55,55,59,80,91,91,91,91,91,91,91,38,65,65,91,96,100,100,81,93,96,99,99,104,104,109,87,87,112,112,112,115,118,118,118,118,121,84],"gold":59,"neow_bonus":"RANDOM_COMMON_RELIC","is_prod":false,"is_daily":false,"chose_seed":false,"campfire_upgraded":8,"win_rate":0,"timestamp":1554743415,"path_taken":["M","M","?","M","?","E","R","E","T","M","R","M","?","M","R","BOSS","M","?","$","M","M","E","R","?","T","?","$","R","E","M","R","BOSS","M","$","?","M","M","E","R","E","T","M","E","$","M","?","R","BOSS","BOSS","R","$","E","BOSS"],"build_version":"2019-01-23","purchased_purges":3,"victory":true,"max_hp_per_floor":[75,75,75,75,75,75,75,85,85,85,85,85,85,85,85,85,85,88,91,91,91,94,94,94,94,94,94,94,94,94,94,94,97,97,100,100,100,100,103,106,106,106,106,109,109,109,112,112,112,115,118,118,118,118,121,121],"card_choices":[{"not_picked":["Flex","Havoc"],"picked":"Twin Strike","floor":1},{"not_picked":["Entrench","Armaments"],"picked":"Anger","floor":2},{"not_picked":["Infernal Blade","Bloodletting"],"picked":"Power Through","floor":4},{"not_picked":["Armaments","Iron Wave"],"picked":"Demon Form","floor":6},{"not_picked":["Warcry","Havoc"],"picked":"Heavy Blade","floor":8},{"not_picked":["Clothesline","Entrench"],"picked":"Battle Trance","floor":10},{"not_picked":["Iron Wave","Wild Strike"],"picked":"Feel No Pain","floor":12},{"not_picked":["Perfected Strike","Wild Strike","Pommel Strike"],"picked":"SKIP","floor":13},{"not_picked":["Clothesline","Iron Wave"],"picked":"Sword Boomerang","floor":14},{"not_picked":["Impervious","Bludgeon"],"picked":"Reaper","floor":16},{"not_picked":["True Grit","Wild Strike","Flex"],"picked":"SKIP","floor":18},{"not_picked":["True Grit","Clash"],"picked":"Power Through","floor":19},{"not_picked":["Flex+1","Shrug It Off"],"picked":"Feel No Pain+1","floor":21},{"not_picked":["Cleave","Shrug It Off","Dropkick"],"picked":"SKIP","floor":22},{"not_picked":["Thunderclap","Headbutt+1","Reckless Charge"],"picked":"SKIP","floor":23},{"not_picked":["Flame Barrier","True Grit","Corruption"],"picked":"SKIP","floor":30},{"not_picked":["Blood for Blood","Sentinel"],"picked":"Demon Form","floor":31},{"not_picked":["Double Tap","Offering"],"picked":"Limit Break","floor":33},{"not_picked":["Rage","Twin Strike"],"picked":"Clothesline","floor":35},{"not_picked":["Uppercut","Heavy Blade+1","Wild Strike"],"picked":"SKIP","floor":38},{"not_picked":["True Grit","Pommel Strike"],"picked":"Carnage+1","floor":39},{"not_picked":["Dark Embrace","Clash","Sword Boomerang+1"],"picked":"SKIP","floor":40},{"not_picked":["Spot Weakness","Burning Pact","Searing Blow"],"picked":"SKIP","floor":42},{"not_picked":["Twin Strike","Armaments","Juggernaut"],"picked":"SKIP","floor":44},{"not_picked":["Twin Strike","Shrug It Off+1"],"picked":"Evolve+1","floor":45},{"not_picked":["Warcry+1","Heavy Blade","Ghostly Armor"],"picked":"SKIP","floor":47},{"not_picked":["Armaments","Cleave","Wild Strike"],"picked":"SKIP","floor":55}],"player_experience":4731324,"relics_obtained":[{"floor":5,"key":"Pocketwatch"},{"floor":6,"key":"Torii"},{"floor":8,"key":"Pear"},{"floor":9,"key":"Omamori"},{"floor":19,"key":"Red Mask"},{"floor":23,"key":"Ancient Tea Set"},{"floor":26,"key":"MawBank"},{"floor":30,"key":"Regal Pillow"},{"floor":37,"key":"Dead Branch"},{"floor":40,"key":"Whetstone"},{"floor":42,"key":"Nunchaku"},{"floor":43,"key":"Anchor"},{"floor":45,"key":"Incense Burner"},{"floor":55,"key":"Self Forming Clay"}],"event_choices":[{"damage_healed":0,"gold_gain":0,"player_choice":"Entered Light","damage_taken":23,"max_hp_gain":0,"max_hp_loss":0,"event_name":"Shining Light","floor":3,"gold_loss":0,"cards_upgraded":["Anger","Defend_R"]},{"damage_healed":0,"gold_gain":0,"player_choice":"Fought Bandits","damage_taken":0,"max_hp_gain":0,"max_hp_loss":0,"event_name":"Masked Bandits","floor":19,"gold_loss":0},{"damage_healed":0,"gold_gain":0,"player_choice":"Ignored","damage_taken":0,"max_hp_gain":0,"max_hp_loss":0,"event_name":"Vampires","floor":27,"gold_loss":0},{"damage_healed":0,"gold_gain":0,"player_choice":"Fight","damage_taken":0,"max_hp_gain":0,"max_hp_loss":0,"event_name":"Mysterious Sphere","floor":37,"gold_loss":0},{"damage_healed":0,"gold_gain":275,"player_choice":"Desecrate","damage_taken":0,"max_hp_gain":0,"max_hp_loss":0,"event_name":"Golden Shrine","floor":48,"gold_loss":0,"cards_obtained":["Regret"]}],"is_beta":false,"boss_relics":[{"not_picked":["Black Blood","Lizard Tail"],"picked":"Pandora\u0027s Box"},{"not_picked":["Black Star","Mark of Pain"],"picked":"Snecko Eye"}],"items_purged_floors":[20,28,46],"is_endless":false,"potions_floor_spawned":[2,6,13,14,16,19,23,31,33,35,38,39,45],"ascension_level":20}