{"gold_per_floor":[115,69,34,53,78,78,90,90,114,130,9,24,24,36,36,114,114,127,140,140,150,5,5,5,38,38,63,75,105,149,171,183,195],"floor_reached":33,"playtime":1275,"items_purged":[],"score":779,"play_id":"045925bc-9753-47f3-bb42-f8552a4ab582","local_time":"20190714150940","is_ascension_mode":true,"campfire_choices":[{"data":"Bash","floor":6,"key":"SMITH"},{"data":"Perfected Strike","floor":8,"key":"SMITH"},{"data":"Whirlwind","floor":15,"key":"SMITH"},{"data":"Demon Form","floor":23,"key":"SMITH"},{"floor":32,"key":"REST"}],"neow_cost":"","seed_source_timestamp":1994491222974944,"circlet_count":0,"master_deck":["AscendersBane","Strike_R","Strike_R","Strike_R","Strike_R","Strike_R","Defend_R","Defend_R","Defend_R","Defend_R","Bash+1","Corruption","Disarm+1","Seeing Red+1","Battle Trance+1","Shrug It Off+1","Perfected Strike+1","Twin Strike","Whirlwind+1","Shrug It Off+1","Disarm+1","Flame Barrier+1","Bloodletting+1","Demon Form+1","Burning Pact+1","Pommel Strike+1","Perfected Strike+1","Infernal Blade+1","Intimidate+1","Cleave","Flex+1","Ghostly+1","Ghostly+1","Ghostly+1","Ghostly+1","Ghostly+1","Thunderclap+1","Wild Strike+1","Armaments+1"],"relics":["Burning Blood","Toxic Egg 2","Nunchaku","Calipers","Blood Vial","Orichalcum","Sozu","Red Skull","MawBank","Anchor"],"potions_floor_usage":[4,16,30],"damage_taken":[{"damage":0,"enemies":"Small Slimes","floor":1,"turns":3},{"damage":2,"enemies":"Jaw Worm","floor":4,"turns":6},{"damage":1,"enemies":"2 Louse","floor":7,"turns":2},{"damage":0,"enemies":"Looter","floor":10,"turns":3},{"damage":0,"enemies":"Gremlin Gang","floor":12,"turns":2},{"damage":0,"enemies":"2 Fungi Beasts","floor":14,"turns":4},{"damage":0,"enemies":"Hexaghost","floor":16,"turns":15},{"damage":1,"enemies":"Shell Parasite","floor":18,"turns":5},{"damage":3,"enemies":"Chosen","floor":19,"turns":5},{"damage":17,"enemies":"Centurion and Healer","floor":21,"turns":6},{"damage":46,"enemies":"Slavers","floor":25,"turns":7},{"damage":3,"enemies":"Snake Plant","floor":27,"turns":2},{"damage":0,"enemies":"Shelled Parasite and Fungi","floor":29,"turns":7},{"damage":8,"enemies":"Gremlin Leader","floor":30,"turns":6},{"damage":13,"enemies":"Snecko","floor":31,"turns":6},{"damage":43,"enemies":"Automaton","floor":33,"turns":10}],"seed_played":"3481922321124842580","potions_obtained":[{"floor":1,"key":"Regen Potion"},{"floor":10,"key":"SmokeBomb"},{"floor":14,"key":"SteroidPotion"}],"is_trial":false,"path_per_floor":["M","$","?","M","T","R","M","R","T","M","$","M","$","M","R","B",null,"M","M","?","M","$","R","?","E","T","M","?","M","E","M","R","B"],"character_chosen":"IRONCLAD","items_purchased":["Toxic Egg 2","Calipers","Corruption","Disarm+1","Seeing Red+1","PowerPotion","Shrug It Off+1","Shrug It Off+1","Disarm+1","Infernal Blade+1","Intimidate+1"],"campfire_rested":1,"item_purchase_floors":[0,0,0,0,0,0,2,11,11,22,22],"current_hp_per_floor":[37,37,55,73,73,73,75,75,75,75,75,75,75,75,75,75,75,75,75,75,64,64,64,64,26,26,31,31,37,35,30,37,0],"gold":195,"neow_bonus":"","is_prod":false,"is_daily":false,"chose_seed":false,"campfire_upgraded":4,"win_rate":0,"timestamp":1563113380,"path_taken":["M","$","?","M","?","R","M","R","T","M","?","M","$","M","R","BOSS","M","M","?","M","$","R","?","E","T","?","?","M","E","M","R","BOSS"],"build_version":"2019-07-05","purchased_purges":0,"victory":false,"max_hp_per_floor":[75,75,75,75,75,75,75,75,75,75,75,75,75,75,75,75,75,75,75,75,75,75,75,75,75,75,75,37,37,37,37,37,37],"card_choices":[{"not_picked":["Heavy Blade","Flex+1"],"picked":"Battle Trance+1","floor":1},{"not_picked":["Havoc+1","Dual Wield+1"],"picked":"Perfected Strike","floor":4},{"not_picked":["Clothesline","Iron Wave"],"picked":"Twin Strike","floor":7},{"not_picked":["Thunderclap","Rupture"],"picked":"Whirlwind","floor":10},{"not_picked":["Twin Strike","Armaments+1"],"picked":"Flame Barrier+1","floor":12},{"not_picked":["Headbutt","Warcry+1"],"picked":"Bloodletting+1","floor":14},{"not_picked":["Offering+1","Limit Break+1"],"picked":"Demon Form","floor":16},{"not_picked":["Reckless Charge","Battle Trance+1"],"picked":"Burning Pact+1","floor":18},{"not_picked":["Thunderclap","Rage+1"],"picked":"Pommel Strike","floor":19},{"not_picked":["Thunderclap","Pommel Strike"],"picked":"Perfected Strike+1","floor":21},{"not_picked":["Heavy Blade","Thunderclap"],"picked":"Cleave","floor":25},{"not_picked":["Second Wind+1","Cleave"],"picked":"Flex+1","floor":27},{"not_picked":["Corruption","Metallicize+1"],"picked":"Thunderclap+1","floor":29},{"not_picked":["Infernal Blade+1","Combust"],"picked":"Wild Strike+1","floor":30},{"not_picked":["Metallicize","Body Slam"],"picked":"Armaments+1","floor":31}],"player_experience":409860,"relics_obtained":[{"floor":5,"key":"Blood Vial"},{"floor":9,"key":"Orichalcum"},{"floor":25,"key":"Red Skull"},{"floor":26,"key":"MawBank"},{"floor":30,"key":"Anchor"}],"event_choices":[{"damage_healed":18,"gold_gain":0,"player_choice":"Healed","damage_taken":0,"max_hp_gain":0,"max_hp_loss":0,"event_name":"The Cleric","floor":3,"gold_loss":35},{"damage_healed":0,"gold_gain":0,"player_choice":"Ignored","damage_taken":0,"max_hp_gain":0,"max_hp_loss":0,"event_name":"Vampires","floor":20,"gold_loss":0},{"damage_healed":0,"gold_gain":0,"player_choice":"Forge","damage_taken":0,"max_hp_gain":0,"max_hp_loss":0,"event_name":"Accursed Blacksmith","floor":24,"gold_loss":0,"cards_upgraded":["Pommel Strike"]},{"damage_healed":0,"gold_gain":0,"player_choice":"Became a Ghost","damage_taken":0,"max_hp_gain":0,"max_hp_loss":38,"event_name":"Ghosts","floor":28,"gold_loss":0,"cards_obtained":["Ghostly","Ghostly","Ghostly","Ghostly","Ghostly"]}],"is_beta":false,"boss_relics":[{"not_picked":["Empty Cage","Lizard Tail"],"picked":"Sozu"}],"items_purged_floors":[],"is_endless":false,"potions_floor_spawned":[1,10,14,21,27,30],"killed_by":"Automaton","ascension_level":14}