{"gold_per_floor":[114,130,130,149,149,149,168,181,206,222,238,238,258,277,277,354,354,380,392,71,89,89],"floor_reached":22,"playtime":495,"items_purged":["Strike_R"],"score":364,"play_id":"d728eb04-bd06-440e-8e57-502686af7fed","local_time":"20190506015822","is_ascension_mode":true,"campfire_choices":[{"data":"Flex","floor":6,"key":"SMITH"},{"data":"Armaments","floor":12,"key":"SMITH"},{"data":"Perfected Strike","floor":15,"key":"SMITH"}],"neow_cost":"","seed_source_timestamp":24945062273200,"circlet_count":0,"master_deck":["Defend_R","Defend_R","Defend_R","Defend_R","Defend_R","Defend_R","Defend_R","Defend_R","Bash","Strike_R","Strike_R","Strike_R","Strike_R","Strike_R","Armaments+1","Pommel Strike","Twin Strike","Flex+1","Cleave","Havoc","Twin Strike","Wild Strike","True Grit","Juggernaut","Perfected Strike+1","Immolate","Wild Strike","Apotheosis","Shrug It Off","Clothesline+1"],"relics":["Burning Blood","Anchor","Calling Bell","MawBank","Kunai","Ginger"],"potions_floor_usage":[8,16,21,22],"damage_taken":[{"damage":12,"enemies":"2 Louse","floor":1,"turns":3},{"damage":12,"enemies":"Jaw Worm","floor":2,"turns":4},{"damage":2,"enemies":"Cultist","floor":4,"turns":4},{"damage":8,"enemies":"Looter","floor":7,"turns":4},{"damage":8,"enemies":"Exordium Thugs","floor":8,"turns":5},{"damage":8,"enemies":"Blue Slaver","floor":10,"turns":3},{"damage":0,"enemies":"Large Slime","floor":11,"turns":4},{"damage":5,"enemies":"Looter","floor":13,"turns":5},{"damage":9,"enemies":"Exordium Wildlife","floor":14,"turns":5},{"damage":54,"enemies":"Slime Boss","floor":16,"turns":10},{"damage":22,"enemies":"Shell Parasite","floor":18,"turns":4},{"damage":28,"enemies":"3 Byrds","floor":21,"turns":7},{"damage":23,"enemies":"Shelled Parasite and Fungi","floor":22,"turns":2}],"seed_played":"-9011047923212251269","potions_obtained":[{"floor":4,"key":"SkillPotion"},{"floor":7,"key":"Dexterity Potion"},{"floor":11,"key":"Strength Potion"},{"floor":16,"key":"Energy Potion"},{"floor":18,"key":"SteroidPotion"},{"floor":21,"key":"Swift Potion"}],"is_trial":true,"path_per_floor":["M","M","?","M","?","R","M","M","T","M","M","R","M","M","R","B",null,"M","?","$","M","M"],"character_chosen":"IRONCLAD","items_purchased":["Apotheosis","Shrug It Off"],"campfire_rested":0,"item_purchase_floors":[20,20],"current_hp_per_floor":[62,56,56,60,60,60,58,56,56,54,60,60,61,58,58,10,59,43,43,43,21,0],"gold":89,"neow_bonus":"","is_prod":false,"is_daily":false,"chose_seed":false,"campfire_upgraded":3,"win_rate":0,"timestamp":1557075502,"path_taken":["M","M","?","M","?","R","M","M","T","M","?","R","M","M","R","BOSS","M","?","?","M","M"],"build_version":"2019-01-23","purchased_purges":1,"victory":false,"max_hp_per_floor":[75,75,75,75,75,75,75,75,75,75,75,75,75,75,75,75,75,75,69,69,69,69],"card_choices":[{"not_picked":["Rampage","Shrug It Off"],"picked":"Armaments","floor":1},{"not_picked":["Reckless Charge","Headbutt"],"picked":"Pommel Strike","floor":2},{"not_picked":["Havoc","Combust"],"picked":"Flex","floor":4},{"not_picked":["Thunderclap","Heavy Blade"],"picked":"Havoc","floor":7},{"not_picked":["Fire Breathing","Metallicize"],"picked":"Twin Strike","floor":8},{"not_picked":["Clothesline","Anger"],"picked":"Wild Strike","floor":10},{"not_picked":["Sever Soul","Flex"],"picked":"True Grit","floor":11},{"not_picked":["Shrug It Off","True Grit"],"picked":"Juggernaut","floor":13},{"not_picked":["Armaments","Clothesline"],"picked":"Perfected Strike","floor":14},{"not_picked":["Reaper","Offering"],"picked":"Immolate","floor":16},{"not_picked":["Seeing Red","Infernal Blade"],"picked":"Wild Strike","floor":18},{"not_picked":["Cleave","Anger"],"picked":"Clothesline+1","floor":21}],"player_experience":4925019,"relics_obtained":[{"floor":9,"key":"Anchor"},{"floor":17,"key":"MawBank"},{"floor":17,"key":"Kunai"},{"floor":17,"key":"Ginger"}],"event_choices":[{"damage_healed":0,"gold_gain":0,"cards_transformed":["Strike_R"],"player_choice":"Change","damage_taken":0,"max_hp_gain":0,"max_hp_loss":0,"event_name":"Living Wall","floor":3,"gold_loss":0,"cards_obtained":["Twin Strike"]},{"damage_healed":0,"gold_gain":0,"cards_transformed":["Strike_R"],"player_choice":"Transformed","damage_taken":0,"max_hp_gain":0,"max_hp_loss":0,"event_name":"Transmorgrifier","floor":5,"gold_loss":0,"cards_obtained":["Cleave"]},{"cards_removed":["Shame","Parasite","Parasite"],"damage_healed":0,"gold_gain":0,"player_choice":"Removed Curses","damage_taken":0,"max_hp_gain":0,"max_hp_loss":0,"event_name":"Fountain of Cleansing","floor":19,"gold_loss":0}],"is_beta":false,"boss_relics":[{"not_picked":["Astrolabe","Eternal Feather"],"picked":"Calling Bell"}],"items_purged_floors":[20],"is_endless":false,"potions_floor_spawned":[4,7,11,16,18,21],"killed_by":"Shelled Parasite and Fungi","ascension_level":20}