{"gold_per_floor":[18,18,18,28,43,43,63,83,162,162,197,197,209,236,236,309,309,323,323,335,335,358,384,398,411,437,475,487,516,528,540,552,639,651,677,789,801,833,845,857],"floor_reached":40,"playtime":1509,"items_purged":[],"score":1022,"play_id":"fdc01db6-eb52-444e-a5c3-b1ab0a459ec6","local_time":"20190623001728","is_ascension_mode":true,"campfire_choices":[{"data":"All Out Attack","floor":6.0,"key":"SMITH"},{"data":"Deadly Poison","floor":10.0,"key":"SMITH"},{"data":"Cloak And Dagger","floor":12.0,"key":"SMITH"},{"data":"Terror","floor":15.0,"key":"SMITH"},{"floor":28.0,"key":"DIG"},{"floor":30.0,"key":"DIG"},{"floor":32.0,"key":"DIG"}],"neow_cost":"NO_GOLD","seed_source_timestamp":364745718004100,"circlet_count":0,"master_deck":["AscendersBane","Defend_G","Defend_G","Defend_G","Survivor","Neutralize","Doppelganger","Finisher","Flechettes","Deadly Poison+1","Cloak And Dagger+1","Terror+1","Corpse Explosion","Escape Plan","Masterful Stab","Bullet Time","Blur","Dodge and Roll","Infinite Blades+1","Envenom","Phantasmal Killer+1","Caltrops+1","Endless Agony+1","Escape Plan","Infinite Blades","Finesse"],"special_seed":0,"relics":["Ring of the Snake","Torii","Kunai","Snake Skull","Oddly Smooth Stone","Sozu","Bag of Preparation","Gremlin Horn","MawBank","Shovel","Matryoshka","Boot","Ice Cream","Astrolabe","Ginger"],"potions_floor_usage":[],"damage_taken":[{"damage":1.0,"enemies":"Jaw Worm","floor":1.0,"turns":4.0},{"damage":7.0,"enemies":"2 Louse","floor":4.0,"turns":3.0},{"damage":0.0,"enemies":"Cultist","floor":5.0,"turns":3.0},{"damage":3.0,"enemies":"Blue Slaver","floor":7.0,"turns":4.0},{"damage":8.0,"enemies":"Lots of Slimes","floor":8.0,"turns":4.0},{"damage":8.0,"enemies":"Lagavulin","floor":11.0,"turns":4.0},{"damage":0.0,"enemies":"3 Louse","floor":13.0,"turns":2.0},{"damage":13.0,"enemies":"3 Sentries","floor":14.0,"turns":7.0},{"damage":15.0,"enemies":"Slime Boss","floor":16.0,"turns":10.0},{"damage":0.0,"enemies":"Spheric Guardian","floor":18.0,"turns":3.0},{"damage":1.0,"enemies":"Chosen","floor":20.0,"turns":4.0},{"damage":0.0,"enemies":"Slavers","floor":23.0,"turns":1.0},{"damage":13.0,"enemies":"Shelled Parasite and Fungi","floor":24.0,"turns":2.0},{"damage":1.0,"enemies":"Centurion and Healer","floor":25.0,"turns":4.0},{"damage":0.0,"enemies":"Gremlin Leader","floor":27.0,"turns":4.0},{"damage":0.0,"enemies":"3 Cultists","floor":29.0,"turns":3.0},{"damage":29.0,"enemies":"Automaton","floor":33.0,"turns":8.0},{"damage":0.0,"enemies":"3 Shapes","floor":35.0,"turns":1.0},{"damage":3.0,"enemies":"Mind Bloom Boss Battle","floor":36.0,"turns":7.0},{"damage":18.0,"enemies":"3 Darklings","floor":38.0,"turns":3.0},{"damage":44,"enemies":"Giant Head","floor":40,"turns":5}],"seed_played":"-8547354359728202086","potions_obtained":[{"floor":4.0,"key":"Strength Potion"},{"floor":5.0,"key":"LiquidBronze"},{"floor":14.0,"key":"AttackPotion"},{"floor":16.0,"key":"Energy Potion"}],"is_trial":false,"path_per_floor":["M","?","?","M","M","R","M","M","T","R","E","R","M","E","R","B",null,"M","?","M","?","T","E","M","M","T","E","R","M","R","?","R","B",null,"M","?","?","M","?","E"],"character_chosen":"THE_SILENT","items_purchased":[],"campfire_rested":0,"item_purchase_floors":[],"current_hp_per_floor":[58,58,58,51,51,51,48,40,40,40,32,32,32,19,19,4,51,51,51,50,50,50,50,37,36,36,36,36,36,36,36,36,7,51,51,48,48,30,30,0],"gold":857,"neow_bonus":"TRANSFORM_TWO_CARDS","is_prod":false,"is_daily":false,"chose_seed":false,"campfire_upgraded":4,"win_rate":0,"timestamp":1561216648,"path_taken":["M","?","?","M","M","R","M","M","T","R","E","R","?","E","R","BOSS","M","?","?","?","?","E","M","M","T","E","R","M","R","?","R","BOSS","M","?","?","M","?","E"],"build_version":"2019-01-23","purchased_purges":0,"victory":false,"max_hp_per_floor":[66,66,66,66,66,66,66,66,66,66,66,66,66,66,66,66,66,66,66,66,66,66,66,66,66,66,66,66,66,66,66,66,66,66,66,66,63,63,63,63],"card_choices":[{"not_picked":["Flying Knee","Outmaneuver"],"picked":"Finisher","floor":1.0},{"not_picked":["Acrobatics","PiercingWail"],"picked":"Deadly Poison","floor":4.0},{"not_picked":["Caltrops","Sucker Punch"],"picked":"All Out Attack","floor":5.0},{"not_picked":["Sucker Punch","Expertise","Acrobatics"],"picked":"SKIP","floor":7.0},{"not_picked":["Flechettes","Choke","Sucker Punch"],"picked":"SKIP","floor":8.0},{"not_picked":["PiercingWail","Flying Knee"],"picked":"Cloak And Dagger","floor":11.0},{"not_picked":["Quick Slash","Finisher","Outmaneuver"],"picked":"SKIP","floor":13.0},{"not_picked":["Bane","Skewer"],"picked":"Terror","floor":14.0},{"not_picked":["A Thousand Cuts","Doppelganger"],"picked":"Corpse Explosion","floor":16.0},{"not_picked":["Prepared","Acrobatics"],"picked":"Escape Plan","floor":18.0},{"not_picked":["Bane","Acrobatics"],"picked":"Masterful Stab","floor":20.0},{"not_picked":["Dagger Throw","Terror","Sucker Punch"],"picked":"SKIP","floor":23.0},{"not_picked":["Blade Dance","Doppelganger"],"picked":"Dodge and Roll","floor":24.0},{"not_picked":["Noxious Fumes","Acrobatics"],"picked":"Infinite Blades+1","floor":25.0},{"not_picked":["Dagger Throw","Tools of the Trade","Predator"],"picked":"SKIP","floor":27.0},{"not_picked":["Quick Slash","Dagger Throw","Reflex"],"picked":"SKIP","floor":29.0},{"not_picked":["Doppelganger","Bullet Time"],"picked":"Envenom","floor":33.0},{"not_picked":["Dagger Spray","Outmaneuver"],"picked":"Escape Plan","floor":35.0},{"not_picked":["Slice","Masterful Stab+1"],"picked":"Infinite Blades","floor":38.0},{"not_picked":["Metamorphosis","Secret Technique"],"picked":"Finesse","floor":39.0}],"player_experience":5451824,"relics_obtained":[{"floor":9.0,"key":"Kunai"},{"floor":11.0,"key":"Snake Skull"},{"floor":14.0,"key":"Oddly Smooth Stone"},{"floor":22.0,"key":"Bag of Preparation"},{"floor":23.0,"key":"Gremlin Horn"},{"floor":26.0,"key":"MawBank"},{"floor":27.0,"key":"Shovel"},{"floor":28.0,"key":"Matryoshka"},{"floor":30.0,"key":"Boot"},{"floor":32.0,"key":"Ice Cream"},{"floor":36.0,"key":"Ginger"}],"event_choices":[{"damage_healed":0.0,"max_hp_gain":0.0,"max_hp_loss":0.0,"gold_gain":0.0,"cards_transformed":["Defend_G"],"event_name":"Living Wall","player_choice":"Change","floor":2.0,"gold_loss":0.0,"damage_taken":0.0,"cards_obtained":["Flechettes"]},{"cards_removed":["Accuracy"],"damage_healed":0.0,"max_hp_gain":0.0,"max_hp_loss":0.0,"gold_gain":0.0,"event_name":"WeMeetAgain","player_choice":"Gave Card","floor":3.0,"gold_loss":0.0,"damage_taken":0.0,"relics_obtained":["Torii"]},{"damage_healed":0.0,"max_hp_gain":0.0,"max_hp_loss":0.0,"gold_gain":0.0,"event_name":"Lab","player_choice":"Got Potions","floor":19.0,"gold_loss":0.0,"damage_taken":0.0},{"damage_healed":0.0,"max_hp_gain":0.0,"max_hp_loss":0.0,"gold_gain":0.0,"cards_transformed":["Strike_G","Strike_G"],"event_name":"Drug Dealer","player_choice":"Became Test Subject","floor":21.0,"gold_loss":0.0,"damage_taken":0.0,"cards_obtained":["Bullet Time","Blur"]},{"damage_healed":0.0,"max_hp_gain":0.0,"max_hp_loss":0.0,"gold_gain":0.0,"event_name":"Ghosts","player_choice":"Ignored","floor":31.0,"gold_loss":0.0,"damage_taken":0.0},{"damage_healed":0.0,"max_hp_gain":0.0,"max_hp_loss":0.0,"gold_gain":0.0,"event_name":"MindBloom","player_choice":"Fight","floor":36.0,"gold_loss":0.0,"damage_taken":0.0},{"damage_healed":0.0,"max_hp_gain":0.0,"max_hp_loss":3.0,"gold_gain":0.0,"event_name":"Winding Halls","player_choice":"Max HP","floor":37.0,"gold_loss":0.0,"damage_taken":0.0},{"damage_healed":0.0,"max_hp_gain":0.0,"max_hp_loss":0.0,"gold_gain":0.0,"event_name":"SensoryStone","player_choice":"Memory 1","floor":39.0,"gold_loss":0.0,"damage_taken":0.0}],"is_beta":false,"boss_relics":[{"not_picked":["Runic Dome","White Beast Statue"],"picked":"Sozu"},{"not_picked":["Runic Pyramid","Snecko Eye"],"picked":"Astrolabe"}],"items_purged_floors":[],"is_endless":false,"potions_floor_spawned":[4,5,13,14,16,20,25,27,36,38],"killed_by":"Giant Head","ascension_level":20}