{"gold_per_floor":[114,289,30,48,48,48,62,94,120,34,34],"floor_reached":11,"playtime":353,"items_purged":["Defend_B"],"score":71,"play_id":"4e8ff4e3-9c74-4d4f-b525-131570f16973","local_time":"20190717203941","is_ascension_mode":false,"campfire_choices":[{"data":"Mayhem","floor":6,"key":"SMITH"}],"neow_cost":"PERCENT_DAMAGE","seed_source_timestamp":614534546164900,"circlet_count":0,"master_deck":["Strike_B","Strike_B","Strike_B","Strike_B","Defend_B","Defend_B","Defend_B","Zap","Dualcast","Thunder Strike","Gash","Doubt","Mayhem+1","FTL","Regret","Static Discharge","Force Field","Discovery"],"relics":["Cracked Core","Bronze Scales","Turnip","Lantern"],"potions_floor_usage":[],"damage_taken":[{"damage":6,"enemies":"Jaw Worm","floor":1,"turns":3},{"damage":5,"enemies":"Small Slimes","floor":4,"turns":3},{"damage":6,"enemies":"2 Louse","floor":7,"turns":2},{"damage":28,"enemies":"Gremlin Nob","floor":8,"turns":4},{"damage":15,"enemies":"The Mushroom Lair","floor":11,"turns":3}],"seed_played":"-7992930846789097783","potions_obtained":[{"floor":4,"key":"Energy Potion"}],"is_trial":false,"path_per_floor":["M","?","$","M","?","R","M","E","T","$","?"],"character_chosen":"DEFECT","items_purchased":["Mayhem","Discovery"],"campfire_rested":0,"item_purchase_floors":[3,10],"current_hp_per_floor":[48,48,48,43,43,43,37,9,9,9,0],"gold":34,"neow_bonus":"THREE_RARE_CARDS","is_prod":false,"is_daily":false,"chose_seed":false,"campfire_upgraded":1,"win_rate":0.0,"timestamp":1563413981,"path_taken":["M","?","$","M","?","R","M","E","T","$","?"],"build_version":"2019-07-05","purchased_purges":1,"victory":false,"max_hp_per_floor":[75,75,75,75,75,75,75,75,75,75,75],"card_choices":[{"not_picked":["Meteor Strike","Seek"],"picked":"Thunder Strike","floor":0},{"not_picked":["Static Discharge","Reprogram"],"picked":"Gash","floor":1},{"not_picked":["Cold Snap","Hello World"],"picked":"FTL","floor":4},{"not_picked":["Stack","Redo"],"picked":"Static Discharge","floor":7},{"not_picked":["Barrage","Streamline"],"picked":"Force Field","floor":8}],"player_experience":79308,"relics_obtained":[{"floor":8,"key":"Turnip"},{"floor":9,"key":"Lantern"}],"event_choices":[{"damage_healed":0,"gold_gain":175,"player_choice":"AGREE","damage_taken":0,"max_hp_gain":0,"max_hp_loss":0,"event_name":"Liars Game","floor":2,"gold_loss":0,"cards_obtained":["Doubt"]},{"damage_healed":0,"gold_gain":0,"player_choice":"Box","damage_taken":0,"relics_obtained":["Bronze Scales"],"max_hp_gain":0,"max_hp_loss":0,"event_name":"Big Fish","floor":5,"gold_loss":0,"cards_obtained":["Regret"]},{"damage_healed":0,"gold_gain":0,"player_choice":"Fought Mushrooms","damage_taken":0,"max_hp_gain":0,"max_hp_loss":0,"event_name":"Mushrooms","floor":11,"gold_loss":0}],"is_beta":false,"boss_relics":[],"items_purged_floors":[3],"is_endless":false,"potions_floor_spawned":[4],"killed_by":"The Mushroom Lair","ascension_level":0}