{"gold_per_floor":[111,122,139,153,169,194,194,225,306,325,325],"floor_reached":11,"playtime":466,"items_purged":[],"score":174,"play_id":"bd5690a7-91bb-484b-964b-210f1545c0f2","local_time":"20190718030311","is_ascension_mode":true,"campfire_choices":[{"data":"Armaments","floor":7,"key":"SMITH"}],"neow_cost":"","seed_source_timestamp":631894530914400,"circlet_count":0,"master_deck":["Panacea","Panacea","Berserk","Berserk","Berserk","Defend_R","Defend_R","Defend_R","Defend_R","Bash","Strike_R","Strike_R","Strike_R","Strike_R","Strike_R","Sword Boomerang","Flame Barrier","Clash","Flex","Armaments+1","Shockwave"],"relics":["Burning Blood","OrangePellets","Bottled Tornado","Letter Opener","Calipers","Sundial"],"potions_floor_usage":[8,10,11],"damage_taken":[{"damage":10,"enemies":"Cultist","floor":1,"turns":4},{"damage":6,"enemies":"2 Louse","floor":2,"turns":3},{"damage":14,"enemies":"Jaw Worm","floor":3,"turns":4},{"damage":6,"enemies":"Large Slime","floor":4,"turns":5},{"damage":2,"enemies":"Looter","floor":5,"turns":3},{"damage":20,"enemies":"Lagavulin","floor":6,"turns":8},{"damage":30,"enemies":"Gremlin Nob","floor":8,"turns":4},{"damage":21,"enemies":"Exordium Wildlife","floor":10,"turns":6},{"damage":14,"enemies":"3 Louse","floor":11,"turns":1}],"seed_played":"4376188423538194533","potions_obtained":[{"floor":3,"key":"Fire Potion"},{"floor":8,"key":"SpeedPotion"},{"floor":10,"key":"AttackPotion"}],"is_trial":true,"path_per_floor":["M","M","M","M","M","E","R","E","T","M","M"],"character_chosen":"IRONCLAD","items_purchased":[],"campfire_rested":0,"item_purchase_floors":[],"current_hp_per_floor":[64,64,56,56,60,46,46,22,22,7,0],"gold":325,"neow_bonus":"","is_prod":false,"is_daily":false,"chose_seed":false,"campfire_upgraded":1,"win_rate":0,"timestamp":1563386591,"path_taken":["M","M","M","M","M","E","R","E","T","M","?"],"build_version":"2019-07-05","purchased_purges":0,"victory":false,"max_hp_per_floor":[75,75,75,75,75,75,75,75,75,75,75],"card_choices":[{"not_picked":["Warcry","Reckless Charge"],"picked":"Sword Boomerang","floor":1},{"not_picked":["Reckless Charge","Power Through"],"picked":"Flame Barrier","floor":2},{"not_picked":["Ghostly Armor","Power Through"],"picked":"Clash","floor":3},{"not_picked":["Spot Weakness","Perfected Strike"],"picked":"Flex","floor":4},{"not_picked":["Power Through","Metallicize"],"picked":"Armaments","floor":5},{"not_picked":["True Grit","Headbutt","Body Slam"],"picked":"SKIP","floor":6},{"not_picked":["Reckless Charge","Clash","Armaments"],"picked":"SKIP","floor":8},{"not_picked":["Warcry","Armaments"],"picked":"Shockwave","floor":10}],"player_experience":5731636,"relics_obtained":[{"floor":6,"key":"Letter Opener"},{"floor":8,"key":"Calipers"},{"floor":9,"key":"Sundial"}],"event_choices":[],"is_beta":false,"boss_relics":[],"items_purged_floors":[],"is_endless":false,"potions_floor_spawned":[3,8,10],"killed_by":"3 Louse","ascension_level":20}