{"gold_per_floor":[116,116,135,154,168,168,193,193,193,205,218,218,236,236],"floor_reached":14,"playtime":280,"items_purged":[],"score":188,"play_id":"6904a0ba-d9de-46a6-9a0c-2e1a8f62cdd7","local_time":"20190714024626","is_ascension_mode":true,"campfire_choices":[{"data":"Defragment","floor":6,"key":"SMITH"},{"data":"Loop","floor":8,"key":"SMITH"}],"neow_cost":"PERCENT_DAMAGE","seed_source_timestamp":291717793310800,"circlet_count":0,"master_deck":["AscendersBane","Strike_B","Strike_B","Strike_B","Defend_B","Defend_B","Defend_B","Defend_B","Zap","Dualcast","Hologram","Cold Snap","Defragment+1","Ball Lightning","Loop+1","Capacitor","Steam","Glacier"],"relics":["Cracked Core","Calipers","Happy Flower","Centennial Puzzle"],"potions_floor_usage":[7,7],"damage_taken":[{"damage":5,"enemies":"Small Slimes","floor":1,"turns":4},{"damage":7,"enemies":"Cultist","floor":3,"turns":5},{"damage":7,"enemies":"2 Louse","floor":4,"turns":3},{"damage":1,"enemies":"Blue Slaver","floor":5,"turns":5},{"damage":4,"enemies":"Lagavulin","floor":7,"turns":4},{"damage":2,"enemies":"Looter","floor":10,"turns":3},{"damage":5,"enemies":"Large Slime","floor":11,"turns":3},{"damage":11,"enemies":"3 Louse","floor":13,"turns":4},{"damage":14,"enemies":"Red Slaver","floor":14,"turns":1}],"seed_played":"-2253458472071763922","potions_obtained":[{"floor":4,"key":"SkillPotion"},{"floor":5,"key":"AttackPotion"},{"floor":7,"key":"Strength Potion"},{"floor":10,"key":"Weak Potion"},{"floor":13,"key":"Strength Potion"}],"is_trial":false,"path_per_floor":["M","?","M","M","M","R","E","R","T","M","M","?","M","M"],"character_chosen":"DEFECT","items_purchased":[],"campfire_rested":0,"item_purchase_floors":[],"current_hp_per_floor":[41,41,34,27,26,26,22,22,22,20,15,20,9,0],"gold":236,"neow_bonus":"ONE_RARE_RELIC","is_prod":false,"is_daily":false,"chose_seed":false,"campfire_upgraded":2,"win_rate":0,"timestamp":1563039986,"path_taken":["M","?","M","M","M","R","E","R","T","?","M","?","M","M"],"build_version":"2019-07-05","purchased_purges":0,"victory":false,"max_hp_per_floor":[71,71,71,71,71,71,71,71,71,71,71,76,76,76],"card_choices":[{"not_picked":["Barrage","Loop"],"picked":"Hologram","floor":1},{"not_picked":["Go for the Eyes","Blizzard"],"picked":"Cold Snap","floor":3},{"not_picked":["Rip and Tear","Heatsinks"],"picked":"Defragment","floor":4},{"not_picked":["Steam","Conserve Battery"],"picked":"Ball Lightning","floor":5},{"not_picked":["Skim","Static Discharge"],"picked":"Loop","floor":7},{"not_picked":["Melter","Rebound"],"picked":"Capacitor","floor":10},{"not_picked":["Ball Lightning","Steam","Turbo"],"picked":"SKIP","floor":11},{"not_picked":["Ball Lightning","Turbo"],"picked":"Steam","floor":11},{"not_picked":["Gash","Barrage"],"picked":"Glacier","floor":13}],"player_experience":5680843,"relics_obtained":[{"floor":7,"key":"Happy Flower"},{"floor":9,"key":"Centennial Puzzle"}],"event_choices":[{"cards_removed":["Strike_B"],"damage_healed":0,"gold_gain":0,"player_choice":"Offered Basic","damage_taken":0,"max_hp_gain":0,"max_hp_loss":0,"event_name":"Bonfire Elementals","floor":2,"gold_loss":0},{"damage_healed":0,"gold_gain":0,"player_choice":"Donut","damage_taken":0,"max_hp_gain":5,"max_hp_loss":0,"event_name":"Big Fish","floor":12,"gold_loss":0}],"is_beta":false,"boss_relics":[],"items_purged_floors":[],"is_endless":false,"potions_floor_spawned":[4,5,7,10,13],"killed_by":"Red Slaver","ascension_level":20}