{"gold_per_floor":[14,28,45,45,56,56,81,81,135,166,91,91,103,120,120,199,199,219,239,20,33,33,33,65,65,65,65,85,103,153,172,172,248,248,261,102,102,114,131,131,162,162,210,242,242,257,257,272,272,272],"floor_reached":50,"playtime":1396,"items_purged":["Strike_B+1"],"score":1118,"play_id":"99ffa6b1-2ad9-4d79-ad35-c91607ded25e","local_time":"20190613022115","is_ascension_mode":true,"campfire_choices":[{"data":"Defragment","floor":6.0,"key":"SMITH"},{"data":"Lockon","floor":8.0,"key":"SMITH"},{"floor":12.0,"key":"REST"},{"floor":15.0,"key":"REST"},{"floor":23.0,"key":"REST"},{"floor":25.0,"key":"REST"},{"floor":27.0,"key":"REST"},{"data":"Static Discharge","floor":32.0,"key":"SMITH"},{"data":"Defragment","floor":40.0,"key":"SMITH"},{"floor":42,"key":"REST"},{"floor":45,"key":"REST"},{"data":"Defragment","floor":47,"key":"SMITH"},{"floor":49,"key":"RECALL"}],"neow_cost":"NO_GOLD","seed_source_timestamp":1484883487099700,"circlet_count":0,"master_deck":["AscendersBane","Defend_B+1","Defend_B+1","Defend_B+1","Zap","Dualcast","Defragment+1","Lockon+1","Static Discharge+1","Tempest","Glacier","BootSequence","Ball Lightning","Conserve Battery","Fission","Conserve Battery+1","Compile Driver+1","Defragment+1","Tempest","Turbo+1","Melter+1","Amplify+1","Defragment+1","Defragment+1","Creative AI","Glacier+1"],"special_seed":0,"relics":["Cracked Core","Art of War","Lantern","Tiny Chest","Happy Flower","Sozu","Membership Card","Smiling Mask","Astrolabe","DollysMirror","DataDisk","Strawberry","Girya"],"potions_floor_usage":[],"damage_taken":[{"damage":1.0,"enemies":"Cultist","floor":1.0,"turns":3.0},{"damage":1.0,"enemies":"2 Louse","floor":2.0,"turns":4.0},{"damage":12.0,"enemies":"Jaw Worm","floor":3.0,"turns":3.0},{"damage":9.0,"enemies":"Blue Slaver","floor":5.0,"turns":4.0},{"damage":11.0,"enemies":"Gremlin Nob","floor":7.0,"turns":3.0},{"damage":9.0,"enemies":"Lagavulin","floor":10.0,"turns":5.0},{"damage":9.0,"enemies":"Lots of Slimes","floor":13.0,"turns":3.0},{"damage":6.0,"enemies":"Exordium Thugs","floor":14.0,"turns":4.0},{"damage":21.0,"enemies":"Slime Boss","floor":16.0,"turns":8.0},{"damage":7.0,"enemies":"2 Thieves","floor":18.0,"turns":4.0},{"damage":9.0,"enemies":"3 Byrds","floor":19.0,"turns":2.0},{"damage":21.0,"enemies":"Sentry and Sphere","floor":21.0,"turns":6.0},{"damage":35.0,"enemies":"Book of Stabbing","floor":24.0,"turns":4.0},{"damage":0.0,"enemies":"Snake Plant","floor":28.0,"turns":3.0},{"damage":5.0,"enemies":"Centurion and Healer","floor":29.0,"turns":7.0},{"damage":14.0,"enemies":"3 Cultists","floor":31.0,"turns":4.0},{"damage":50.0,"enemies":"Champ","floor":33.0,"turns":10.0},{"damage":6.0,"enemies":"Orb Walker","floor":35.0,"turns":2.0},{"damage":31.0,"enemies":"3 Shapes","floor":38.0,"turns":3.0},{"damage":6.0,"enemies":"Writhing Mass","floor":39.0,"turns":5.0},{"damage":55,"enemies":"Giant Head","floor":41,"turns":6},{"damage":17,"enemies":"Nemesis","floor":44,"turns":11},{"damage":0,"enemies":"Maw","floor":46,"turns":5},{"damage":20,"enemies":"Jaw Worm Horde","floor":48,"turns":4},{"damage":48,"enemies":"Awakened One","floor":50,"turns":2}],"seed_played":"6571884647588868643","potions_obtained":[{"floor":1.0,"key":"SpeedPotion"},{"floor":5.0,"key":"Explosive Potion"},{"floor":7.0,"key":"LiquidBronze"},{"floor":16.0,"key":"SpeedPotion"}],"is_trial":false,"path_per_floor":["M","M","M","?","M","R","E","R","T","E","?","R","M","M","R","B",null,"M","M","$","M","?","R","E","R","T","R","M","M","?","M","R","B",null,"M","$","?","M","M","R","E","R","T","E","R","M","R","M","R","B"],"character_chosen":"DEFECT","items_purchased":["Membership Card","DollysMirror"],"campfire_rested":7,"item_purchase_floors":[20,36],"current_hp_per_floor":[77,76,64,53,44,44,33,33,33,24,24,49,40,34,59,38,73,66,57,57,36,36,61,26,51,51,76,76,71,71,57,57,7,66,60,60,95,64,58,58,3,31,38,21,51,51,51,31,31,0],"gold":272,"neow_bonus":"TWENTY_PERCENT_HP_BONUS","is_prod":false,"is_daily":false,"chose_seed":false,"campfire_upgraded":5,"win_rate":0,"timestamp":1560360075,"path_taken":["M","M","M","?","M","R","E","R","T","E","?","R","M","M","R","BOSS","M","M","$","M","?","R","E","R","T","R","M","M","?","?","R","BOSS","M","$","?","?","M","R","E","R","T","E","R","M","R","M","R","BOSS"],"build_version":"2019-01-23","purchased_purges":1,"victory":false,"max_hp_per_floor":[85,85,85,85,85,85,85,85,85,85,85,85,85,85,85,85,85,85,85,85,85,85,85,85,85,85,85,85,85,85,85,85,85,85,85,85,95,95,95,95,95,95,102,102,102,102,102,102,102,102],"card_choices":[{"not_picked":["Sweeping Beam","Barrage"],"picked":"Defragment","floor":1.0},{"not_picked":["Auto Shields","Redo"],"picked":"Lockon","floor":2.0},{"not_picked":["Compile Driver","Barrage"],"picked":"Static Discharge","floor":3.0},{"not_picked":["Recycle","Coolheaded"],"picked":"Tempest","floor":5.0},{"not_picked":["FTL","Defragment"],"picked":"Glacier","floor":7.0},{"not_picked":["Turbo","Static Discharge"],"picked":"BootSequence","floor":10.0},{"not_picked":["Beam Cell","Reprogram"],"picked":"Ball Lightning","floor":13.0},{"not_picked":["Doom and Gloom","Hello World"],"picked":"Conserve Battery","floor":14.0},{"not_picked":["Machine Learning","Seek"],"picked":"Fission","floor":16.0},{"not_picked":["Darkness","Streamline","Leap"],"picked":"SKIP","floor":18.0},{"not_picked":["Rebound+1","Streamline"],"picked":"Conserve Battery+1","floor":19.0},{"not_picked":["Gash","Sunder"],"picked":"Compile Driver+1","floor":21.0},{"not_picked":["Gash","Heatsinks","Compile Driver"],"picked":"SKIP","floor":24.0},{"not_picked":["Coolheaded","Seek"],"picked":"Defragment","floor":28.0},{"not_picked":["Steam","Compile Driver"],"picked":"Tempest","floor":29.0},{"not_picked":["Streamline","Barrage","Gash"],"picked":"SKIP","floor":31.0},{"not_picked":["Machine Learning","Multi-Cast"],"picked":"Biased Cognition","floor":33.0},{"not_picked":["Leap+1","Rip and Tear+1"],"picked":"Defragment","floor":35.0},{"not_picked":["Stack","Rip and Tear","Conserve Battery"],"picked":"SKIP","floor":38.0},{"not_picked":["Streamline","Conserve Battery"],"picked":"Creative AI","floor":39.0},{"not_picked":["All For One","Stack","BootSequence"],"picked":"SKIP","floor":41},{"not_picked":["Compile Driver","Beam Cell","Thunder Strike"],"picked":"SKIP","floor":44},{"not_picked":["Streamline","Compile Driver+1","Fusion"],"picked":"SKIP","floor":46},{"not_picked":["Consume","Gash"],"picked":"Glacier+1","floor":48}],"player_experience":5344202,"relics_obtained":[{"floor":7.0,"key":"Lantern"},{"floor":9.0,"key":"Tiny Chest"},{"floor":10.0,"key":"Happy Flower"},{"floor":24.0,"key":"Smiling Mask"},{"floor":41,"key":"DataDisk"},{"floor":43,"key":"Strawberry"},{"floor":44,"key":"Girya"}],"event_choices":[{"damage_healed":0.0,"max_hp_gain":0.0,"max_hp_loss":0.0,"gold_gain":0.0,"event_name":"Scrap Ooze","player_choice":"Success","floor":4.0,"gold_loss":0.0,"damage_taken":11.0,"relics_obtained":["Art of War"]},{"cards_removed":["Strike_B"],"damage_healed":0.0,"max_hp_gain":0.0,"max_hp_loss":0.0,"gold_gain":0.0,"event_name":"The Cleric","player_choice":"Card Removal","floor":11.0,"gold_loss":75.0,"damage_taken":0.0},{"damage_healed":0.0,"max_hp_gain":0.0,"max_hp_loss":0.0,"gold_gain":0.0,"event_name":"Back to Basics","player_choice":"Simplicity","floor":22.0,"gold_loss":0.0,"damage_taken":0.0,"cards_upgraded":["Strike_B","Strike_B","Strike_B","Defend_B","Defend_B","Defend_B","Defend_B"]},{"damage_healed":0.0,"max_hp_gain":0.0,"max_hp_loss":0.0,"gold_gain":50.0,"event_name":"Golden Shrine","player_choice":"Pray","floor":30.0,"gold_loss":0.0,"damage_taken":0.0},{"cards_removed":["Biased Cognition"],"damage_healed":25.0,"max_hp_gain":10.0,"max_hp_loss":0.0,"gold_gain":0.0,"event_name":"Bonfire Elementals","player_choice":"Offered Rare","floor":37.0,"gold_loss":0.0,"damage_taken":0.0}],"is_beta":false,"boss_relics":[{"not_picked":["Calling Bell","Fusion Hammer"],"picked":"Sozu"},{"not_picked":["Black Star","Velvet Choker"],"picked":"Astrolabe"}],"items_purged_floors":[36],"is_endless":false,"potions_floor_spawned":[1,5,7,16,19,21,28,35,39,48],"killed_by":"Awakened One","ascension_level":20}