{"gold_per_floor":[119,130,142,142,156,42,83,83,133,149,188,188,188,203,203,302,302,320,245,270,47,65,106,158,199,222,262,262,275,275,45,45,138,138,163,163,63,77,410,440,450,450,450,475,494,507,127,158,158,158,158,158,158,33,60,60],"floor_reached":57,"playtime":1712,"items_purged":["Defend_G","Rupture","Defend_G"],"score":3745,"play_id":"e018cd14-7c3f-4c78-9c8d-a3364fb66cba","local_time":"20190720021838","is_ascension_mode":true,"campfire_choices":[{"data":"1","floor":8,"key":"LIFT"},{"data":"2","floor":12,"key":"LIFT"},{"data":"3","floor":15,"key":"LIFT"},{"floor":28,"key":"RECALL"},{"data":"Heavy Blade","floor":30,"key":"SMITH"},{"data":"Neutralize","floor":32,"key":"SMITH"},{"data":"Wraith Form v2","floor":49,"key":"SMITH"},{"data":"Adrenaline","floor":53,"key":"SMITH"}],"neow_cost":"","seed_source_timestamp":800718179768600,"circlet_count":0,"master_deck":["Dark Shackles","J.A.X.","Survivor","Defend_G","Strike_G","Strike_G","Strike_G","Strike_G","Neutralize+1","PiercingWail","Malaise","Spot Weakness","Heavy Blade+1","Flex","Disarm","Juggernaut","Limit Break","Inflame","Demon Form","Riddle With Holes","Malaise","Injury","Endless Agony","Endless Agony","Corpse Explosion","Quick Slash","Adrenaline+1","Corpse Explosion","Calculated Gamble","Endless Agony","Dagger Spray","Calculated Gamble","Concentrate","Skewer+1","Malaise","Backstab","Terror+1","Writhe","Dagger Spray","Wraith Form v2+1","Backstab+1"],"relics":["Ring of the Snake","Vajra","Red Skull","Girya","Shuriken","Sling","Brimstone","Du-Vu Doll","Philosopher\u0027s Stone","Paper Crane","Bag of Marbles","Orichalcum","Bag of Preparation","Coffee Dripper","Potion Belt","Strawberry","Unceasing Top","Bronze Scales","Pen Nib","ClockworkSouvenir","Cursed Key","Lantern","Pantograph","Anchor","Lee\u0027s Waffle","PreservedInsect","Sundial"],"potions_floor_usage":[16,56,56,56],"damage_taken":[{"damage":0,"enemies":"Cultist","floor":1,"turns":2},{"damage":3,"enemies":"2 Louse","floor":2,"turns":2},{"damage":0,"enemies":"Small Slimes","floor":3,"turns":2},{"damage":0,"enemies":"Exordium Thugs","floor":5,"turns":3},{"damage":0,"enemies":"3 Sentries","floor":7,"turns":4},{"damage":2,"enemies":"2 Fungi Beasts","floor":10,"turns":2},{"damage":0,"enemies":"Gremlin Nob","floor":11,"turns":2},{"damage":0,"enemies":"Looter","floor":14,"turns":1},{"damage":18,"enemies":"Hexaghost","floor":16,"turns":3},{"damage":0,"enemies":"3 Byrds","floor":18,"turns":2},{"damage":0,"enemies":"Spheric Guardian","floor":20,"turns":2},{"damage":0,"enemies":"Cultist and Chosen","floor":22,"turns":2},{"damage":0,"enemies":"Book of Stabbing","floor":23,"turns":1},{"damage":0,"enemies":"Slavers","floor":25,"turns":1},{"damage":0,"enemies":"Book of Stabbing","floor":27,"turns":2},{"damage":8,"enemies":"Centurion and Healer","floor":29,"turns":2},{"damage":0,"enemies":"Collector","floor":33,"turns":2},{"damage":0,"enemies":"3 Darklings","floor":35,"turns":1},{"damage":0,"enemies":"Orb Walker","floor":38,"turns":1},{"damage":0,"enemies":"Reptomancer","floor":40,"turns":1},{"damage":0,"enemies":"Transient","floor":41,"turns":5},{"damage":23,"enemies":"Nemesis","floor":44,"turns":3},{"damage":1,"enemies":"Jaw Worm Horde","floor":45,"turns":2},{"damage":0,"enemies":"4 Shapes","floor":46,"turns":1},{"damage":0,"enemies":"Reptomancer","floor":48,"turns":1},{"damage":0,"enemies":"Donu and Deca","floor":50,"turns":2},{"damage":20,"enemies":"Time Eater","floor":51,"turns":5},{"damage":0,"enemies":"Shield and Spear","floor":55,"turns":1},{"damage":1,"enemies":"The Heart","floor":56,"turns":6}],"seed_played":"-5132523165306068393","potions_obtained":[{"floor":2,"key":"Dexterity Potion"},{"floor":7,"key":"GhostInAJar"},{"floor":11,"key":"Block Potion"},{"floor":16,"key":"Fruit Juice"},{"floor":18,"key":"Weak Potion"},{"floor":27,"key":"Regen Potion"},{"floor":33,"key":"Energy Potion"},{"floor":38,"key":"PowerPotion"},{"floor":44,"key":"GhostInAJar"},{"floor":45,"key":"PowerPotion"}],"is_trial":true,"path_per_floor":["M","M","M","?","M","$","E","R","T","M","E","R","?","M","R","B",null,"M","?","M","$","M","E","T","E","T","E","R","M","R","$","R","B",null,"M","?","$","M","?","E","M","?","T","E","M","M","$","E","R","B","B",null,"R","$","E","B",null],"character_chosen":"THE_SILENT","items_purchased":["Endless Agony","Potion Belt","Dagger Spray","ClockworkSouvenir","Lee\u0027s Waffle","Wraith Form v2"],"campfire_rested":0,"item_purchase_floors":[6,21,21,31,47,47],"current_hp_per_floor":[59,56,56,56,56,56,56,56,56,54,54,54,28,28,28,15,57,57,57,57,57,57,64,64,64,64,64,64,56,56,56,56,56,73,73,73,73,73,73,73,73,73,73,50,49,49,85,85,85,85,65,80,80,80,80,84],"gold":60,"neow_bonus":"","is_prod":false,"is_daily":false,"chose_seed":false,"campfire_upgraded":4,"win_rate":0,"timestamp":1563556718,"path_taken":["M","M","M","?","M","$","E","R","T","M","E","R","?","M","R","BOSS","M","?","?","$","M","E","?","E","T","E","R","M","R","$","R","BOSS","M","?","$","M","?","E","M","?","T","E","M","M","$","E","R","BOSS","BOSS","R","$","E","BOSS"],"build_version":"2019-07-17","purchased_purges":3,"victory":true,"max_hp_per_floor":[66,66,66,66,66,66,66,66,66,66,66,66,66,66,66,71,71,71,71,71,71,71,78,78,78,78,78,78,78,78,78,78,78,78,78,78,78,78,78,78,78,78,78,78,78,78,85,85,85,85,85,85,85,85,85,85],"card_choices":[{"not_picked":["Flying Knee","Leg Sweep","Backflip"],"picked":"SKIP","floor":1},{"not_picked":["Underhanded Strike","Infinite Blades"],"picked":"Riddle With Holes","floor":2},{"not_picked":["Deflect","Crippling Poison"],"picked":"Malaise","floor":3},{"not_picked":["Deadly Poison","Noxious Fumes","Flying Knee"],"picked":"SKIP","floor":5},{"not_picked":["Heel Hook","Quick Slash","Infinite Blades"],"picked":"SKIP","floor":7},{"not_picked":["Bane","Dagger Spray"],"picked":"Endless Agony","floor":10},{"not_picked":["Die Die Die","Poisoned Stab"],"picked":"Corpse Explosion","floor":11},{"not_picked":["Underhanded Strike","Dodge and Roll"],"picked":"Quick Slash","floor":14},{"not_picked":["Bullet Time","Unload"],"picked":"Adrenaline","floor":16},{"not_picked":["Quick Slash","Bane","Deadly Poison"],"picked":"SKIP","floor":18},{"not_picked":["Escape Plan","Flying Knee"],"picked":"Endless Agony","floor":20},{"not_picked":["Blade Dance","Dodge and Roll"],"picked":"Calculated Gamble","floor":22},{"not_picked":["Tactician","Prepared","Cloak And Dagger"],"picked":"SKIP","floor":23},{"not_picked":["Outmaneuver","Reflex"],"picked":"Concentrate","floor":25},{"not_picked":["Die Die Die","Noxious Fumes","Flying Knee"],"picked":"SKIP","floor":27},{"not_picked":["Poisoned Stab","Concentrate"],"picked":"Skewer+1","floor":29},{"not_picked":["Glass Knife","Grand Finale"],"picked":"Malaise","floor":33},{"not_picked":["Dodge and Roll","Escape Plan"],"picked":"Backstab","floor":35},{"not_picked":["Sucker Punch","Dagger Throw","Blur+1"],"picked":"SKIP","floor":38},{"not_picked":["Sucker Punch","Dagger Throw","Blur+1"],"picked":"SKIP","floor":38},{"not_picked":["Footwork","PiercingWail","Blur"],"picked":"SKIP","floor":40},{"not_picked":["Concentrate","Distraction"],"picked":"Terror+1","floor":41},{"not_picked":["Infinite Blades","Poisoned Stab+1","Blur"],"picked":"SKIP","floor":44},{"not_picked":["Dodge and Roll","Dagger Spray","Deflect"],"picked":"SKIP","floor":45},{"not_picked":["Dodge and Roll","Deflect"],"picked":"Dagger Spray","floor":45},{"not_picked":["Underhanded Strike","Terror","PiercingWail"],"picked":"SKIP","floor":46},{"not_picked":["Masterful Stab","Prepared"],"picked":"Backstab+1","floor":48},{"not_picked":["Poisoned Stab","Tools of the Trade","Dash"],"picked":"SKIP","floor":55}],"player_experience":5754088,"relics_obtained":[{"floor":7,"key":"Paper Crane"},{"floor":9,"key":"Bag of Marbles"},{"floor":11,"key":"Orichalcum"},{"floor":23,"key":"Strawberry"},{"floor":25,"key":"Unceasing Top"},{"floor":26,"key":"Bronze Scales"},{"floor":27,"key":"Pen Nib"},{"floor":40,"key":"Lantern"},{"floor":43,"key":"Pantograph"},{"floor":44,"key":"Anchor"},{"floor":48,"key":"PreservedInsect"},{"floor":55,"key":"Sundial"}],"event_choices":[{"damage_healed":0,"gold_gain":0,"player_choice":"Take Wound","damage_taken":0,"relics_obtained":["Golden Idol"],"max_hp_gain":0,"max_hp_loss":0,"event_name":"Golden Idol","floor":4,"gold_loss":0,"cards_obtained":["Injury"]},{"damage_healed":0,"gold_gain":0,"player_choice":"Success","damage_taken":26,"relics_obtained":["Bag of Preparation"],"max_hp_gain":0,"max_hp_loss":0,"event_name":"Scrap Ooze","floor":13,"gold_loss":0},{"damage_healed":0,"gold_gain":0,"cards_transformed":["Defend_G","Defend_G"],"player_choice":"Transformed Cards","damage_taken":0,"max_hp_gain":0,"max_hp_loss":0,"event_name":"Designer","floor":19,"gold_loss":75,"cards_obtained":["Corpse Explosion","Calculated Gamble"]},{"cards_removed":["Strike_G"],"damage_healed":0,"gold_gain":0,"player_choice":"Removed Attack","damage_taken":0,"max_hp_gain":0,"max_hp_loss":0,"event_name":"Falling","floor":36,"gold_loss":0},{"damage_healed":0,"gold_gain":333,"player_choice":"Gave Idol","damage_taken":0,"max_hp_gain":0,"max_hp_loss":0,"event_name":"The Moai Head","floor":39,"relics_lost":["Golden Idol"],"gold_loss":0},{"damage_healed":0,"gold_gain":0,"player_choice":"Ignored","damage_taken":0,"max_hp_gain":0,"max_hp_loss":0,"event_name":"Tomb of Lord Red Mask","floor":42,"gold_loss":0}],"is_beta":false,"boss_relics":[{"not_picked":["Snecko Eye","HoveringKite"],"picked":"Coffee Dripper"},{"not_picked":["WristBlade","White Beast Statue"],"picked":"Cursed Key"}],"items_purged_floors":[6,37,54],"is_endless":false,"potions_floor_spawned":[2,7,11,16,18,20,27,33,38,41,44,45,48,55],"ascension_level":20}