{"gold_per_floor":[110,185,185,185,27,27,27,58,58,58,5,21,21,54,54,174,174,189,189,202,218,239,239,278,278,278,291,291,390,390,429,429,559,559,580,802,571,571,592,592,611,645,692,716,1049,178,178,213,213,213],"floor_reached":51,"playtime":2781,"items_purged":["Strike_B","Strike_B"],"score":1056,"play_id":"556c7602-1e39-4f5f-8089-9b6e3cfc1438","local_time":"20190719134855","is_ascension_mode":true,"campfire_choices":[{"data":"Zap","floor":6.0,"key":"SMITH"},{"data":"Defragment","floor":10.0,"key":"SMITH"},{"data":"Doom and Gloom","floor":13.0,"key":"SMITH"},{"floor":15.0,"key":"REST"},{"floor":23.0,"key":"REST"},{"data":"Sweeping Beam","floor":25.0,"key":"SMITH"},{"floor":28.0,"key":"REST"},{"floor":32.0,"key":"REST"},{"data":"Loop","floor":40.0,"key":"SMITH"},{"data":"Capacitor","floor":47.0,"key":"SMITH"},{"floor":49.0,"key":"REST"}],"neow_cost":"NONE","seed_source_timestamp":94879470251100,"circlet_count":0,"master_deck":["Strike_B","Defend_B","Defend_B","Defend_B","Defend_B","Zap+1","Dualcast","All For One","Gash","Doom and Gloom+1","Defragment+1","Hologram","Go for the Eyes","Ball Lightning","Consume+1","Echo Form","Compile Driver+1","Conserve Battery+1","Sweeping Beam+1","Steam","Reinforced Body+1","Reboot","Self Repair+1","Darkness+1","Loop+1","Steam","Coolheaded+1","Coolheaded+1","Reinforced Body+1","Redo+1","Capacitor+1"],"special_seed":0,"relics":["Cracked Core","Pear","Cables","Symbiotic Virus","Vajra","Sozu","Dodecahedron","Matryoshka","Enchiridion","Red Mask","Orrery","PreservedInsect","Smiling Mask","Dream Catcher","Bronze Scales","StoneCalendar","HandDrill","Ornamental Fan","Regal Pillow"],"potions_floor_usage":[50],"damage_taken":[{"damage":0.0,"enemies":"2 Louse","floor":1.0,"turns":2.0},{"damage":20.0,"enemies":"Lagavulin","floor":8.0,"turns":5.0},{"damage":0.0,"enemies":"Jaw Worm","floor":12.0,"turns":3.0},{"damage":25.0,"enemies":"3 Sentries","floor":14.0,"turns":4.0},{"damage":25.0,"enemies":"Hexaghost","floor":16.0,"turns":6.0},{"damage":23.0,"enemies":"Shell Parasite","floor":18.0,"turns":4.0},{"damage":6.0,"enemies":"3 Byrds","floor":20.0,"turns":3.0},{"damage":1.0,"enemies":"Centurion and Healer","floor":21.0,"turns":3.0},{"damage":15.0,"enemies":"Shelled Parasite and Fungi","floor":22.0,"turns":4.0},{"damage":0.0,"enemies":"Gremlin Leader","floor":24.0,"turns":4.0},{"damage":0.0,"enemies":"3 Cultists","floor":27.0,"turns":3.0},{"damage":7.0,"enemies":"Masked Bandits","floor":31.0,"turns":3.0},{"damage":39.0,"enemies":"Collector","floor":33.0,"turns":7.0},{"damage":0.0,"enemies":"3 Shapes","floor":35.0,"turns":6.0},{"damage":8.0,"enemies":"Orb Walker","floor":39.0,"turns":5.0},{"damage":10.0,"enemies":"Spire Growth","floor":41.0,"turns":4.0},{"damage":14.0,"enemies":"Giant Head","floor":42.0,"turns":7.0},{"damage":0.0,"enemies":"Maw","floor":44.0,"turns":5.0},{"damage":43.0,"enemies":"Reptomancer","floor":48.0,"turns":4.0},{"damage":25,"enemies":"Time Eater","floor":50,"turns":7}],"seed_played":"-167639200151291574","potions_obtained":[{"floor":1.0,"key":"Dexterity Potion"},{"floor":8.0,"key":"PowerPotion"},{"floor":14.0,"key":"EssenceOfSteel"},{"floor":16.0,"key":"Strength Potion"}],"is_trial":false,"path_per_floor":["M","?","?","?","$","R","?","E","T","R","$","M","R","E","R","B",null,"M","?","M","M","M","R","E","R","T","M","R","?","?","?","R","B",null,"M","?","$","?","M","R","M","E","T","M","?","$","R","E","R","B",null],"character_chosen":"DEFECT","items_purchased":["Doom and Gloom","Defragment","Go for the Eyes","PreservedInsect","Capacitor","StoneCalendar","HandDrill","Ornamental Fan"],"campfire_rested":5,"item_purchase_floors":[5,5,11,37,46,46,46,46],"current_hp_per_floor":[68,57,64,57,57,57,57,37,37,37,37,37,37,12,35,10,62,39,39,33,32,17,40,40,40,40,40,63,63,47,40,63,24,65,79,79,79,79,79,79,79,79,79,79,79,79,79,36,74,49],"gold":213,"neow_bonus":"ONE_RANDOM_RARE_CARD","is_prod":false,"is_daily":false,"chose_seed":false,"campfire_upgraded":6,"win_rate":0,"timestamp":1563558535,"path_taken":["M","?","?","?","?","R","?","E","T","R","?","M","R","E","R","BOSS","M","?","M","?","M","R","E","R","T","M","R","?","?","?","R","BOSS","M","?","$","?","M","R","?","E","T","M","?","$","R","E","R","BOSS"],"build_version":"2019-07-17","purchased_purges":2,"victory":true,"max_hp_per_floor":[75,75,85,85,85,85,79,79,79,79,79,79,79,79,79,79,79,79,79,79,79,79,79,79,79,79,79,79,79,79,79,79,79,79,79,79,79,79,79,79,79,79,79,79,79,79,79,79,79,79],"card_choices":[{"not_picked":["Defragment","Barrage"],"picked":"Gash","floor":1.0},{"not_picked":["Lockon","Conserve Battery"],"picked":"Hologram","floor":8.0},{"not_picked":["Hologram","Stack"],"picked":"Ball Lightning","floor":12.0},{"not_picked":["Chill","Leap"],"picked":"Consume","floor":14.0},{"not_picked":["Hyperbeam","Machine Learning"],"picked":"Echo Form","floor":16.0},{"not_picked":["Fusion","Beam Cell","Go for the Eyes"],"picked":"SKIP","floor":18.0},{"not_picked":["Stack","Storm+1"],"picked":"Compile Driver+1","floor":20.0},{"not_picked":["Streamline","Machine Learning"],"picked":"Conserve Battery+1","floor":21.0},{"not_picked":["Hologram","Chaos"],"picked":"Sweeping Beam","floor":22.0},{"not_picked":["Sweeping Beam","Aggregate"],"picked":"Steam","floor":24.0},{"not_picked":["Darkness","Hello World+1"],"picked":"Reinforced Body+1","floor":27.0},{"not_picked":["Fission","Amplify"],"picked":"Reboot","floor":33.0},{"not_picked":["Compile Driver","BootSequence"],"picked":"Self Repair+1","floor":34.0},{"not_picked":["Melter+1","Hologram"],"picked":"Darkness+1","floor":34.0},{"not_picked":["Rebound","Streamline"],"picked":"Loop","floor":34.0},{"not_picked":["Auto Shields","Streamline"],"picked":"Steam","floor":34.0},{"not_picked":["Fusion","Consume"],"picked":"Coolheaded+1","floor":35.0},{"not_picked":["Compile Driver+1","Gash"],"picked":"Reinforced Body+1","floor":39.0},{"not_picked":["Streamline+1","Stack","Cold Snap"],"picked":"SKIP","floor":41.0},{"not_picked":["Conserve Battery","Turbo+1","Aggregate+1"],"picked":"SKIP","floor":42.0},{"not_picked":["Electrodynamics","Genetic Algorithm+1"],"picked":"Redo+1","floor":44.0},{"not_picked":["Loop","Turbo","Stack"],"picked":"SKIP","floor":48.0}],"player_experience":267197,"relics_obtained":[{"floor":8.0,"key":"Cables"},{"floor":9.0,"key":"Symbiotic Virus"},{"floor":14.0,"key":"Vajra"},{"floor":24.0,"key":"Dodecahedron"},{"floor":26.0,"key":"Matryoshka"},{"floor":30.0,"key":"Enchiridion"},{"floor":31.0,"key":"Red Mask"},{"floor":42.0,"key":"Smiling Mask"},{"floor":43.0,"key":"Dream Catcher"},{"floor":43.0,"key":"Bronze Scales"},{"floor":48.0,"key":"Regal Pillow"}],"event_choices":[{"damage_healed":0.0,"max_hp_gain":0.0,"max_hp_loss":0.0,"gold_gain":75.0,"event_name":"World of Goop","player_choice":"Gather Gold","floor":2.0,"gold_loss":0.0,"damage_taken":11.0},{"damage_healed":0.0,"max_hp_gain":0.0,"max_hp_loss":0.0,"gold_gain":0.0,"event_name":"Scrap Ooze","player_choice":"Success","floor":3.0,"gold_loss":0.0,"damage_taken":3.0,"relics_obtained":["Pear"]},{"cards_removed":["Strike_B"],"damage_healed":0.0,"max_hp_gain":0.0,"max_hp_loss":0.0,"gold_gain":0.0,"event_name":"Golden Wing","player_choice":"Card Removal","floor":4.0,"gold_loss":0.0,"damage_taken":7.0},{"damage_healed":0.0,"max_hp_gain":0.0,"max_hp_loss":6.0,"gold_gain":0.0,"event_name":"Golden Idol","player_choice":"Lose Max HP","floor":7.0,"gold_loss":0.0,"damage_taken":0.0,"relics_obtained":["Golden Idol"]},{"damage_healed":0.0,"max_hp_gain":0.0,"max_hp_loss":0.0,"gold_gain":0.0,"event_name":"Upgrade Shrine","player_choice":"Upgraded","floor":19.0,"gold_loss":0.0,"damage_taken":0.0,"cards_upgraded":["Consume"]},{"damage_healed":0.0,"max_hp_gain":0.0,"max_hp_loss":0.0,"gold_gain":99.0,"event_name":"Nest","player_choice":"Stole From Cult","floor":29.0,"gold_loss":0.0,"damage_taken":0.0},{"damage_healed":0.0,"max_hp_gain":0.0,"max_hp_loss":0.0,"gold_gain":0.0,"event_name":"Cursed Tome","player_choice":"Obtained Book","floor":30.0,"gold_loss":0.0,"damage_taken":16.0},{"damage_healed":0.0,"max_hp_gain":0.0,"max_hp_loss":0.0,"gold_gain":0.0,"event_name":"Masked Bandits","player_choice":"Fought Bandits","floor":31.0,"gold_loss":0.0,"damage_taken":0.0},{"damage_healed":0.0,"max_hp_gain":0.0,"max_hp_loss":0.0,"gold_gain":222.0,"event_name":"Tomb of Lord Red Mask","player_choice":"Wore Mask","floor":36.0,"gold_loss":0.0,"damage_taken":0.0},{"damage_healed":0.0,"max_hp_gain":0.0,"max_hp_loss":0.0,"gold_gain":0.0,"event_name":"Duplicator","player_choice":"Copied","floor":38.0,"gold_loss":0.0,"damage_taken":0.0,"cards_obtained":["Coolheaded"]},{"damage_healed":0.0,"max_hp_gain":0.0,"max_hp_loss":0.0,"gold_gain":333.0,"event_name":"The Moai Head","player_choice":"Gave Idol","floor":45.0,"relics_lost":["Golden Idol"],"gold_loss":0.0,"damage_taken":0.0}],"is_beta":false,"boss_relics":[{"not_picked":["Pandora\u0027s Box","White Beast Statue"],"picked":"Sozu"},{"not_picked":["Runic Dome","Black Star"],"picked":"Orrery"}],"items_purged_floors":[37,46],"is_endless":false,"potions_floor_spawned":[1,8,14,16,18,24,27,33,35,41,42,48],"ascension_level":7}