{"gold_per_floor":[109,128,128,128,151,187,187,226,226,226,301,339,360,380,380,380],"floor_reached":16,"playtime":604,"items_purged":[],"score":265,"play_id":"791a5a8a-9f3b-4f8c-925f-2369e8758eca","local_time":"20190324235237","is_ascension_mode":true,"campfire_choices":[{"floor":7,"key":"REST"},{"floor":10,"key":"REST"},{"data":"Armaments","floor":15,"key":"SMITH"}],"neow_cost":"PERCENT_DAMAGE","seed_source_timestamp":950423196602000,"circlet_count":0,"master_deck":["AscendersBane","Strike_R","Strike_R","Strike_R","Strike_R","Strike_R","Defend_R","Defend_R","Defend_R","Defend_R","Bash","Inflame","Armaments+1","Shockwave","Cleave","Disarm","Barricade","Feel No Pain","Ghostly Armor"],"relics":["Burning Blood","Golden Idol","Ginger","Pear","Gremlin Horn","Mercury Hourglass"],"potions_floor_usage":[12,16],"damage_taken":[{"damage":1,"enemies":"Small Slimes","floor":1,"turns":5},{"damage":9,"enemies":"2 Louse","floor":2,"turns":4},{"damage":4,"enemies":"Jaw Worm","floor":5,"turns":5},{"damage":71,"enemies":"Lagavulin","floor":6,"turns":10},{"damage":40,"enemies":"3 Sentries","floor":8,"turns":7},{"damage":22,"enemies":"Gremlin Nob","floor":12,"turns":4},{"damage":2,"enemies":"3 Louse","floor":13,"turns":2},{"damage":3,"enemies":"2 Fungi Beasts","floor":14,"turns":2},{"damage":36,"enemies":"Hexaghost","floor":16,"turns":10}],"seed_played":"704263503897190403","potions_obtained":[{"floor":1,"key":"FairyPotion"},{"floor":5,"key":"Ancient Potion"},{"floor":12,"key":"FearPotion"}],"is_trial":false,"path_per_floor":["M","M","?","?","M","E","R","E","T","R","?","E","M","M","R","B"],"character_chosen":"IRONCLAD","items_purchased":[],"campfire_rested":2,"item_purchase_floors":[],"current_hp_per_floor":[69,66,71,71,73,8,33,24,24,52,41,25,29,32,32,0],"gold":380,"neow_bonus":"TWENTY_PERCENT_HP_BONUS","is_prod":false,"is_daily":false,"chose_seed":false,"campfire_upgraded":1,"win_rate":0,"timestamp":1553439157,"path_taken":["M","M","?","?","M","E","R","E","T","R","?","E","M","M","R","BOSS"],"build_version":"2019-01-23","purchased_purges":0,"victory":false,"max_hp_per_floor":[89,89,94,85,85,85,85,95,95,95,95,95,95,95,95,95],"card_choices":[{"not_picked":["Sever Soul","Entrench"],"picked":"Inflame","floor":1},{"not_picked":["Iron Wave","Searing Blow"],"picked":"Armaments","floor":2},{"not_picked":["True Grit","Corruption"],"picked":"Shockwave","floor":5},{"not_picked":["Thunderclap","Havoc"],"picked":"Cleave","floor":6},{"not_picked":["True Grit","Sword Boomerang"],"picked":"Disarm","floor":8},{"not_picked":["True Grit","Bloodletting"],"picked":"Barricade","floor":12},{"not_picked":["Clothesline","Headbutt"],"picked":"Feel No Pain","floor":13},{"not_picked":["Flex","Thunderclap"],"picked":"Ghostly Armor","floor":14}],"player_experience":4614941,"relics_obtained":[{"floor":6,"key":"Ginger"},{"floor":8,"key":"Pear"},{"floor":9,"key":"Gremlin Horn"},{"floor":12,"key":"Mercury Hourglass"}],"event_choices":[{"damage_healed":0,"gold_gain":0,"player_choice":"Donut","damage_taken":0,"max_hp_gain":5,"max_hp_loss":0,"event_name":"Big Fish","floor":3,"gold_loss":0},{"damage_healed":0,"gold_gain":0,"player_choice":"Lose Max HP","damage_taken":0,"relics_obtained":["Golden Idol"],"max_hp_gain":0,"max_hp_loss":9,"event_name":"Golden Idol","floor":4,"gold_loss":0},{"damage_healed":0,"gold_gain":75,"player_choice":"Gather Gold","damage_taken":11,"max_hp_gain":0,"max_hp_loss":0,"event_name":"World of Goop","floor":11,"gold_loss":0}],"is_beta":false,"boss_relics":[],"items_purged_floors":[],"is_endless":false,"potions_floor_spawned":[1,5,12],"killed_by":"Hexaghost","ascension_level":20}