{"gold_per_floor":[114,114,138,138,138,138,181,196,196,220,233,233,408,443,443,443],"floor_reached":16,"playtime":485,"items_purged":[],"score":116,"play_id":"c707cee3-c500-44ca-b2d9-f7838c5aba41","local_time":"20190720141428","is_ascension_mode":true,"campfire_choices":[{"floor":6,"key":"RECALL"},{"floor":12,"key":"REST"},{"floor":15,"key":"REST"}],"neow_cost":"NONE","seed_source_timestamp":850490460129500,"circlet_count":0,"master_deck":["Strike_B","Strike_B","Strike_B","Strike_B","Defend_B","Defend_B","Defend_B","Defend_B","Zap","Dualcast","Stack","Injury","BootSequence","Static Discharge","Force Field","Capacitor","Recycle","Doubt","Electrodynamics"],"relics":["Cracked Core","Golden Idol","Ornamental Fan","Unceasing Top","Anchor"],"potions_floor_usage":[7,7,14,14,14],"damage_taken":[{"damage":1,"enemies":"Cultist","floor":1,"turns":4},{"damage":0,"enemies":"2 Louse","floor":3,"turns":2},{"damage":35,"enemies":"Lagavulin","floor":7,"turns":7},{"damage":2,"enemies":"Jaw Worm","floor":8,"turns":4},{"damage":2,"enemies":"Blue Slaver","floor":10,"turns":5},{"damage":17,"enemies":"Red Slaver","floor":11,"turns":5},{"damage":44,"enemies":"3 Sentries","floor":14,"turns":7},{"damage":31,"enemies":"Slime Boss","floor":16,"turns":8}],"seed_played":"6726327805944225454","potions_obtained":[{"floor":3,"key":"Poison Potion"},{"floor":5,"key":"LiquidBronze"},{"floor":5,"key":"PowerPotion"},{"floor":5,"key":"SteroidPotion"},{"floor":7,"key":"Energy Potion"},{"floor":11,"key":"FearPotion"}],"is_trial":false,"path_per_floor":["M","?","M","?","?","R","E","M","T","M","M","R","?","E","R","B"],"character_chosen":"DEFECT","items_purchased":[],"campfire_rested":2,"item_purchase_floors":[],"current_hp_per_floor":[81,81,81,78,78,78,43,41,41,39,22,46,46,2,26,0],"gold":443,"neow_bonus":"TEN_PERCENT_HP_BONUS","is_prod":false,"is_daily":false,"chose_seed":false,"campfire_upgraded":0,"win_rate":0,"timestamp":1563650068,"path_taken":["M","?","M","?","?","R","E","M","T","?","M","R","?","E","R","BOSS"],"build_version":"2019-07-17","purchased_purges":0,"victory":false,"max_hp_per_floor":[82,82,82,82,82,82,82,82,82,82,82,82,82,82,82,82],"card_choices":[{"not_picked":["Streamline","Compile Driver"],"picked":"Stack","floor":1},{"not_picked":["Hologram","Beam Cell"],"picked":"BootSequence","floor":3},{"not_picked":["Echo Form","Aggregate"],"picked":"Static Discharge","floor":7},{"not_picked":["Conserve Battery","Sweeping Beam"],"picked":"Force Field","floor":8},{"not_picked":["FTL","Coolheaded"],"picked":"Capacitor","floor":10},{"not_picked":["Stack","Darkness"],"picked":"Recycle","floor":11},{"not_picked":["Loop","Compile Driver"],"picked":"Electrodynamics","floor":14}],"player_experience":115358,"relics_obtained":[{"floor":7,"key":"Unceasing Top"},{"floor":14,"key":"Anchor"}],"event_choices":[{"damage_healed":0,"gold_gain":0,"player_choice":"Take Wound","damage_taken":0,"relics_obtained":["Golden Idol"],"max_hp_gain":0,"max_hp_loss":0,"event_name":"Golden Idol","floor":2,"gold_loss":0,"cards_obtained":["Injury"]},{"damage_healed":0,"gold_gain":0,"player_choice":"Success","damage_taken":3,"relics_obtained":["Ornamental Fan"],"max_hp_gain":0,"max_hp_loss":0,"event_name":"Scrap Ooze","floor":4,"gold_loss":0},{"damage_healed":0,"gold_gain":0,"player_choice":"Got Potions","damage_taken":0,"max_hp_gain":0,"max_hp_loss":0,"event_name":"Lab","floor":5,"gold_loss":0},{"damage_healed":0,"gold_gain":175,"player_choice":"AGREE","damage_taken":0,"max_hp_gain":0,"max_hp_loss":0,"event_name":"Liars Game","floor":13,"gold_loss":0,"cards_obtained":["Doubt"]}],"is_beta":false,"boss_relics":[],"items_purged_floors":[],"is_endless":false,"potions_floor_spawned":[3,7,11],"killed_by":"Slime Boss","ascension_level":1}