{"gold_per_floor":[112,124,136,155,155,186,186,217,217,14,81,81,106,56,56,130,130,149,199,53,64,214,214,232,264,287,314,324,355,355,87,87,166,166,176,326,336,386,402,402,417,417,441,441,452,483,493,196,196,196,196,196,196,23,57,57],"floor_reached":57,"playtime":3162,"items_purged":["Rebound","Rebound","Hologram","Rebound"],"score":3145,"play_id":"0aaa27d5-a348-4d77-afee-0f74a030cd9f","local_time":"20190702021313","is_ascension_mode":true,"campfire_choices":[{"data":"Buffer","floor":7,"key":"SMITH"},{"data":"Beam Cell","floor":12,"key":"SMITH"},{"data":"Defragment","floor":15,"key":"SMITH"},{"data":"Turbo","floor":23,"key":"SMITH"},{"data":"Finesse","floor":30,"key":"SMITH"},{"data":"Go for the Eyes","floor":32,"key":"SMITH"},{"floor":40,"key":"RECALL"},{"data":"Consume","floor":42,"key":"SMITH"},{"data":"Capacitor","floor":44,"key":"SMITH"},{"data":"Coolheaded","floor":49,"key":"SMITH"},{"data":"Echo Form","floor":53,"key":"SMITH"}],"neow_cost":"","seed_source_timestamp":0,"circlet_count":0,"master_deck":["Dualcast","Zap","Hologram","Hologram","Hologram","Rebound+1","Glacier","Leap","Undo","Ball Lightning+1","Buffer+1","Defragment+1","Go for the Eyes+1","All For One","Turbo+1","Capacitor+1","Finesse+1","Gash","Echo Form","BootSequence","Echo Form+1","Consume+1","Hologram+1","Coolheaded+1"],"relics":["Cracked Core","SsserpentHead","Omamori","Ancient Tea Set","Tiny Chest","Mummified Hand","Cursed Key","Mango","Singing Bowl","Bottled Tornado","Boot","Oddly Smooth Stone","Bag of Preparation","Membership Card","Lizard Tail","Calipers","Whetstone","Happy Flower","Anchor","OrangePellets","Ornamental Fan","Dodecahedron"],"potions_floor_usage":[6,16,22,24,46,51,56,56],"damage_taken":[{"damage":9,"enemies":"Jaw Worm","floor":1,"turns":2},{"damage":6,"enemies":"Cultist","floor":2,"turns":3},{"damage":0,"enemies":"2 Louse","floor":3,"turns":2},{"damage":0,"enemies":"Blue Slaver","floor":4,"turns":5},{"damage":7,"enemies":"3 Sentries","floor":6,"turns":6},{"damage":0,"enemies":"Lagavulin","floor":8,"turns":6},{"damage":0,"enemies":"2 Fungi Beasts","floor":11,"turns":4},{"damage":0,"enemies":"Gremlin Nob","floor":13,"turns":4},{"damage":4,"enemies":"Hexaghost","floor":16,"turns":9},{"damage":0,"enemies":"Chosen","floor":18,"turns":3},{"damage":0,"enemies":"2 Thieves","floor":21,"turns":3},{"damage":0,"enemies":"Colosseum Slavers","floor":22,"turns":6},{"damage":0,"enemies":"Colosseum Nobs","floor":22,"turns":2},{"damage":0,"enemies":"Chosen and Byrds","floor":24,"turns":6},{"damage":0,"enemies":"Book of Stabbing","floor":25,"turns":4},{"damage":0,"enemies":"Gremlin Leader","floor":27,"turns":8},{"damage":0,"enemies":"Sentry and Sphere","floor":28,"turns":6},{"damage":14,"enemies":"Book of Stabbing","floor":29,"turns":5},{"damage":0,"enemies":"Champ","floor":33,"turns":10},{"damage":0,"enemies":"3 Shapes","floor":35,"turns":3},{"damage":0,"enemies":"Mind Bloom Boss Battle","floor":36,"turns":5},{"damage":0,"enemies":"3 Darklings","floor":37,"turns":6},{"damage":20,"enemies":"Transient","floor":39,"turns":6},{"damage":0,"enemies":"Maw","floor":41,"turns":7},{"damage":0,"enemies":"Jaw Worm Horde","floor":45,"turns":6},{"damage":0,"enemies":"Giant Head","floor":46,"turns":10},{"damage":0,"enemies":"Writhing Mass","floor":47,"turns":9},{"damage":26,"enemies":"Donu and Deca","floor":50,"turns":14},{"damage":3,"enemies":"Awakened One","floor":51,"turns":17},{"damage":12,"enemies":"Shield and Spear","floor":55,"turns":9},{"damage":5,"enemies":"The Heart","floor":56,"turns":14}],"seed_played":"-7989282384500168363","potions_obtained":[{"floor":1,"key":"Dexterity Potion"},{"floor":3,"key":"PowerPotion"},{"floor":6,"key":"Strength Potion"},{"floor":16,"key":"Ancient Potion"},{"floor":22,"key":"FocusPotion"},{"floor":27,"key":"Fire Potion"},{"floor":45,"key":"Energy Potion"},{"floor":46,"key":"Strength Potion"}],"is_trial":true,"path_per_floor":["M","M","M","M","?","E","R","E","T","$","M","R","E","$","R","B",null,"M","?","$","M","?","R","M","E","T","E","M","E","R","$","R","B",null,"M","?","M","?","M","R","M","R","T","R","M","E","M","$","R","B","B",null,"R","$","E","B",null],"character_chosen":"DEFECT","items_purchased":["Tiny Chest","Capacitor","Finesse","Membership Card","BootSequence","Anchor","Coolheaded","OrangePellets","Ornamental Fan","GamblersBrew"],"campfire_rested":0,"item_purchase_floors":[10,20,20,31,31,48,48,48,54,54],"current_hp_per_floor":[55,49,49,49,49,42,42,42,42,42,42,42,42,42,42,38,63,63,63,63,63,79,79,79,79,79,81,83,71,71,71,71,71,88,90,90,92,92,74,74,74,74,74,74,76,78,80,80,80,54,51,92,92,92,82,77],"gold":57,"neow_bonus":"","is_prod":false,"is_daily":false,"chose_seed":false,"campfire_upgraded":10,"win_rate":0,"timestamp":1562001193,"path_taken":["M","M","M","M","?","E","R","E","T","$","?","R","E","?","R","BOSS","M","?","$","M","?","R","M","E","T","E","M","E","R","?","R","BOSS","M","?","M","?","M","R","M","R","T","R","M","E","M","$","R","BOSS","BOSS","R","$","E","BOSS"],"build_version":"2019-01-23","purchased_purges":4,"victory":true,"max_hp_per_floor":[71,71,71,71,71,71,71,71,71,71,71,71,71,71,71,71,71,71,71,71,71,87,87,87,87,87,89,91,93,93,93,93,93,93,95,95,97,97,99,99,99,99,99,99,101,103,105,105,105,105,105,105,105,105,107,107],"card_choices":[{"not_picked":["Go for the Eyes","Rebound"],"picked":"Glacier","floor":1},{"not_picked":["Doom and Gloom","Force Field"],"picked":"Leap","floor":2},{"not_picked":["Aggregate","Steam"],"picked":"Undo","floor":3},{"not_picked":["Compile Driver","Hologram"],"picked":"Ball Lightning","floor":4},{"not_picked":["Melter","Double Energy"],"picked":"Buffer","floor":6},{"not_picked":["Hologram","Fusion"],"picked":"Defragment","floor":8},{"not_picked":["Barrage","Sweeping Beam"],"picked":"Beam Cell","floor":11},{"not_picked":["Reinforced Body","Barrage"],"picked":"Go for the Eyes","floor":13},{"not_picked":["Fission","Rainbow"],"picked":"All For One","floor":16},{"not_picked":["Recycle","Consume"],"picked":"Turbo","floor":18},{"not_picked":["White Noise","Conserve Battery","Chaos"],"picked":"SKIP","floor":21},{"not_picked":["Reinforced Body","Auto Shields","Streamline"],"picked":"Singing Bowl","floor":22},{"not_picked":["Chaos","Ball Lightning"],"picked":"Gash","floor":24},{"not_picked":["Streamline","Cold Snap"],"picked":"Echo Form","floor":25},{"not_picked":["Streamline","Hello World+1","Glacier"],"picked":"Singing Bowl","floor":27},{"not_picked":["Lockon+1","Beam Cell","Turbo"],"picked":"Singing Bowl","floor":28},{"not_picked":["Sweeping Beam","Barrage","Compile Driver+1"],"picked":"Singing Bowl","floor":29},{"not_picked":["Thunder Strike","Multi-Cast"],"picked":"Echo Form","floor":33},{"not_picked":["Cold Snap+1","Gash","Steam"],"picked":"Singing Bowl","floor":35},{"not_picked":["Conserve Battery","Compile Driver"],"picked":"Consume","floor":36},{"not_picked":["Aggregate","Lockon+1","Leap"],"picked":"Singing Bowl","floor":37},{"not_picked":["Compile Driver","Go for the Eyes+1","Leap"],"picked":"Singing Bowl","floor":39},{"not_picked":["Chill+1","Amplify"],"picked":"Hologram+1","floor":41},{"not_picked":["Leap","Reprogram","Cold Snap"],"picked":"Singing Bowl","floor":45},{"not_picked":["Leap","Turbo","Rebound"],"picked":"Singing Bowl","floor":46},{"not_picked":["Conserve Battery","Reprogram","Beam Cell"],"picked":"Singing Bowl","floor":47},{"not_picked":["Leap","Aggregate","Fusion+1"],"picked":"Singing Bowl","floor":55}],"player_experience":5550111,"relics_obtained":[{"floor":6,"key":"Omamori"},{"floor":8,"key":"Ancient Tea Set"},{"floor":13,"key":"Mummified Hand"},{"floor":22,"key":"Mango"},{"floor":22,"key":"Singing Bowl"},{"floor":25,"key":"Bottled Tornado"},{"floor":26,"key":"Boot"},{"floor":27,"key":"Oddly Smooth Stone"},{"floor":29,"key":"Bag of Preparation"},{"floor":36,"key":"Calipers"},{"floor":43,"key":"Whetstone"},{"floor":46,"key":"Happy Flower"},{"floor":55,"key":"Dodecahedron"}],"event_choices":[{"damage_healed":0,"gold_gain":0,"player_choice":"Trade","damage_taken":0,"relics_obtained":["SsserpentHead"],"max_hp_gain":0,"max_hp_loss":0,"event_name":"FaceTrader","floor":5,"gold_loss":0},{"damage_healed":0,"gold_gain":0,"player_choice":"Ignored","damage_taken":0,"max_hp_gain":0,"max_hp_loss":0,"event_name":"Vampires","floor":19,"gold_loss":0},{"damage_healed":0,"gold_gain":0,"player_choice":"Fight","damage_taken":0,"max_hp_gain":0,"max_hp_loss":0,"event_name":"Colosseum","floor":22,"gold_loss":0},{"damage_healed":0,"gold_gain":0,"player_choice":"Fought Nobs","damage_taken":0,"max_hp_gain":0,"max_hp_loss":0,"event_name":"Colosseum","floor":22,"gold_loss":0},{"damage_healed":0,"gold_gain":0,"player_choice":"Fight","damage_taken":0,"max_hp_gain":0,"max_hp_loss":0,"event_name":"MindBloom","floor":36,"gold_loss":0},{"cards_removed":["Beam Cell"],"damage_healed":0,"gold_gain":0,"player_choice":"Removed Attack","damage_taken":0,"max_hp_gain":0,"max_hp_loss":0,"event_name":"Falling","floor":38,"gold_loss":0}],"is_beta":false,"boss_relics":[{"not_picked":["Runic Dome","Orrery"],"picked":"Cursed Key"},{"not_picked":["Snecko Eye","Tiny House"],"picked":"Lizard Tail"}],"items_purged_floors":[10,14,31,48],"is_endless":false,"potions_floor_spawned":[1,3,6,16,21,22,27,29,33,39,45,46],"ascension_level":20}