{"gold_per_floor":[15,15,90,110,110,110,143,143,143,160,49,63,28,58,58,132,132,148,59,59,74,91,91,101,101,101,101,101,22,56,56,56,56],"floor_reached":33,"playtime":808,"items_purged":["Strike_G","Strike_G","Strike_G"],"score":542,"play_id":"10b01edc-5f55-48ef-930d-9a4a431a200d","local_time":"20190605193449","is_ascension_mode":true,"campfire_choices":[{"data":"Dagger Spray","floor":6,"key":"SMITH"},{"floor":8,"key":"REST"},{"data":"Terror","floor":15,"key":"SMITH"},{"floor":23,"key":"REST"},{"data":"A Thousand Cuts","floor":25,"key":"SMITH"},{"floor":27,"key":"REST"},{"floor":32,"key":"REST"}],"neow_cost":"NO_GOLD","seed_source_timestamp":856351354820600,"circlet_count":0,"master_deck":["AscendersBane","Defend_G","Defend_G","Defend_G","Survivor","Neutralize","Backstab","Endless Agony","Dagger Spray+1","Dagger Throw","Bouncing Flask","Predator","Backstab","Terror+1","A Thousand Cuts+1","Well Laid Plans","Heel Hook","Crippling Poison","PiercingWail","Cloak And Dagger","Corpse Explosion","Slice"],"relics":["Ring of the Snake","Blue Candle","Pear","Smiling Mask","White Beast Statue","Question Card","Dream Catcher"],"potions_floor_usage":[16,16,18,22,30,30],"damage_taken":[{"damage":0,"enemies":"2 Louse","floor":1,"turns":3},{"damage":0,"enemies":"Small Slimes","floor":4,"turns":2},{"damage":32,"enemies":"Gremlin Nob","floor":7,"turns":4},{"damage":0,"enemies":"Jaw Worm","floor":10,"turns":2},{"damage":0,"enemies":"2 Fungi Beasts","floor":12,"turns":1},{"damage":30,"enemies":"Lagavulin","floor":14,"turns":4},{"damage":12,"enemies":"Slime Boss","floor":16,"turns":8},{"damage":15,"enemies":"Spheric Guardian","floor":18,"turns":4},{"damage":27,"enemies":"2 Thieves","floor":21,"turns":4},{"damage":6,"enemies":"Snecko","floor":22,"turns":3},{"damage":13,"enemies":"Centurion and Healer","floor":24,"turns":6},{"damage":27,"enemies":"Book of Stabbing","floor":30,"turns":5},{"damage":88,"enemies":"Collector","floor":33,"turns":6}],"seed_played":"949030975964102925","potions_obtained":[{"floor":7,"key":"Block Potion"},{"floor":10,"key":"GhostInAJar"},{"floor":16,"key":"SkillPotion"},{"floor":18,"key":"GamblersBrew"},{"floor":21,"key":"Block Potion"},{"floor":22,"key":"Block Potion"},{"floor":30,"key":"FearPotion"}],"is_trial":false,"path_per_floor":["M","$","?","M","?","R","E","R","T","M","$","M","?","E","R","B",null,"M","$","?","M","M","R","M","R","T","R","?","$","E","?","R","B"],"character_chosen":"THE_SILENT","items_purchased":["Predator","Heel Hook","PiercingWail"],"campfire_rested":4,"item_purchase_floors":[11,19,29],"current_hp_per_floor":[59,59,48,48,53,53,21,42,52,52,52,52,72,42,42,30,68,53,53,53,26,20,44,31,31,31,55,55,55,28,28,52,0],"gold":56,"neow_bonus":"TRANSFORM_TWO_CARDS","is_prod":false,"is_daily":false,"chose_seed":false,"campfire_upgraded":3,"win_rate":0,"timestamp":1559730889,"path_taken":["M","$","?","M","?","R","E","R","T","M","?","M","?","E","R","BOSS","M","$","?","M","M","R","M","R","T","R","?","?","E","?","R","BOSS"],"build_version":"2019-01-23","purchased_purges":3,"victory":false,"max_hp_per_floor":[66,66,66,66,71,71,71,71,81,81,81,81,81,81,81,81,81,81,81,81,81,81,81,81,81,81,81,81,81,81,81,81,81],"card_choices":[{"not_picked":["Bane","Backflip"],"picked":"Dagger Spray","floor":1},{"not_picked":["Poisoned Stab","Distraction"],"picked":"Dagger Throw","floor":4},{"not_picked":["Bane","Calculated Gamble"],"picked":"Bouncing Flask","floor":7},{"not_picked":["Sucker Punch","Blade Dance","Poisoned Stab"],"picked":"SKIP","floor":10},{"not_picked":["Bane","Expertise"],"picked":"Backstab","floor":12},{"not_picked":["Finisher","Endless Agony"],"picked":"Terror","floor":14},{"not_picked":["Unload","Tools of the Trade"],"picked":"A Thousand Cuts","floor":16},{"not_picked":["Accuracy","Reflex"],"picked":"Well Laid Plans","floor":18},{"not_picked":["Dagger Throw","Accuracy+1","Bane"],"picked":"SKIP","floor":21},{"not_picked":["Underhanded Strike","Dagger Throw","Cloak And Dagger"],"picked":"SKIP","floor":22},{"not_picked":["Underhanded Strike","Dash"],"picked":"Crippling Poison","floor":24},{"not_picked":["Dash","Predator","Blade Dance"],"picked":"Cloak And Dagger","floor":30}],"player_experience":5265719,"relics_obtained":[{"floor":7,"key":"Blue Candle"},{"floor":9,"key":"Pear"},{"floor":14,"key":"Smiling Mask"},{"floor":26,"key":"Question Card"},{"floor":30,"key":"Dream Catcher"}],"event_choices":[{"damage_healed":0,"gold_gain":75,"player_choice":"Gather Gold","damage_taken":11,"max_hp_gain":0,"max_hp_loss":0,"event_name":"World of Goop","floor":3,"gold_loss":0},{"damage_healed":0,"gold_gain":0,"player_choice":"Donut","damage_taken":0,"max_hp_gain":5,"max_hp_loss":0,"event_name":"Big Fish","floor":5,"gold_loss":0},{"damage_healed":20,"gold_gain":0,"player_choice":"Healed","damage_taken":0,"max_hp_gain":0,"max_hp_loss":0,"event_name":"The Cleric","floor":13,"gold_loss":35},{"damage_healed":0,"gold_gain":0,"player_choice":"Ignored","damage_taken":0,"max_hp_gain":0,"max_hp_loss":0,"event_name":"Ghosts","floor":20,"gold_loss":0},{"damage_healed":0,"gold_gain":0,"player_choice":"Ignored","damage_taken":0,"max_hp_gain":0,"max_hp_loss":0,"event_name":"The Mausoleum","floor":28,"gold_loss":0},{"damage_healed":0,"gold_gain":0,"cards_transformed":["Strike_G","Defend_G"],"player_choice":"Became Test Subject","damage_taken":0,"max_hp_gain":0,"max_hp_loss":0,"event_name":"Drug Dealer","floor":31,"gold_loss":0,"cards_obtained":["Corpse Explosion","Slice"]}],"is_beta":false,"boss_relics":[{"not_picked":["HoveringKite","Black Star"],"picked":"White Beast Statue"}],"items_purged_floors":[11,19,29],"is_endless":false,"potions_floor_spawned":[7,10,12,16,18,21,22,24,30],"killed_by":"Collector","ascension_level":20}