{"gold_per_floor":[113,113,113,113,136,167,192,192,238,238,253,278,296,316,316,316],"floor_reached":16,"playtime":1006,"items_purged":[],"score":114,"play_id":"56c94387-443d-409f-8f54-c452ae4864f0","local_time":"20190204204050","is_ascension_mode":true,"campfire_choices":[{"data":"Rampage","floor":8,"key":"SMITH"},{"floor":10,"key":"REST"},{"floor":15,"key":"REST"}],"neow_cost":"TEN_PERCENT_HP_LOSS","seed_source_timestamp":100211066458229,"circlet_count":0,"master_deck":["Strike_R","Strike_R+1","Strike_R","Strike_R","Strike_R","Defend_R","Defend_R","Defend_R","Defend_R","Bash","Finesse","Finesse+1","Pommel Strike","Injury","Decay","Iron Wave","Rampage+1","Burning Pact","Pommel Strike","Double Tap","Clothesline"],"relics":["Burning Blood","Golden Idol","Pen Nib","Lantern"],"potions_floor_usage":[13,16,16,16],"damage_taken":[{"damage":10,"enemies":"Jaw Worm","floor":1,"turns":4},{"damage":2,"enemies":"2 Louse","floor":5,"turns":2},{"damage":39,"enemies":"Gremlin Nob","floor":6,"turns":5},{"damage":1,"enemies":"Cultist","floor":7,"turns":3},{"damage":11,"enemies":"Blue Slaver","floor":11,"turns":2},{"damage":9,"enemies":"3 Louse","floor":12,"turns":4},{"damage":13,"enemies":"Lots of Slimes","floor":13,"turns":4},{"damage":10,"enemies":"Large Slime","floor":14,"turns":5},{"damage":73,"enemies":"Slime Boss","floor":16,"turns":9}],"seed_played":"-403033446672304652","potions_obtained":[{"floor":1,"key":"SkillPotion"},{"floor":6,"key":"SteroidPotion"},{"floor":7,"key":"SkillPotion"},{"floor":14,"key":"Regen Potion"}],"is_trial":false,"path_per_floor":["M","?","?","?","M","E","M","R","T","R","M","M","M","M","R","B"],"character_chosen":"IRONCLAD","items_purchased":[],"campfire_rested":2,"item_purchase_floors":[],"current_hp_per_floor":[68,68,54,54,58,25,30,30,30,51,46,43,36,32,53,0],"gold":316,"neow_bonus":"RANDOM_COLORLESS_2","is_prod":false,"is_daily":false,"chose_seed":false,"campfire_upgraded":1,"win_rate":0,"timestamp":1549330850,"path_taken":["M","?","?","?","M","E","M","R","T","R","M","?","M","M","R","BOSS"],"build_version":"2019-01-23","purchased_purges":0,"victory":false,"max_hp_per_floor":[72,72,72,72,72,72,72,72,72,72,72,72,72,72,72,72],"card_choices":[{"not_picked":["Warcry","Corruption"],"picked":"Pommel Strike","floor":1},{"not_picked":["Flame Barrier","Evolve"],"picked":"Iron Wave","floor":5},{"not_picked":["Corruption","Thunderclap"],"picked":"Rampage","floor":6},{"not_picked":["Headbutt","Pommel Strike"],"picked":"Burning Pact","floor":7},{"not_picked":["Sentinel","Iron Wave","Twin Strike"],"picked":"SKIP","floor":11},{"not_picked":["Clash","Wild Strike"],"picked":"Pommel Strike","floor":12},{"not_picked":["Iron Wave","Entrench"],"picked":"Double Tap","floor":13},{"not_picked":["Thunderclap","Flex"],"picked":"Clothesline","floor":14}],"player_experience":92648,"relics_obtained":[{"floor":6,"key":"Pen Nib"},{"floor":9,"key":"Lantern"}],"event_choices":[{"damage_healed":0,"gold_gain":0,"player_choice":"Take Wound","damage_taken":0,"relics_obtained":["Golden Idol"],"max_hp_gain":0,"max_hp_loss":0,"event_name":"Golden Idol","floor":2,"gold_loss":0,"cards_obtained":["Injury"]},{"damage_healed":0,"gold_gain":0,"player_choice":"Entered Light","damage_taken":14,"max_hp_gain":0,"max_hp_loss":0,"event_name":"Shining Light","floor":3,"gold_loss":0,"cards_upgraded":["Strike_R","Finesse"]},{"damage_healed":0,"gold_gain":0,"player_choice":"Cursed","damage_taken":0,"max_hp_gain":0,"max_hp_loss":0,"event_name":"Wheel of Change","floor":4,"gold_loss":0,"cards_obtained":["Decay"]}],"is_beta":false,"boss_relics":[],"items_purged_floors":[],"is_endless":false,"potions_floor_spawned":[1,6,7,11,14],"killed_by":"Slime Boss","ascension_level":2}