{"gold_per_floor":[110,110,110,35,35,46,80,100,130,130,163,33,47,67,67,145,145,161,161,180,80,92,92],"floor_reached":23,"playtime":551,"items_purged":["Strike_B","Strike_B"],"score":452,"play_id":"bee2c5f5-78a2-4e06-ade9-3e645f98e427","local_time":"20190619233243","is_ascension_mode":true,"campfire_choices":[{"data":"Sunder","floor":10,"key":"SMITH"},{"data":"Beam Cell","floor":15,"key":"SMITH"}],"neow_cost":"NONE","seed_source_timestamp":103875840838400,"circlet_count":0,"master_deck":["AscendersBane","Defend_B","Defend_B","Zap","Dualcast","Beam Cell+1","Chill","Undo","Sunder+1","Reinforced Body","Rebound","Lockon","Streamline","Seek","Compile Driver","FTL"],"relics":["Cracked Core","NeowsBlessing","Symbiotic Virus","Bag of Marbles","Tiny Chest","Blue Candle","Empty Cage"],"potions_floor_usage":[16,23],"damage_taken":[{"damage":0,"enemies":"2 Louse","floor":1,"turns":1},{"damage":0,"enemies":"Small Slimes","floor":6,"turns":1},{"damage":0,"enemies":"Gremlin Nob","floor":7,"turns":1},{"damage":0,"enemies":"Jaw Worm","floor":8,"turns":2},{"damage":8,"enemies":"Lagavulin","floor":11,"turns":6},{"damage":0,"enemies":"3 Louse","floor":13,"turns":2},{"damage":0,"enemies":"Gremlin Gang","floor":14,"turns":3},{"damage":4,"enemies":"Slime Boss","floor":16,"turns":7},{"damage":30,"enemies":"Shell Parasite","floor":18,"turns":5},{"damage":0,"enemies":"Spheric Guardian","floor":20,"turns":3},{"damage":5,"enemies":"Centurion and Healer","floor":22,"turns":5},{"damage":39,"enemies":"Gremlin Leader","floor":23,"turns":4}],"seed_played":"-1277555349449370769","potions_obtained":[{"floor":6,"key":"FocusPotion"},{"floor":7,"key":"SteroidPotion"},{"floor":16,"key":"Dexterity Potion"},{"floor":19,"key":"Fire Potion"},{"floor":19,"key":"EssenceOfSteel"}],"is_trial":false,"path_per_floor":["M","?","?","?","?","M","E","M","T","R","E","$","M","M","R","B",null,"M","?","M","$","M","E"],"character_chosen":"DEFECT","items_purchased":["Rebound"],"campfire_rested":0,"item_purchase_floors":[12],"current_hp_per_floor":[64,64,59,59,59,59,59,59,59,59,51,51,51,51,51,47,65,35,35,35,35,30,0],"gold":92,"neow_bonus":"THREE_ENEMY_KILL","is_prod":false,"is_daily":false,"chose_seed":false,"campfire_upgraded":2,"win_rate":0,"timestamp":1560954763,"path_taken":["M","?","?","?","?","M","E","M","T","R","E","$","?","M","R","BOSS","M","?","M","$","M","E"],"build_version":"2019-01-23","purchased_purges":2,"victory":false,"max_hp_per_floor":[71,71,71,71,71,71,71,71,71,71,71,71,71,71,71,71,71,71,71,71,71,71,71],"card_choices":[{"not_picked":["Go for the Eyes","Turbo"],"picked":"Beam Cell","floor":1},{"not_picked":["Capacitor","Conserve Battery"],"picked":"Chill","floor":6},{"not_picked":["Go for the Eyes","Chill"],"picked":"Undo","floor":7},{"not_picked":["Barrage","Blizzard"],"picked":"Sunder","floor":8},{"not_picked":["Amplify","Aggregate"],"picked":"Reinforced Body","floor":11},{"not_picked":["Coolheaded","Beam Cell","Lockon"],"picked":"SKIP","floor":13},{"not_picked":["Coolheaded","Beam Cell"],"picked":"Lockon","floor":13},{"not_picked":["Hologram","Compile Driver"],"picked":"Streamline","floor":14},{"not_picked":["Amplify","Machine Learning"],"picked":"Seek","floor":16},{"not_picked":["Ball Lightning","Barrage+1"],"picked":"Compile Driver","floor":18},{"not_picked":["Lockon","Rip and Tear"],"picked":"FTL","floor":20},{"not_picked":["Beam Cell","Blizzard","Streamline"],"picked":"SKIP","floor":22}],"player_experience":5416661,"relics_obtained":[{"floor":7,"key":"Bag of Marbles"},{"floor":9,"key":"Tiny Chest"},{"floor":11,"key":"Blue Candle"}],"event_choices":[{"cards_removed":["Strike_B"],"damage_healed":0,"gold_gain":0,"player_choice":"Forget","damage_taken":0,"max_hp_gain":0,"max_hp_loss":0,"event_name":"Living Wall","floor":2,"gold_loss":0},{"damage_healed":0,"gold_gain":0,"player_choice":"Success","damage_taken":5,"relics_obtained":["Symbiotic Virus"],"max_hp_gain":0,"max_hp_loss":0,"event_name":"Scrap Ooze","floor":3,"gold_loss":0},{"cards_removed":["Defend_B"],"damage_healed":0,"gold_gain":0,"player_choice":"Card Removal","damage_taken":0,"max_hp_gain":0,"max_hp_loss":0,"event_name":"The Cleric","floor":4,"gold_loss":75},{"damage_healed":0,"gold_gain":0,"player_choice":"Ignored","damage_taken":0,"max_hp_gain":0,"max_hp_loss":0,"event_name":"Liars Game","floor":5,"gold_loss":0},{"damage_healed":0,"gold_gain":0,"player_choice":"Got Potions","damage_taken":0,"max_hp_gain":0,"max_hp_loss":0,"event_name":"Lab","floor":19,"gold_loss":0}],"is_beta":false,"boss_relics":[{"not_picked":["Velvet Choker","Runic Pyramid"],"picked":"Empty Cage"}],"items_purged_floors":[12,21],"is_endless":false,"potions_floor_spawned":[6,7,14,16,22],"killed_by":"Gremlin Leader","ascension_level":20}