{"gold_per_floor":[110,128,148,166,166,166,177,208,208,208,208,223,254,8,8,82,82,100,112,123,38,48,48,82,82,82,82,97,129,146,164,164,164],"floor_reached":33,"playtime":1188,"items_purged":[],"score":627,"play_id":"67ce51ab-9b57-46ac-b12c-f9d37d65fc9f","local_time":"20190603030225","is_ascension_mode":true,"campfire_choices":[{"data":"Quick Slash","floor":6,"key":"SMITH"},{"data":"Glass Knife","floor":11,"key":"SMITH"},{"data":"Masterful Stab","floor":15,"key":"SMITH"},{"data":"Poisoned Stab","floor":23,"key":"SMITH"},{"data":"Neutralize","floor":27,"key":"SMITH"},{"floor":32,"key":"REST"}],"neow_cost":"NONE","seed_source_timestamp":623621874292500,"circlet_count":0,"master_deck":["AscendersBane","Defend_G","Defend_G","Defend_G","Defend_G","Defend_G","Strike_G","Strike_G","Strike_G","Strike_G","Survivor","Neutralize+1","Masterful Stab+1","Infinite Blades","Poisoned Stab+1","Quick Slash+1","Endless Agony","Glass Knife+1","Predator","PiercingWail","Leg Sweep","Adrenaline","Deflect+1","Deflect+1","Deadly Poison+1","Escape Plan+1","Dodge and Roll+1"],"relics":["Ring of the Snake","Strawberry","Dodecahedron","Mango","Thread and Needle","PreservedInsect","Membership Card","White Beast Statue","Ancient Tea Set","Toxic Egg 2","Kunai","Juzu Bracelet"],"potions_floor_usage":[7,13,16,19,19,24,24,29,29,31,33],"damage_taken":[{"damage":0,"enemies":"2 Louse","floor":1,"turns":3},{"damage":5,"enemies":"Small Slimes","floor":2,"turns":4},{"damage":0,"enemies":"Cultist","floor":3,"turns":3},{"damage":3,"enemies":"Blue Slaver","floor":4,"turns":4},{"damage":6,"enemies":"Lots of Slimes","floor":7,"turns":3},{"damage":19,"enemies":"3 Sentries","floor":8,"turns":8},{"damage":5,"enemies":"2 Fungi Beasts","floor":12,"turns":2},{"damage":11,"enemies":"Lagavulin","floor":13,"turns":4},{"damage":18,"enemies":"Hexaghost","floor":16,"turns":9},{"damage":14,"enemies":"Chosen","floor":18,"turns":4},{"damage":4,"enemies":"Spheric Guardian","floor":19,"turns":6},{"damage":0,"enemies":"Centurion and Healer","floor":20,"turns":4},{"damage":3,"enemies":"Snake Plant","floor":22,"turns":5},{"damage":13,"enemies":"Book of Stabbing","floor":24,"turns":5},{"damage":3,"enemies":"Sentry and Sphere","floor":28,"turns":7},{"damage":14,"enemies":"Gremlin Leader","floor":29,"turns":6},{"damage":4,"enemies":"Snecko","floor":30,"turns":4},{"damage":12,"enemies":"Cultist and Chosen","floor":31,"turns":5},{"damage":73,"enemies":"Champ","floor":33,"turns":20}],"seed_played":"4558014348354739739","potions_obtained":[{"floor":1,"key":"SteroidPotion"},{"floor":2,"key":"FearPotion"},{"floor":8,"key":"Poison Potion"},{"floor":16,"key":"Regen Potion"},{"floor":18,"key":"Regen Potion"},{"floor":19,"key":"SpeedPotion"},{"floor":20,"key":"SkillPotion"},{"floor":22,"key":"Strength Potion"},{"floor":24,"key":"Fire Potion"},{"floor":28,"key":"Poison Potion"},{"floor":29,"key":"Poison Potion"},{"floor":30,"key":"GamblersBrew"},{"floor":31,"key":"Explosive Potion"}],"is_trial":false,"path_per_floor":["M","M","M","M","?","R","M","E","T","?","R","M","E","$","R","B",null,"M","M","M","?","M","R","E","?","T","R","M","E","M","M","R","B"],"character_chosen":"THE_SILENT","items_purchased":["Membership Card","FearPotion"],"campfire_rested":1,"item_purchase_floors":[14,14],"current_hp_per_floor":[59,54,54,51,47,47,41,22,36,36,36,31,20,20,20,2,66,52,87,87,87,84,84,71,71,71,71,68,54,50,38,64,0],"gold":164,"neow_bonus":"THREE_CARDS","is_prod":false,"is_daily":false,"chose_seed":false,"campfire_upgraded":5,"win_rate":0,"timestamp":1559498545,"path_taken":["M","M","M","M","?","R","M","E","T","?","R","M","E","$","R","BOSS","M","?","M","?","M","R","E","?","T","R","M","E","M","M","R","BOSS"],"build_version":"2019-01-23","purchased_purges":0,"victory":false,"max_hp_per_floor":[66,66,66,66,73,73,73,73,87,87,87,87,87,87,87,87,87,87,87,87,87,87,87,87,87,87,87,87,87,87,87,87,87],"card_choices":[{"not_picked":["Infinite Blades","Poisoned Stab"],"picked":"Masterful Stab","floor":0},{"not_picked":["Underhanded Strike","Caltrops"],"picked":"Infinite Blades","floor":1},{"not_picked":["Distraction","Reflex"],"picked":"Poisoned Stab","floor":2},{"not_picked":["Blur","Sucker Punch"],"picked":"Quick Slash","floor":3},{"not_picked":["Slice","Blade Dance"],"picked":"Endless Agony","floor":4},{"not_picked":["Prepared","Quick Slash"],"picked":"Glass Knife","floor":7},{"not_picked":["Masterful Stab","Reflex"],"picked":"Predator","floor":8},{"not_picked":["Acrobatics","Flying Knee"],"picked":"PiercingWail","floor":12},{"not_picked":["Calculated Gamble","Cloak And Dagger"],"picked":"Leg Sweep","floor":13},{"not_picked":["Venomology","Burst"],"picked":"Adrenaline","floor":16},{"not_picked":["Bane","Prepared","Accuracy"],"picked":"SKIP","floor":18},{"not_picked":["Flechettes","Reflex","Cloak And Dagger"],"picked":"SKIP","floor":19},{"not_picked":["Dagger Spray","Cloak And Dagger","Slice"],"picked":"SKIP","floor":20},{"not_picked":["Dagger Throw","Storm of Steel","Dodge and Roll"],"picked":"SKIP","floor":22},{"not_picked":["Flying Knee","Poisoned Stab"],"picked":"Deflect","floor":24},{"not_picked":["Poisoned Stab","Distraction+1"],"picked":"Deflect+1","floor":28},{"not_picked":["Quick Slash","Infinite Blades"],"picked":"Deadly Poison+1","floor":29},{"not_picked":["Tactician+1","Deflect+1"],"picked":"Escape Plan+1","floor":30},{"not_picked":["Wraith Form v2","PiercingWail+1"],"picked":"Dodge and Roll+1","floor":31}],"player_experience":5254120,"relics_obtained":[{"floor":8,"key":"Dodecahedron"},{"floor":9,"key":"Mango"},{"floor":13,"key":"PreservedInsect"},{"floor":24,"key":"Toxic Egg 2"},{"floor":26,"key":"Kunai"},{"floor":29,"key":"Juzu Bracelet"}],"event_choices":[{"damage_healed":0,"gold_gain":0,"player_choice":"Success","damage_taken":11,"relics_obtained":["Strawberry"],"max_hp_gain":0,"max_hp_loss":0,"event_name":"Scrap Ooze","floor":5,"gold_loss":0},{"damage_healed":0,"gold_gain":0,"player_choice":"Gave Potion","damage_taken":0,"relics_obtained":["Thread and Needle"],"max_hp_gain":0,"max_hp_loss":0,"event_name":"WeMeetAgain","floor":10,"gold_loss":0},{"damage_healed":0,"gold_gain":0,"player_choice":"Obtained Relic","damage_taken":0,"relics_obtained":["Ancient Tea Set"],"max_hp_gain":0,"max_hp_loss":0,"event_name":"Addict","floor":21,"gold_loss":85},{"cards_removed":["Strike_G"],"damage_healed":0,"gold_gain":0,"player_choice":"Purged","damage_taken":0,"max_hp_gain":0,"max_hp_loss":0,"event_name":"Purifier","floor":25,"gold_loss":0}],"is_beta":false,"boss_relics":[{"not_picked":["HoveringKite","Ring of the Serpent"],"picked":"White Beast Statue"}],"items_purged_floors":[],"is_endless":false,"potions_floor_spawned":[1,2,3,8,16,18,19,20,22,24,28,29,30,31],"killed_by":"Champ","ascension_level":20}