{"gold_per_floor":[118,130,180,191,207,207,240,240,266,299,331,16,44,56,56,133,133,148,159,159,159,159,159,178,210,210,228,228,242,270,290,290,365,365,383,19,19,19,33,33],"floor_reached":40,"playtime":1584,"items_purged":[],"score":950,"play_id":"525d8b18-d384-4537-995a-1640513de3dc","local_time":"20190626030054","is_ascension_mode":true,"campfire_choices":[{"data":"Beam Cell","floor":6.0,"key":"SMITH"},{"data":"Defragment","floor":15.0,"key":"SMITH"},{"floor":23,"key":"REST"},{"floor":28,"key":"REST"},{"floor":32,"key":"REST"}],"neow_cost":"NONE","seed_source_timestamp":633728871855600,"circlet_count":0,"master_deck":["AscendersBane","Dualcast","Cold Snap","Melter","Beam Cell+1","Melter+1","Rebound","Conserve Battery","Coolheaded+1","Defragment+1","Conserve Battery+1","Reboot+1","Beam Cell","Sunder","Hyperbeam","Meteor Strike","Thunder Strike","Cold Snap","Buffer","Hyperbeam","Genetic Algorithm+1","Leap+1","Turbo+1","Heatsinks+1","Biased Cognition","Undo+1","Fission+1","Chaos+1","Hologram+1"],"special_seed":0,"relics":["Cracked Core","Juzu Bracelet","Vajra","Whetstone","MawBank","Toxic Egg 2","Regal Pillow","Pandora\u0027s Box","Nilry\u0027s Codex","Bronze Scales","Bottled Lightning","Strawberry","Nuclear Battery","Dead Branch"],"potions_floor_usage":[24,25,38],"damage_taken":[{"damage":0.0,"enemies":"Cultist","floor":1.0,"turns":3.0},{"damage":7.0,"enemies":"Jaw Worm","floor":2.0,"turns":4.0},{"damage":1.0,"enemies":"2 Louse","floor":4.0,"turns":3.0},{"damage":1.0,"enemies":"Looter","floor":5.0,"turns":2.0},{"damage":35.0,"enemies":"Gremlin Nob","floor":7.0,"turns":4.0},{"damage":17.0,"enemies":"3 Sentries","floor":10.0,"turns":7.0},{"damage":2.0,"enemies":"Red Slaver","floor":11.0,"turns":2.0},{"damage":7.0,"enemies":"Gremlin Nob","floor":13.0,"turns":3.0},{"damage":13.0,"enemies":"Large Slime","floor":14.0,"turns":5.0},{"damage":5.0,"enemies":"Hexaghost","floor":16.0,"turns":9.0},{"damage":0.0,"enemies":"3 Byrds","floor":18.0,"turns":2.0},{"damage":0.0,"enemies":"Chosen","floor":19.0,"turns":5.0},{"damage":17,"enemies":"Snake Plant","floor":24,"turns":3},{"damage":42,"enemies":"Book of Stabbing","floor":25,"turns":5},{"damage":0,"enemies":"3 Cultists","floor":27,"turns":3},{"damage":26,"enemies":"Snecko","floor":29,"turns":5},{"damage":0,"enemies":"Gremlin Leader","floor":30,"turns":5},{"damage":8,"enemies":"Snake Plant","floor":31,"turns":4},{"damage":18,"enemies":"Champ","floor":33,"turns":13},{"damage":0,"enemies":"3 Shapes","floor":35,"turns":11},{"damage":0,"enemies":"3 Darklings","floor":38,"turns":2},{"damage":0,"enemies":"Jaw Worm Horde","floor":39,"turns":3},{"damage":90,"enemies":"Reptomancer","floor":40,"turns":6}],"seed_played":"4661503377356696007","potions_obtained":[{"floor":2.0,"key":"Fire Potion"},{"floor":4.0,"key":"AttackPotion"},{"floor":7.0,"key":"FocusPotion"},{"floor":13.0,"key":"LiquidBronze"},{"floor":16.0,"key":"Fire Potion"},{"floor":18.0,"key":"SkillPotion"},{"floor":19.0,"key":"Poison Potion"},{"floor":22,"key":"AttackPotion"},{"floor":22,"key":"Fire Potion"},{"floor":29,"key":"Ancient Potion"},{"floor":33,"key":"SmokeBomb"}],"is_trial":false,"path_per_floor":["M","M","?","M","M","R","E","?","T","E","M","$","E","M","R","B",null,"M","M","?","?","?","R","M","E","T","M","R","M","E","M","R","B",null,"M","$","?","M","M","E"],"character_chosen":"DEFECT","items_purchased":["Toxic Egg 2","Coolheaded+1","Dead Branch","Chaos+1"],"campfire_rested":3,"item_purchase_floors":[12,12,36,36],"current_hp_per_floor":[64,57,57,56,55,55,20,71,71,54,52,52,45,32,32,27,60,60,60,60,39,39,71,54,12,12,12,48,22,29,21,59,41,69,69,69,69,69,69,0],"gold":33,"neow_bonus":"RANDOM_COMMON_RELIC","is_prod":false,"is_daily":false,"chose_seed":false,"campfire_upgraded":2,"win_rate":0,"timestamp":1561485654,"path_taken":["M","M","?","M","M","R","E","?","T","E","M","?","E","M","R","BOSS","M","M","?","?","?","R","M","E","T","M","R","M","E","M","R","BOSS","M","$","?","M","M","E"],"build_version":"2019-01-23","purchased_purges":0,"victory":false,"max_hp_per_floor":[71,71,71,71,71,71,71,71,71,71,71,71,71,71,71,71,71,71,71,71,71,71,71,71,71,71,71,71,71,78,78,78,78,78,78,78,78,78,78,78],"card_choices":[{"not_picked":["Reprogram","Capacitor"],"picked":"Cold Snap","floor":1.0},{"not_picked":["Turbo","Rebound"],"picked":"Melter","floor":2.0},{"not_picked":["Leap","Go for the Eyes"],"picked":"Beam Cell","floor":4.0},{"not_picked":["Barrage","Force Field"],"picked":"Capacitor","floor":5.0},{"not_picked":["Redo","Thunder Strike"],"picked":"Melter","floor":7.0},{"not_picked":["Turbo","Beam Cell"],"picked":"Rebound","floor":10.0},{"not_picked":["Steam","Tempest"],"picked":"Conserve Battery","floor":11.0},{"not_picked":["Storm","Recycle+1"],"picked":"Defragment","floor":13.0},{"not_picked":["Glacier+1","Reinforced Body+1"],"picked":"Conserve Battery+1","floor":14.0},{"not_picked":["Buffer","Thunder Strike"],"picked":"Reboot+1","floor":16.0},{"not_picked":["Beam Cell","Streamline","Sunder"],"picked":"SKIP","floor":18.0},{"not_picked":["Steam Power+1","Redo+1","Heatsinks"],"picked":"SKIP","floor":19.0},{"not_picked":["Gash","Leap+1"],"picked":"Genetic Algorithm+1","floor":24},{"not_picked":["Beam Cell","Chaos+1"],"picked":"Leap+1","floor":25},{"not_picked":["Go for the Eyes","Self Repair"],"picked":"Turbo+1","floor":27},{"not_picked":["Go for the Eyes","Beam Cell+1"],"picked":"Heatsinks+1","floor":29},{"not_picked":["FTL","Streamline"],"picked":"Biased Cognition","floor":30},{"not_picked":["FTL","Gash"],"picked":"Undo+1","floor":31},{"not_picked":["Buffer","Rainbow+1"],"picked":"Fission+1","floor":33},{"not_picked":["Cold Snap","Streamline","Scrape"],"picked":"SKIP","floor":35},{"not_picked":["Coolheaded+1","Streamline"],"picked":"Hologram+1","floor":39}],"player_experience":5494736,"relics_obtained":[{"floor":7.0,"key":"Vajra"},{"floor":9.0,"key":"Whetstone"},{"floor":10.0,"key":"MawBank"},{"floor":13.0,"key":"Regal Pillow"},{"floor":21,"key":"Nilry\u0027s Codex"},{"floor":25,"key":"Bronze Scales"},{"floor":26,"key":"Bottled Lightning"},{"floor":30,"key":"Strawberry"}],"event_choices":[{"damage_healed":0.0,"max_hp_gain":0.0,"max_hp_loss":0.0,"gold_gain":50.0,"event_name":"Golden Shrine","player_choice":"Pray","floor":3.0,"gold_loss":0.0,"damage_taken":0.0},{"cards_removed":["Capacitor"],"damage_healed":51.0,"max_hp_gain":0.0,"max_hp_loss":0.0,"gold_gain":0.0,"event_name":"Bonfire Elementals","player_choice":"Offered Uncommon","floor":8.0,"gold_loss":0.0,"damage_taken":0.0},{"damage_healed":0,"gold_gain":0,"player_choice":"Ignored","damage_taken":0,"max_hp_gain":0,"max_hp_loss":0,"event_name":"The Mausoleum","floor":20,"gold_loss":0},{"damage_healed":0,"gold_gain":0,"player_choice":"Obtained Book","damage_taken":21,"max_hp_gain":0,"max_hp_loss":0,"event_name":"Cursed Tome","floor":21,"gold_loss":0},{"damage_healed":0,"gold_gain":0,"player_choice":"Got Potions","damage_taken":0,"max_hp_gain":0,"max_hp_loss":0,"event_name":"Lab","floor":22,"gold_loss":0},{"cards_removed":["Zap"],"damage_healed":0,"gold_gain":0,"player_choice":"Removed Skill","damage_taken":0,"max_hp_gain":0,"max_hp_loss":0,"event_name":"Falling","floor":37,"gold_loss":0}],"is_beta":false,"boss_relics":[{"not_picked":["Velvet Choker","Black Star"],"picked":"Pandora\u0027s Box"},{"not_picked":["Orrery","Philosopher\u0027s Stone"],"picked":"Nuclear Battery"}],"items_purged_floors":[],"is_endless":false,"potions_floor_spawned":[2,4,7,13,16,18,19,29,33,38],"killed_by":"Reptomancer","ascension_level":20}