{"gold_per_floor":[109,122,138,213,232,258,258,274,297,297,42,72,72,89,89,167,167,183,199,249,249,268,268,302,302,329,358,376,376,436,436,436,514,514,529,529,529,271,283,283,316,316,342,185,195,195,229,248,248,248,248,248,248,32,60,60],"floor_reached":57,"playtime":2206,"items_purged":["Strike_R","Strike_R","Defend_R","Defend_R"],"score":2856,"play_id":"1266e4dd-2e8f-4c1a-b317-ed962ef8b6b8","local_time":"20190619033055","is_ascension_mode":true,"campfire_choices":[{"data":"Armaments","floor":7.0,"key":"SMITH"},{"floor":10.0,"key":"REST"},{"data":"Heavy Blade","floor":13.0,"key":"SMITH"},{"data":"Demon Form","floor":15.0,"key":"SMITH"},{"floor":23.0,"key":"REST"},{"floor":25.0,"key":"REST"},{"floor":29.0,"key":"REST"},{"floor":32.0,"key":"REST"},{"floor":40.0,"key":"REST"},{"floor":42.0,"key":"RECALL"},{"data":"Feel No Pain","floor":49.0,"key":"SMITH"},{"floor":53.0,"key":"REST"}],"neow_cost":"","seed_source_timestamp":25415970301900,"circlet_count":0,"master_deck":["Wraith Form v2","Bash+1","Defend_R","Defend_R","Demon Form+1","Echo Form","Armaments+1","Creative AI","Immolate+1","Heavy Blade+1","The Bomb","Ghostly Armor+1","Armaments+1","Double Tap+1","Infinite Blades","BootSequence+1","Necronomicurse","Feel No Pain+1","Power Through","Backflip+1","Bludgeon","Conserve Battery","Blur","Dual Wield"],"special_seed":0,"relics":["Burning Blood","Snecko Eye","PrismaticShard","Blood Vial","Lantern","Bronze Scales","Astrolabe","Potion Belt","Whetstone","Matryoshka","Tiny Chest","Necronomicon","White Beast Statue","Ancient Tea Set","Anchor","Boot","Smiling Mask","Art of War","Bag of Preparation","Happy Flower","Oddly Smooth Stone"],"potions_floor_usage":[56,56,56,56],"damage_taken":[{"damage":1.0,"enemies":"Small Slimes","floor":1.0,"turns":3.0},{"damage":1.0,"enemies":"Cultist","floor":2.0,"turns":3.0},{"damage":14.0,"enemies":"2 Louse","floor":3.0,"turns":3.0},{"damage":9.0,"enemies":"Exordium Wildlife","floor":5.0,"turns":3.0},{"damage":18.0,"enemies":"3 Sentries","floor":6.0,"turns":7.0},{"damage":15.0,"enemies":"Large Slime","floor":8.0,"turns":7.0},{"damage":0.0,"enemies":"Gremlin Nob","floor":12.0,"turns":2.0},{"damage":0.0,"enemies":"Gremlin Gang","floor":14.0,"turns":2.0},{"damage":31.0,"enemies":"The Guardian","floor":16.0,"turns":7.0},{"damage":8.0,"enemies":"Shell Parasite","floor":18.0,"turns":4.0},{"damage":0.0,"enemies":"Chosen","floor":19.0,"turns":3.0},{"damage":38.0,"enemies":"Snecko","floor":22.0,"turns":5.0},{"damage":45.0,"enemies":"Slavers","floor":24.0,"turns":3.0},{"damage":43.0,"enemies":"Gremlin Leader","floor":27.0,"turns":4.0},{"damage":14.0,"enemies":"Centurion and Healer","floor":28.0,"turns":5.0},{"damage":21.0,"enemies":"Slavers","floor":30.0,"turns":4.0},{"damage":17.0,"enemies":"Collector","floor":33.0,"turns":5.0},{"damage":10.0,"enemies":"3 Shapes","floor":35.0,"turns":5.0},{"damage":39.0,"enemies":"3 Darklings","floor":39.0,"turns":3.0},{"damage":1.0,"enemies":"Nemesis","floor":41.0,"turns":5.0},{"damage":2.0,"enemies":"Sphere and 2 Shapes","floor":45.0,"turns":5.0},{"damage":0.0,"enemies":"Giant Head","floor":47.0,"turns":7.0},{"damage":25.0,"enemies":"Writhing Mass","floor":48.0,"turns":5.0},{"damage":48.0,"enemies":"Time Eater","floor":50.0,"turns":8.0},{"damage":21.0,"enemies":"Awakened One","floor":51.0,"turns":7.0},{"damage":48.0,"enemies":"Shield and Spear","floor":55.0,"turns":6.0},{"damage":32,"enemies":"The Heart","floor":56,"turns":8}],"seed_played":"-1926178850917020116","potions_obtained":[{"floor":3.0,"key":"FearPotion"},{"floor":5.0,"key":"Strength Potion"},{"floor":8.0,"key":"FearPotion"},{"floor":14.0,"key":"Regen Potion"},{"floor":19.0,"key":"Fruit Juice"},{"floor":24.0,"key":"PowerPotion"},{"floor":28.0,"key":"Fire Potion"},{"floor":35.0,"key":"SkillPotion"},{"floor":39.0,"key":"Block Potion"},{"floor":41.0,"key":"PowerPotion"},{"floor":45.0,"key":"Energy Potion"},{"floor":47.0,"key":"SneckoOil"},{"floor":55.0,"key":"Poison Potion"}],"is_trial":true,"path_per_floor":["M","M","M","?","M","E","R","M","T","R","$","E","R","M","R","B",null,"M","M","?","?","M","R","E","R","T","E","M","R","E","?","R","B",null,"M","?","T","$","M","R","E","R","T","$","M","?","E","M","R","B","B",null,"R","$","E","B",null],"character_chosen":"IRONCLAD","items_purchased":["Immolate","Feel No Pain","Power Through","EntropicBrew","Happy Flower"],"campfire_rested":7,"item_purchase_floors":[11,38,38,44,54],"current_hp_per_floor":[73,75,67,56,53,41,41,34,34,56,56,64,64,72,72,49,69,69,80,80,80,48,72,35,59,59,24,32,56,43,22,46,37,69,67,67,67,67,36,60,67,67,67,67,73,73,80,61,61,21,8,62,80,80,38,14],"gold":60,"neow_bonus":"","is_prod":false,"is_daily":false,"chose_seed":false,"campfire_upgraded":4,"win_rate":0,"timestamp":1560882655,"path_taken":["M","M","M","?","M","E","R","M","T","R","$","E","R","M","R","BOSS","M","M","?","?","M","R","E","R","T","E","?","R","E","?","R","BOSS","M","?","?","$","M","R","E","R","T","$","M","?","E","M","R","BOSS","BOSS","R","$","E","BOSS"],"build_version":"2019-01-23","purchased_purges":4,"victory":true,"max_hp_per_floor":[75,75,75,75,75,75,75,75,75,75,75,75,75,75,75,75,75,75,80,80,80,80,80,80,80,80,80,80,80,80,80,80,80,80,80,80,80,80,80,80,80,80,80,80,80,80,80,80,80,80,80,80,80,80,80,80],"card_choices":[{"not_picked":["Anger","Ball Lightning","Slice"],"picked":"SKIP","floor":1.0},{"not_picked":["Consume","Backstab","Flying Knee"],"picked":"SKIP","floor":2.0},{"not_picked":["Acrobatics","Static Discharge","Infernal Blade"],"picked":"SKIP","floor":3.0},{"not_picked":["Dagger Throw","Cleave"],"picked":"Armaments","floor":5.0},{"not_picked":["Leap","Panacea"],"picked":"Flying Knee","floor":6.0},{"not_picked":["Ghostly Armor","Dagger Throw"],"picked":"Creative AI","floor":8.0},{"not_picked":["Flash of Steel","Clothesline"],"picked":"Heavy Blade","floor":12.0},{"not_picked":["Clash","Flex","Redo"],"picked":"SKIP","floor":14.0},{"not_picked":["Berserk","Buffer"],"picked":"The Bomb","floor":16.0},{"not_picked":["Redo","Flex","Shrug It Off"],"picked":"SKIP","floor":18.0},{"not_picked":["Whirlwind","Reflex"],"picked":"Infinite Blades","floor":19.0},{"not_picked":["Rampage","Flash of Steel","Headbutt"],"picked":"SKIP","floor":22.0},{"not_picked":["Tools of the Trade","Dagger Throw"],"picked":"BootSequence+1","floor":24.0},{"not_picked":["Outmaneuver","Catalyst","Finesse"],"picked":"SKIP","floor":27.0},{"not_picked":["Beam Cell","Flying Knee","Ball Lightning"],"picked":"SKIP","floor":28.0},{"not_picked":["Barrage","Body Slam","Headbutt+1"],"picked":"SKIP","floor":30.0},{"not_picked":["White Noise","Cleave","Hemokinesis+1"],"picked":"SKIP","floor":35.0},{"not_picked":["Dodge and Roll","Rupture","Sweeping Beam+1"],"picked":"SKIP","floor":39.0},{"not_picked":["Tactician","Steam"],"picked":"Backflip+1","floor":41.0},{"not_picked":["Bane","Gash"],"picked":"Bludgeon","floor":45.0},{"not_picked":["Anger","Conserve Battery","Ball Lightning+1"],"picked":"SKIP","floor":47.0},{"not_picked":["Anger","Ball Lightning+1"],"picked":"Conserve Battery","floor":47.0},{"not_picked":["Predator","PanicButton"],"picked":"Blur","floor":48.0},{"not_picked":["Magnetism","Footwork+1"],"picked":"Dual Wield","floor":55.0}],"player_experience":5414455,"relics_obtained":[{"floor":6.0,"key":"Blood Vial"},{"floor":9.0,"key":"Lantern"},{"floor":12.0,"key":"Bronze Scales"},{"floor":24.0,"key":"Potion Belt"},{"floor":26.0,"key":"Whetstone"},{"floor":27.0,"key":"Matryoshka"},{"floor":30.0,"key":"Tiny Chest"},{"floor":31.0,"key":"Necronomicon"},{"floor":37.0,"key":"Ancient Tea Set"},{"floor":41.0,"key":"Anchor"},{"floor":43.0,"key":"Boot"},{"floor":43.0,"key":"Smiling Mask"},{"floor":46.0,"key":"Art of War"},{"floor":47.0,"key":"Bag of Preparation"},{"floor":55.0,"key":"Oddly Smooth Stone"}],"event_choices":[{"damage_healed":0.0,"max_hp_gain":0.0,"max_hp_loss":0.0,"gold_gain":75.0,"event_name":"World of Goop","player_choice":"Gather Gold","floor":4.0,"gold_loss":0.0,"damage_taken":11.0},{"damage_healed":0.0,"max_hp_gain":0.0,"max_hp_loss":0.0,"gold_gain":50.0,"event_name":"Nest","player_choice":"Stole From Cult","floor":20.0,"gold_loss":0.0,"damage_taken":0.0},{"damage_healed":0.0,"max_hp_gain":0.0,"max_hp_loss":0.0,"gold_gain":0.0,"event_name":"Match and Keep!","player_choice":"0 cards matched","floor":21.0,"gold_loss":0.0,"damage_taken":0.0,"cards_obtained":[]},{"damage_healed":0.0,"max_hp_gain":0.0,"max_hp_loss":0.0,"gold_gain":0.0,"event_name":"Cursed Tome","player_choice":"Obtained Book","floor":31.0,"gold_loss":0.0,"damage_taken":21.0},{"cards_removed":["Flying Knee"],"damage_healed":0.0,"max_hp_gain":0.0,"max_hp_loss":0.0,"gold_gain":0.0,"event_name":"Falling","player_choice":"Removed Attack","floor":36.0,"gold_loss":0.0,"damage_taken":0.0},{"damage_healed":0.0,"max_hp_gain":0.0,"max_hp_loss":0.0,"gold_gain":0.0,"event_name":"Wheel of Change","player_choice":"Relic","floor":46.0,"gold_loss":0.0,"damage_taken":0.0}],"is_beta":false,"boss_relics":[{"not_picked":["Black Blood","Runic Pyramid"],"picked":"Astrolabe"},{"not_picked":["Runic Cube","Pandora\u0027s Box"],"picked":"White Beast Statue"}],"items_purged_floors":[11,38,44,54],"is_endless":false,"potions_floor_spawned":[3,5,8,14,16,19,24,28,35,39,41,45,47,48,55],"ascension_level":20}