{"gold_per_floor":[112,112,137,137,150,150,150,7,7,20,40,40,40,40,40,138,138,158,158,177,177,189,189,214,7,62,96,96,106,116,128,128,201,201,213,228,228,3,3,3,21,21],"floor_reached":42,"playtime":1355,"items_purged":[],"score":856,"play_id":"f4813156-1e88-4012-ba0f-516d11540903","local_time":"20190720023907","is_ascension_mode":true,"campfire_choices":[{"data":"Bash","floor":6,"key":"SMITH"},{"floor":13,"key":"REST"},{"data":"Demon Form","floor":15,"key":"SMITH"},{"floor":23,"key":"REST"},{"data":"Limit Break","floor":28,"key":"SMITH"},{"floor":32,"key":"REST"},{"floor":40,"key":"REST"}],"neow_cost":"NONE","seed_source_timestamp":2464184537090323,"circlet_count":0,"master_deck":["AscendersBane","Strike_R","Strike_R","Strike_R","Strike_R","Strike_R","Defend_R","Defend_R","Defend_R","Defend_R","Bash+1","Cleave","Demon Form+1","Shockwave","Thunderclap","True Grit+1","Heavy Blade","Clothesline","Cleave","Limit Break+1","Juggernaut","Disarm","Perfected Strike","Flame Barrier","Shockwave","Reaper","HandOfGreed","Heavy Blade","True Grit+1"],"relics":["Burning Blood","PreservedInsect","Bloody Idol","Champion Belt","Snecko Eye","Bag of Marbles","Strawberry","Bag of Preparation","Mark of Pain"],"potions_floor_usage":[10,10,24,27,30,42],"damage_taken":[{"damage":14,"enemies":"Jaw Worm","floor":1,"turns":4},{"damage":9,"enemies":"2 Louse","floor":3,"turns":4},{"damage":7,"enemies":"Cultist","floor":5,"turns":4},{"damage":18,"enemies":"Red Slaver","floor":10,"turns":4},{"damage":9,"enemies":"3 Louse","floor":11,"turns":3},{"damage":45,"enemies":"Hexaghost","floor":16,"turns":9},{"damage":20,"enemies":"Shell Parasite","floor":18,"turns":3},{"damage":17,"enemies":"3 Byrds","floor":20,"turns":6},{"damage":4,"enemies":"Centurion and Healer","floor":22,"turns":5},{"damage":20,"enemies":"Book of Stabbing","floor":24,"turns":4},{"damage":18,"enemies":"Slavers","floor":27,"turns":4},{"damage":9,"enemies":"Snake Plant","floor":29,"turns":3},{"damage":11,"enemies":"Shelled Parasite and Fungi","floor":30,"turns":4},{"damage":15,"enemies":"Chosen and Byrds","floor":31,"turns":4},{"damage":73,"enemies":"Collector","floor":33,"turns":8},{"damage":27,"enemies":"3 Darklings","floor":35,"turns":4},{"damage":17,"enemies":"Orb Walker","floor":36,"turns":3},{"damage":53,"enemies":"Maw","floor":41,"turns":8},{"damage":29,"enemies":"Reptomancer","floor":42,"turns":2}],"seed_played":"-3145927090732755229","potions_obtained":[{"floor":3,"key":"GamblersBrew"},{"floor":5,"key":"Energy Potion"},{"floor":10,"key":"FearPotion"},{"floor":18,"key":"Energy Potion"},{"floor":29,"key":"Block Potion"},{"floor":33,"key":"Strength Potion"},{"floor":41,"key":"Fire Potion"}],"is_trial":false,"path_per_floor":["M","?","M","?","M","R","?","$","T","M","M","$","R","$","R","B",null,"M","?","M","?","M","R","E","$","T","E","R","M","M","M","R","B",null,"M","M","?","$","$","R","M","E"],"character_chosen":"IRONCLAD","items_purchased":["Shockwave","Block Potion","Limit Break","AttackPotion","HandOfGreed","Heavy Blade"],"campfire_rested":4,"item_purchase_floors":[8,8,25,25,38,38],"current_hp_per_floor":[60,60,57,57,56,56,56,56,56,44,41,41,61,61,61,22,57,43,43,32,32,39,59,50,50,62,55,55,57,57,53,75,13,60,44,38,38,38,38,60,22,0],"gold":21,"neow_bonus":"RANDOM_COMMON_RELIC","is_prod":false,"is_daily":false,"chose_seed":false,"campfire_upgraded":3,"win_rate":0,"timestamp":1563583147,"path_taken":["M","?","M","?","M","R","?","$","T","?","M","$","R","?","R","BOSS","M","?","?","?","M","R","E","?","T","E","R","M","M","M","R","BOSS","M","M","?","?","$","R","M","E"],"build_version":"2019-07-17","purchased_purges":0,"victory":false,"max_hp_per_floor":[75,68,68,68,68,68,68,68,68,68,68,68,68,68,68,68,68,68,68,68,68,68,68,68,68,75,75,75,75,75,75,75,75,75,75,75,75,75,75,75,75,75],"card_choices":[{"not_picked":["True Grit","Clash","Metallicize"],"picked":"SKIP","floor":1},{"not_picked":["Second Wind","Burning Pact","Sword Boomerang"],"picked":"SKIP","floor":3},{"not_picked":["Burning Pact","Thunderclap"],"picked":"Cleave","floor":5},{"not_picked":["Anger","Blood for Blood"],"picked":"Thunderclap","floor":10},{"not_picked":["True Grit","Armaments","Headbutt"],"picked":"SKIP","floor":11},{"not_picked":["Cleave","Wild Strike"],"picked":"True Grit+1","floor":18},{"not_picked":["Clash","Thunderclap"],"picked":"Heavy Blade","floor":20},{"not_picked":["Warcry","Armaments"],"picked":"Clothesline","floor":22},{"not_picked":["Wild Strike","Clash+1"],"picked":"Cleave","floor":24},{"not_picked":["Havoc","Second Wind"],"picked":"Juggernaut","floor":27},{"not_picked":["Power Through","Feel No Pain"],"picked":"Disarm","floor":29},{"not_picked":["Headbutt","Warcry"],"picked":"Perfected Strike","floor":30},{"not_picked":["Shrug It Off","Twin Strike"],"picked":"Flame Barrier","floor":31},{"not_picked":["Offering","Exhume"],"picked":"Limit Break","floor":33},{"not_picked":["Havoc","Flex+1"],"picked":"Shockwave","floor":35},{"not_picked":["Sword Boomerang","Ghostly Armor","Rampage"],"picked":"SKIP","floor":36},{"not_picked":["Cleave+1","Blood for Blood"],"picked":"True Grit+1","floor":41}],"player_experience":507972,"relics_obtained":[{"floor":9,"key":"Champion Belt"},{"floor":24,"key":"Bag of Marbles"},{"floor":26,"key":"Strawberry"},{"floor":27,"key":"Bag of Preparation"}],"event_choices":[{"damage_healed":0,"gold_gain":0,"player_choice":"Lose Max HP","damage_taken":0,"relics_obtained":["Golden Idol"],"max_hp_gain":0,"max_hp_loss":7,"event_name":"Golden Idol","floor":2,"gold_loss":0},{"damage_healed":0,"gold_gain":0,"player_choice":"Ignored","damage_taken":0,"max_hp_gain":0,"max_hp_loss":0,"event_name":"Golden Wing","floor":4,"gold_loss":0},{"damage_healed":0,"gold_gain":0,"player_choice":"1 cards matched","damage_taken":0,"max_hp_gain":0,"max_hp_loss":0,"event_name":"Match and Keep!","floor":7,"gold_loss":0,"cards_obtained":["Demon Form"]},{"damage_healed":0,"gold_gain":0,"player_choice":"Got Potions","damage_taken":0,"max_hp_gain":0,"max_hp_loss":0,"event_name":"Lab","floor":19,"gold_loss":0},{"damage_healed":0,"gold_gain":0,"player_choice":"Gave Idol","damage_taken":0,"relics_obtained":["Bloody Idol"],"max_hp_gain":0,"max_hp_loss":0,"event_name":"Forgotten Altar","floor":21,"relics_lost":["Golden Idol"],"gold_loss":0},{"damage_healed":0,"gold_gain":0,"cards_transformed":["Limit Break"],"player_choice":"Transformed","damage_taken":0,"max_hp_gain":0,"max_hp_loss":0,"event_name":"Transmorgrifier","floor":37,"gold_loss":0,"cards_obtained":["Reaper"]}],"is_beta":false,"boss_relics":[{"not_picked":["Philosopher\u0027s Stone","Calling Bell"],"picked":"Snecko Eye"},{"not_picked":["Eternal Feather","Runic Cube"],"picked":"Mark of Pain"}],"items_purged_floors":[],"is_endless":false,"potions_floor_spawned":[3,5,10,18,20,29,33,36,41],"killed_by":"Reptomancer","ascension_level":20}