{"gold_per_floor":[20,20,31,43,43,43,63,63,63,81,81,27,27,47,47,143,143,154,170,19,32,32,32,67,67,67,82,102,102,120,136,136,232,232,248,47,64,364,87,87,113,125,125,125,140,140,140],"floor_reached":47,"playtime":1441,"items_purged":["Strike_R"],"score":519,"play_id":"1d386e07-281c-4390-944e-f34f233c2c42","local_time":"20190703214945","is_ascension_mode":false,"campfire_choices":[{"data":"Inflame","floor":6,"key":"SMITH"},{"data":"Armaments","floor":8,"key":"SMITH"},{"floor":15,"key":"REST"},{"data":"Inflame","floor":23,"key":"SMITH"},{"data":"Heavy Blade","floor":25,"key":"SMITH"},{"floor":32,"key":"REST"},{"floor":44,"key":"REST"},{"data":"Apotheosis","floor":46,"key":"SMITH"}],"neow_cost":"NO_GOLD","seed_source_timestamp":1067919403634675,"circlet_count":0,"master_deck":["Strike_R","Strike_R","Strike_R","Defend_R","Defend_R","Defend_R","Defend_R","Bash+1","Sword Boomerang","Iron Wave","Inflame+1","Armaments+1","Cleave","Flame Barrier","Flex","Twin Strike","Shrug It Off","Iron Wave","Offering","Inflame+1","Feed","Heavy Blade+1","Spot Weakness+1","J.A.X.","Feed","Heavy Blade+1","Apotheosis+1","Spot Weakness+1","Demon Form","Blood for Blood+1","Dual Wield","Sword Boomerang+1"],"relics":["Burning Blood","Prayer Wheel","Pantograph","Incense Burner","Mark of Pain","Omamori","The Courier","Velvet Choker","DollysMirror","Red Skull","Pear","Orichalcum","Torii"],"potions_floor_usage":[24,24,24,24,30,33,33,33],"damage_taken":[{"damage":1,"enemies":"Cultist","floor":1,"turns":4},{"damage":1,"enemies":"Jaw Worm","floor":3,"turns":3},{"damage":10,"enemies":"Small Slimes","floor":4,"turns":3},{"damage":25,"enemies":"Exordium Thugs","floor":7,"turns":7},{"damage":14,"enemies":"Exordium Wildlife","floor":10,"turns":4},{"damage":3,"enemies":"Red Slaver","floor":14,"turns":4},{"damage":16,"enemies":"The Guardian","floor":16,"turns":11},{"damage":2,"enemies":"Shell Parasite","floor":18,"turns":6},{"damage":6,"enemies":"Chosen","floor":19,"turns":4},{"damage":17,"enemies":"Shelled Parasite and Fungi","floor":21,"turns":4},{"damage":10,"enemies":"Gremlin Leader","floor":24,"turns":4},{"damage":10,"enemies":"Snecko","floor":27,"turns":4},{"damage":17,"enemies":"Cultist and Chosen","floor":28,"turns":5},{"damage":35,"enemies":"Snake Plant","floor":30,"turns":5},{"damage":7,"enemies":"3 Cultists","floor":31,"turns":5},{"damage":29,"enemies":"Collector","floor":33,"turns":6},{"damage":17,"enemies":"3 Darklings","floor":35,"turns":5},{"damage":11,"enemies":"3 Shapes","floor":37,"turns":3},{"damage":41,"enemies":"Giant Head","floor":41,"turns":6},{"damage":9,"enemies":"Spire Growth","floor":42,"turns":3},{"damage":27,"enemies":"Jaw Worm Horde","floor":45,"turns":4},{"damage":57,"enemies":"Reptomancer","floor":47,"turns":2}],"seed_played":"1136381008452516638","potions_obtained":[{"floor":1,"key":"SkillPotion"},{"floor":14,"key":"LiquidBronze"},{"floor":16,"key":"Ancient Potion"},{"floor":22,"key":"EntropicBrew"},{"floor":24,"key":"Explosive Potion"},{"floor":28,"key":"FearPotion"},{"floor":31,"key":"Swift Potion"},{"floor":41,"key":"FearPotion"},{"floor":42,"key":"SpeedPotion"}],"is_trial":false,"path_per_floor":["M","?","M","M","$","R","M","R","T","M","T","$","?","M","R","B",null,"M","M","$","M","?","R","E","R","T","M","M","?","M","M","R","B",null,"M","$","M","?","$","T","E","M","T","R","M","R","E"],"character_chosen":"IRONCLAD","items_purchased":["Shrug It Off","Feed","Apotheosis","DollysMirror","Red Skull"],"campfire_rested":3,"item_purchase_floors":[12,20,36,39,39],"current_hp_per_floor":[80,80,80,76,76,76,57,57,57,49,49,49,49,52,76,70,80,80,80,80,72,72,72,68,68,68,64,56,56,27,32,59,61,92,81,81,76,76,76,86,51,48,48,78,57,57,0],"gold":140,"neow_bonus":"ONE_RARE_RELIC","is_prod":false,"is_daily":false,"chose_seed":false,"campfire_upgraded":5,"win_rate":0,"timestamp":1562186985,"path_taken":["M","?","M","M","$","R","M","R","T","M","?","$","?","?","R","BOSS","M","M","$","M","?","R","E","R","T","M","?","?","M","M","R","BOSS","M","$","M","?","?","?","E","M","T","R","?","R","E"],"build_version":"2019-07-01","purchased_purges":1,"victory":false,"max_hp_per_floor":[80,80,80,80,80,80,80,80,80,80,80,80,80,80,80,80,80,80,80,80,83,83,83,83,83,83,83,86,86,86,92,92,92,92,92,92,92,92,92,102,102,102,102,102,102,102,102],"card_choices":[{"not_picked":["Body Slam","Iron Wave"],"picked":"Sword Boomerang","floor":1},{"not_picked":["Havoc","Carnage"],"picked":"Iron Wave","floor":1},{"not_picked":["Headbutt","Feel No Pain"],"picked":"Inflame","floor":3},{"not_picked":["Havoc","Reaper"],"picked":"Armaments","floor":3},{"not_picked":["Sever Soul","Feel No Pain","Clash"],"picked":"SKIP","floor":4},{"not_picked":["Perfected Strike","Headbutt","Clothesline"],"picked":"SKIP","floor":4},{"not_picked":["Pommel Strike","Clothesline"],"picked":"Cleave","floor":7},{"not_picked":["Dropkick","Searing Blow"],"picked":"Flame Barrier","floor":7},{"not_picked":["Battle Trance","Rage"],"picked":"Flex","floor":10},{"not_picked":["Sword Boomerang","Anger"],"picked":"Twin Strike","floor":10},{"not_picked":["True Grit","Headbutt"],"picked":"Iron Wave","floor":14},{"not_picked":["Hemokinesis","Intimidate","Entrench"],"picked":"SKIP","floor":14},{"not_picked":["Bludgeon","Juggernaut"],"picked":"Offering","floor":16},{"not_picked":["Ghostly Armor","Shockwave"],"picked":"Inflame","floor":18},{"not_picked":["Wild Strike","Armaments","Warcry"],"picked":"SKIP","floor":18},{"not_picked":["Sentinel+1","Thunderclap","Pommel Strike"],"picked":"SKIP","floor":19},{"not_picked":["Clothesline+1","Cleave","Feel No Pain+1"],"picked":"SKIP","floor":19},{"not_picked":["Rupture","Thunderclap"],"picked":"Heavy Blade","floor":21},{"not_picked":["Dropkick","Entrench","Feel No Pain"],"picked":"SKIP","floor":21},{"not_picked":["Sword Boomerang","Infernal Blade"],"picked":"Spot Weakness+1","floor":24},{"not_picked":["Intimidate","Warcry","Anger+1"],"picked":"SKIP","floor":27},{"not_picked":["Warcry","Uppercut","Reckless Charge+1"],"picked":"SKIP","floor":27},{"not_picked":["Ghostly Armor","Pummel","Battle Trance"],"picked":"SKIP","floor":28},{"not_picked":["Armaments","Anger","Carnage"],"picked":"SKIP","floor":28},{"not_picked":["Sword Boomerang+1","Pommel Strike"],"picked":"Feed","floor":30},{"not_picked":["Clothesline","Cleave","Body Slam"],"picked":"SKIP","floor":30},{"not_picked":["Fire Breathing","Metallicize","Warcry"],"picked":"SKIP","floor":31},{"not_picked":["Cleave","Body Slam","Headbutt"],"picked":"SKIP","floor":31},{"not_picked":["Cleave+1","Armaments+1"],"picked":"Heavy Blade+1","floor":35},{"not_picked":["Cleave","True Grit+1","Wild Strike+1"],"picked":"SKIP","floor":35},{"not_picked":["Wild Strike","Cleave+1","Ghostly Armor"],"picked":"SKIP","floor":37},{"not_picked":["Sword Boomerang","Armaments+1","Twin Strike"],"picked":"SKIP","floor":37},{"not_picked":["Entrench+1","Disarm+1","Metallicize"],"picked":"SKIP","floor":41},{"not_picked":["Rage","Spot Weakness+1"],"picked":"Demon Form","floor":42},{"not_picked":["Thunderclap+1","Cleave+1"],"picked":"Blood for Blood+1","floor":42},{"not_picked":["Clothesline","Ghostly Armor+1"],"picked":"Dual Wield","floor":45},{"not_picked":["Metallicize+1","Evolve"],"picked":"Sword Boomerang+1","floor":45}],"player_experience":107226,"relics_obtained":[{"floor":9,"key":"Pantograph"},{"floor":11,"key":"Incense Burner"},{"floor":24,"key":"Omamori"},{"floor":26,"key":"The Courier"},{"floor":40,"key":"Pear"},{"floor":41,"key":"Orichalcum"},{"floor":43,"key":"Torii"}],"event_choices":[{"damage_healed":0,"gold_gain":0,"player_choice":"Grow","damage_taken":0,"max_hp_gain":0,"max_hp_loss":0,"event_name":"Living Wall","floor":2,"gold_loss":0,"cards_upgraded":["Bash"]},{"cards_removed":["Strike_R"],"damage_healed":0,"gold_gain":0,"player_choice":"Purged","damage_taken":0,"max_hp_gain":0,"max_hp_loss":0,"event_name":"Purifier","floor":13,"gold_loss":0},{"damage_healed":0,"gold_gain":0,"player_choice":"Got Potions","damage_taken":0,"max_hp_gain":0,"max_hp_loss":0,"event_name":"Lab","floor":22,"gold_loss":0},{"damage_healed":0,"gold_gain":0,"player_choice":"Obtain J.A.X.","damage_taken":0,"max_hp_gain":0,"max_hp_loss":0,"event_name":"Drug Dealer","floor":29,"gold_loss":0,"cards_obtained":["J.A.X."]},{"damage_healed":0,"gold_gain":300,"player_choice":"Gold","damage_taken":0,"max_hp_gain":0,"max_hp_loss":0,"event_name":"Wheel of Change","floor":38,"gold_loss":0}],"is_beta":false,"boss_relics":[{"not_picked":["Empty Cage","Runic Pyramid"],"picked":"Mark of Pain"},{"not_picked":["Astrolabe","Eternal Feather"],"picked":"Velvet Choker"}],"items_purged_floors":[36],"is_endless":false,"potions_floor_spawned":[1,14,16,21,24,28,31,41,42],"killed_by":"Reptomancer","ascension_level":0}