{"gold_per_floor":[118,134,147,158,178,178,213,213,236,236,279,303,7,7,7,103,103,118,118,118,142,167,167,205,205,205,245,278,278,36,36,36,127,127,152,152,152,167,183,183,226,226,226,226,241,36,161,161,161,161,161,161,161,85,85],"floor_reached":55,"playtime":2626,"items_purged":["Defend_B","Melter"],"score":1847,"play_id":"859f35f4-04e6-4ed1-b660-58e11bd8a00a","local_time":"20190725014528","is_ascension_mode":true,"campfire_choices":[{"data":"Defragment","floor":6,"key":"SMITH"},{"data":"Gash","floor":8,"key":"SMITH"},{"floor":15,"key":"REST"},{"data":"Electrodynamics","floor":23,"key":"SMITH"},{"data":"Self Repair","floor":29,"key":"SMITH"},{"data":"Capacitor","floor":32,"key":"SMITH"},{"data":"White Noise","floor":40,"key":"SMITH"},{"floor":42,"key":"RECALL"},{"data":"Conserve Battery","floor":44,"key":"SMITH"},{"data":"Go for the Eyes","floor":49,"key":"SMITH"},{"data":"Glacier","floor":53,"key":"SMITH"}],"neow_cost":"TEN_PERCENT_HP_LOSS","seed_source_timestamp":56511936082400,"circlet_count":0,"master_deck":["AscendersBane","Defend_B","Defend_B","Zap","Dualcast","Sweeping Beam","Cold Snap","Hello World","Defragment+1","Gash+1","Conserve Battery+1","Darkness","Leap","Electrodynamics+1","Self Repair+1","Bite","Bite","Bite","Bite","Bite","White Noise+1","Glacier+1","Blizzard","Capacitor+1","Compile Driver+1","Lockon+1","Genetic Algorithm+1","Go for the Eyes+1","Hologram+1","Hello World"],"relics":["Cracked Core","Incense Burner","WingedGreaves","Bag of Preparation","Golden Idol","Happy Flower","Meat on the Bone","PreservedInsect","Busted Crown","Nilry\u0027s Codex","Pantograph","Emotion Chip","Darkstone Periapt","Coffee Dripper","Pear","Calipers","Prayer Wheel","Blue Candle"],"potions_floor_usage":[4,7,16,24,51],"damage_taken":[{"damage":11,"enemies":"Small Slimes","floor":1,"turns":4},{"damage":0,"enemies":"2 Louse","floor":2,"turns":3},{"damage":2,"enemies":"Jaw Worm","floor":3,"turns":3},{"damage":9,"enemies":"Blue Slaver","floor":4,"turns":4},{"damage":11,"enemies":"Looter","floor":5,"turns":3},{"damage":22,"enemies":"Gremlin Nob","floor":7,"turns":4},{"damage":17,"enemies":"3 Sentries","floor":11,"turns":7},{"damage":0,"enemies":"3 Louse","floor":12,"turns":3},{"damage":8,"enemies":"Slime Boss","floor":16,"turns":10},{"damage":0,"enemies":"Spheric Guardian","floor":18,"turns":2},{"damage":12,"enemies":"Chosen","floor":21,"turns":5},{"damage":13,"enemies":"Centurion and Healer","floor":22,"turns":8},{"damage":31,"enemies":"Book of Stabbing","floor":24,"turns":4},{"damage":9,"enemies":"Gremlin Leader","floor":27,"turns":5},{"damage":21,"enemies":"Book of Stabbing","floor":28,"turns":4},{"damage":21,"enemies":"Champ","floor":33,"turns":10},{"damage":13,"enemies":"3 Shapes","floor":35,"turns":2},{"damage":15,"enemies":"Orb Walker","floor":38,"turns":3},{"damage":25,"enemies":"3 Darklings","floor":39,"turns":3},{"damage":45,"enemies":"Nemesis","floor":41,"turns":7},{"damage":45,"enemies":"Maw","floor":45,"turns":7},{"damage":0,"enemies":"Mind Bloom Boss Battle","floor":47,"turns":4},{"damage":40,"enemies":"Time Eater","floor":50,"turns":30},{"damage":61,"enemies":"Donu and Deca","floor":51,"turns":11},{"damage":52,"enemies":"Shield and Spear","floor":55,"turns":2}],"seed_played":"3475723555822699906","potions_obtained":[{"floor":3,"key":"Regen Potion"},{"floor":4,"key":"Poison Potion"},{"floor":11,"key":"Strength Potion"},{"floor":16,"key":"PowerPotion"},{"floor":18,"key":"FairyPotion"},{"floor":27,"key":"SpeedPotion"}],"is_trial":false,"path_per_floor":["M","M","M","M","M","R","E","R","T","?","E","M","$","?","R","B",null,"M","?","?","M","M","R","E","T","T","E","E","R","$","?","R","B",null,"M","?","?","M","M","R","E","R","T","R","M","$","?","T","R","B","B",null,"R","$","E"],"character_chosen":"DEFECT","items_purchased":["Meat on the Bone","Leap","Glacier","Blizzard","Go for the Eyes","SpeedPotion","Hello World"],"campfire_rested":1,"item_purchase_floors":[13,13,30,30,46,46,54],"current_hp_per_floor":[53,53,51,51,40,40,18,18,18,18,1,1,1,1,18,22,49,49,28,28,24,34,34,23,23,23,31,35,35,35,35,35,33,38,27,27,27,40,31,31,36,36,36,36,25,25,50,50,50,42,25,44,44,44,0],"gold":85,"neow_bonus":"ONE_RARE_RELIC","is_prod":false,"is_daily":false,"chose_seed":false,"campfire_upgraded":9,"win_rate":0,"timestamp":1563986728,"path_taken":["M","M","M","M","M","R","E","R","T","?","E","M","$","?","R","BOSS","M","?","?","M","M","R","E","?","T","E","E","R","$","?","R","BOSS","M","?","?","M","M","R","E","R","T","R","?","$","?","?","R","BOSS","BOSS","R","$","E"],"build_version":"2019-07-17","purchased_purges":2,"victory":false,"max_hp_per_floor":[64,64,64,64,64,64,64,64,64,58,58,58,58,58,58,58,58,58,58,40,40,40,40,40,40,40,40,40,40,40,40,40,40,40,40,40,40,40,40,40,50,50,50,50,50,50,50,50,50,50,50,50,50,50,50],"card_choices":[{"not_picked":["Stack","Undo"],"picked":"Melter","floor":1},{"not_picked":["Streamline","Self Repair"],"picked":"Sweeping Beam","floor":2},{"not_picked":["Turbo","Compile Driver"],"picked":"Cold Snap","floor":3},{"not_picked":["Fusion","Recycle"],"picked":"Hello World","floor":4},{"not_picked":["Leap","Hologram"],"picked":"Defragment","floor":5},{"not_picked":["Streamline","Blizzard"],"picked":"Gash","floor":7},{"not_picked":["Amplify","Leap"],"picked":"Conserve Battery","floor":11},{"not_picked":["Compile Driver","Reinforced Body"],"picked":"Darkness","floor":12},{"not_picked":["Buffer","Multi-Cast"],"picked":"Electrodynamics","floor":16},{"not_picked":[],"picked":"Self Repair","floor":18},{"not_picked":["Beam Cell"],"picked":"SKIP","floor":21},{"not_picked":["Redo"],"picked":"SKIP","floor":22},{"not_picked":["Stack"],"picked":"SKIP","floor":24},{"not_picked":["Leap"],"picked":"SKIP","floor":27},{"not_picked":["Leap"],"picked":"SKIP","floor":27},{"not_picked":[],"picked":"White Noise","floor":28},{"not_picked":[],"picked":"Compile Driver+1","floor":35},{"not_picked":[],"picked":"Lockon+1","floor":38},{"not_picked":["Compile Driver+1"],"picked":"SKIP","floor":39},{"not_picked":[],"picked":"Genetic Algorithm+1","floor":41},{"not_picked":["Steam"],"picked":"SKIP","floor":45},{"not_picked":[],"picked":"Hologram+1","floor":47}],"player_experience":5808536,"relics_obtained":[{"floor":7,"key":"WingedGreaves"},{"floor":9,"key":"Bag of Preparation"},{"floor":11,"key":"Happy Flower"},{"floor":19,"key":"Nilry\u0027s Codex"},{"floor":24,"key":"Pantograph"},{"floor":26,"key":"Emotion Chip"},{"floor":27,"key":"Darkstone Periapt"},{"floor":41,"key":"Pear"},{"floor":43,"key":"Calipers"},{"floor":47,"key":"Prayer Wheel"},{"floor":48,"key":"Blue Candle"}],"event_choices":[{"damage_healed":0,"gold_gain":0,"player_choice":"Lose Max HP","damage_taken":0,"relics_obtained":["Golden Idol"],"max_hp_gain":0,"max_hp_loss":6,"event_name":"Golden Idol","floor":10,"gold_loss":0},{"damage_healed":0,"gold_gain":0,"player_choice":"Searched \u00271\u0027 times","damage_taken":0,"relics_obtained":["PreservedInsect"],"max_hp_gain":0,"max_hp_loss":0,"event_name":"Dead Adventurer","floor":14,"gold_loss":0},{"damage_healed":0,"gold_gain":0,"player_choice":"Obtained Book","damage_taken":21,"max_hp_gain":0,"max_hp_loss":0,"event_name":"Cursed Tome","floor":19,"gold_loss":0},{"damage_healed":0,"gold_gain":0,"player_choice":"Became a vampire","damage_taken":0,"max_hp_gain":0,"max_hp_loss":18,"event_name":"Vampires","floor":20,"gold_loss":0,"cards_obtained":["Bite","Bite","Bite","Bite","Bite"]},{"damage_healed":0,"gold_gain":0,"player_choice":"Read","damage_taken":0,"max_hp_gain":0,"max_hp_loss":0,"event_name":"The Library","floor":31,"gold_loss":0,"cards_obtained":["Capacitor"]},{"damage_healed":0,"gold_gain":0,"player_choice":"Ignored","damage_taken":0,"max_hp_gain":0,"max_hp_loss":0,"event_name":"Tomb of Lord Red Mask","floor":36,"gold_loss":0},{"cards_removed":["Defend_B"],"damage_healed":0,"gold_gain":0,"player_choice":"Card Removal","damage_taken":0,"max_hp_gain":0,"max_hp_loss":0,"event_name":"Wheel of Change","floor":37,"gold_loss":0},{"damage_healed":0,"gold_gain":0,"player_choice":"Fight","damage_taken":0,"max_hp_gain":0,"max_hp_loss":0,"event_name":"MindBloom","floor":47,"gold_loss":0}],"is_beta":false,"boss_relics":[{"not_picked":["Calling Bell","FrozenCore"],"picked":"Busted Crown"},{"not_picked":["Black Star","Orrery"],"picked":"Coffee Dripper"}],"items_purged_floors":[30,46],"is_endless":false,"potions_floor_spawned":[3,4,11,16,18,21,27,35,38,47],"killed_by":"Shield and Spear","ascension_level":20}