{"gold_per_floor":[218,293,293,304,30,60,77,93,93,93,93,93,93,104,104,205,205,223,237,81,98,13,13,77,77,159,159,114,114,114,125,125,221,221,232,252,35,47,57,57,57],"floor_reached":41,"playtime":1403,"items_purged":[],"score":642,"play_id":"0edb2f3b-9d0e-4abc-9292-779b1d0c80ba","local_time":"20190709020142","is_ascension_mode":true,"campfire_choices":[{"data":"Perfected Strike","floor":10,"key":"SMITH"},{"data":"Armaments","floor":12,"key":"SMITH"},{"floor":15,"key":"REST"},{"data":"Perfected Strike","floor":23,"key":"SMITH"},{"data":"Spot Weakness","floor":27,"key":"SMITH"},{"data":"Twin Strike","floor":30,"key":"SMITH"},{"floor":32,"key":"REST"},{"floor":40,"key":"REST"}],"neow_cost":"NONE","seed_source_timestamp":1515079120529835,"circlet_count":0,"master_deck":["AscendersBane","Strike_R","Strike_R+1","Strike_R","Strike_R","Strike_R","Defend_R","Defend_R","Defend_R","Defend_R","Bash","Thunderclap","Twin Strike+1","Perfected Strike+1","Armaments+1","Wild Strike","Wild Strike+1","Feed","Spot Weakness+1","Perfected Strike+1","Offering","Pommel Strike+1","Perfected Strike+1","Twin Strike+1","Bludgeon+1","Clothesline+1","Sword Boomerang+1","Feed+1","Clothesline+1","Shrug It Off"],"relics":["Burning Blood","Sling","Ancient Tea Set","Anchor","Snecko Eye","Whetstone","Molten Egg 2","Tiny Chest","Shuriken","Philosopher\u0027s Stone","Omamori"],"potions_floor_usage":[14,16,24,38,39,39,41],"damage_taken":[{"damage":5,"enemies":"Cultist","floor":1,"turns":4},{"damage":10,"enemies":"Small Slimes","floor":4,"turns":4},{"damage":25,"enemies":"3 Sentries","floor":6,"turns":6},{"damage":7,"enemies":"2 Louse","floor":7,"turns":2},{"damage":0,"enemies":"2 Fungi Beasts","floor":8,"turns":2},{"damage":12,"enemies":"Lots of Slimes","floor":14,"turns":3},{"damage":61,"enemies":"Slime Boss","floor":16,"turns":9},{"damage":3,"enemies":"3 Byrds","floor":18,"turns":5},{"damage":1,"enemies":"Spheric Guardian","floor":19,"turns":3},{"damage":16,"enemies":"3 Cultists","floor":21,"turns":5},{"damage":30,"enemies":"Gremlin Leader","floor":24,"turns":12},{"damage":21,"enemies":"Snake Plant","floor":31,"turns":3},{"damage":33,"enemies":"Automaton","floor":33,"turns":6},{"damage":0,"enemies":"3 Shapes","floor":35,"turns":1},{"damage":15,"enemies":"3 Darklings","floor":36,"turns":4},{"damage":40,"enemies":"Maw","floor":38,"turns":5},{"damage":21,"enemies":"Writhing Mass","floor":39,"turns":3},{"damage":63,"enemies":"Reptomancer","floor":41,"turns":4}],"seed_played":"4335519399652388382","potions_obtained":[{"floor":6,"key":"Energy Potion"},{"floor":8,"key":"SkillPotion"},{"floor":16,"key":"Explosive Potion"},{"floor":21,"key":"LiquidBronze"},{"floor":31,"key":"SteroidPotion"},{"floor":33,"key":"Poison Potion"},{"floor":35,"key":"Block Potion"},{"floor":39,"key":"Dexterity Potion"}],"is_trial":false,"path_per_floor":["M","?","?","M","$","E","M","M","T","R","?","R","?","M","R","B",null,"M","M","$","M","?","R","E","?","T","R","$","?","R","M","R","B",null,"M","M","$","M","M","R","E"],"character_chosen":"IRONCLAD","items_purchased":["Perfected Strike","Sling","Armaments","Whetstone","Pommel Strike+1","Feed+1","Omamori"],"campfire_rested":3,"item_purchase_floors":[5,5,5,20,28,37,37],"current_hp_per_floor":[73,62,62,58,58,39,38,44,44,44,44,44,49,43,67,12,63,70,75,75,65,65,65,44,44,44,44,44,44,44,29,55,31,75,84,75,75,41,30,59,0],"gold":57,"neow_bonus":"HUNDRED_GOLD","is_prod":false,"is_daily":false,"chose_seed":false,"campfire_upgraded":5,"win_rate":0,"timestamp":1562634102,"path_taken":["M","?","?","M","$","E","M","M","T","R","?","R","?","?","R","BOSS","M","M","$","M","?","R","E","?","T","R","$","?","R","M","R","BOSS","M","M","$","M","?","R","E"],"build_version":"2019-07-05","purchased_purges":0,"victory":false,"max_hp_per_floor":[80,80,80,80,80,80,80,80,80,80,80,80,80,80,80,80,80,84,84,84,84,84,84,87,87,87,87,87,87,87,87,87,90,90,93,93,93,93,97,97,97],"card_choices":[{"not_picked":["Dual Wield","Disarm"],"picked":"Thunderclap","floor":1},{"not_picked":["Entrench","Disarm"],"picked":"Twin Strike","floor":4},{"not_picked":["True Grit","Burning Pact"],"picked":"Wild Strike","floor":6},{"not_picked":["Battle Trance","Iron Wave"],"picked":"Wild Strike","floor":7},{"not_picked":["Reckless Charge","Armaments"],"picked":"Flex","floor":8},{"not_picked":["Armaments","Rupture","Hemokinesis"],"picked":"SKIP","floor":14},{"not_picked":["Demon Form","Bludgeon"],"picked":"Feed","floor":16},{"not_picked":["Sentinel","Ghostly Armor"],"picked":"Spot Weakness","floor":18},{"not_picked":["Heavy Blade","Clash+1","Havoc"],"picked":"SKIP","floor":19},{"not_picked":["Fire Breathing","Sword Boomerang"],"picked":"Perfected Strike","floor":21},{"not_picked":["Hemokinesis+1","Cleave+1","Havoc"],"picked":"SKIP","floor":24},{"not_picked":["Armaments","Brutality"],"picked":"Twin Strike+1","floor":31},{"not_picked":["Brutality","Dark Embrace"],"picked":"Bludgeon+1","floor":33},{"not_picked":["Headbutt+1","Iron Wave+1"],"picked":"Clothesline+1","floor":35},{"not_picked":["Warcry+1","Second Wind"],"picked":"Sword Boomerang+1","floor":36},{"not_picked":["Anger+1","Sword Boomerang+1"],"picked":"Clothesline+1","floor":38},{"not_picked":["Entrench","Second Wind+1"],"picked":"Shrug It Off","floor":39}],"player_experience":293459,"relics_obtained":[{"floor":6,"key":"Ancient Tea Set"},{"floor":9,"key":"Anchor"},{"floor":24,"key":"Tiny Chest"},{"floor":26,"key":"Shuriken"}],"event_choices":[{"damage_healed":0,"gold_gain":75,"player_choice":"Gather Gold","damage_taken":11,"max_hp_gain":0,"max_hp_loss":0,"event_name":"World of Goop","floor":2,"gold_loss":0},{"damage_healed":0,"gold_gain":0,"player_choice":"Ignored","damage_taken":0,"max_hp_gain":0,"max_hp_loss":0,"event_name":"Golden Wing","floor":3,"gold_loss":0},{"damage_healed":0,"gold_gain":0,"player_choice":"Ignored","damage_taken":0,"max_hp_gain":0,"max_hp_loss":0,"event_name":"Liars Game","floor":11,"gold_loss":0},{"cards_removed":["Flex"],"damage_healed":5,"gold_gain":0,"player_choice":"Offered Common","damage_taken":0,"max_hp_gain":0,"max_hp_loss":0,"event_name":"Bonfire Elementals","floor":13,"gold_loss":0},{"cards_removed":["Flex"],"damage_healed":5,"gold_gain":0,"player_choice":"Offered Special","damage_taken":0,"max_hp_gain":0,"max_hp_loss":0,"event_name":"Bonfire Elementals","floor":13,"gold_loss":0},{"damage_healed":0,"gold_gain":0,"player_choice":"Obtained Relic","damage_taken":0,"relics_obtained":["Molten Egg 2"],"max_hp_gain":0,"max_hp_loss":0,"event_name":"Addict","floor":22,"gold_loss":85},{"damage_healed":0,"gold_gain":0,"player_choice":"Read","damage_taken":0,"max_hp_gain":0,"max_hp_loss":0,"event_name":"The Library","floor":25,"gold_loss":0,"cards_obtained":["Offering"]},{"damage_healed":0,"gold_gain":0,"player_choice":"Copied","damage_taken":0,"max_hp_gain":0,"max_hp_loss":0,"event_name":"Duplicator","floor":29,"gold_loss":0,"cards_obtained":["Perfected Strike"]}],"is_beta":false,"boss_relics":[{"not_picked":["Velvet Choker","Ectoplasm"],"picked":"Snecko Eye"},{"not_picked":["White Beast Statue","Astrolabe"],"picked":"Philosopher\u0027s Stone"}],"items_purged_floors":[],"is_endless":false,"potions_floor_spawned":[6,8,16,21,31,33,35,39],"killed_by":"Reptomancer","ascension_level":10}