{"gold_per_floor":[210,210,221,232,232,15,32,43,43,63,63,106,106,181,181,277,277,297,140,140,140,155,155,155,173,173,9,42,77,89,26,38,50],"floor_reached":33,"playtime":762,"items_purged":[],"score":530,"play_id":"fe73e4fc-94e8-4a8e-b350-32709edf15eb","local_time":"20190720044340","is_ascension_mode":true,"campfire_choices":[{"data":"Perfected Strike","floor":13,"key":"SMITH"},{"data":"Shrug It Off","floor":15,"key":"SMITH"},{"data":"Limit Break","floor":23,"key":"SMITH"},{"data":"J.A.X.","floor":30,"key":"SMITH"},{"floor":32,"key":"REST"}],"neow_cost":"NONE","seed_source_timestamp":2472250686264671,"circlet_count":0,"master_deck":["AscendersBane","Strike_R","Strike_R","Strike_R","Strike_R","Strike_R","Defend_R","Defend_R","Defend_R","Defend_R","Bash+1","Perfected Strike+1","Whirlwind+1","Shrug It Off+1","Wild Strike","Pommel Strike","Twin Strike","Twin Strike","Limit Break+1","Shrug It Off","J.A.X.+1","Wild Strike","Feed","Whirlwind+1"],"relics":["Burning Blood","Bag of Marbles","Thread and Needle","Golden Idol","Blue Candle","Champion Belt","Cursed Key","Vajra","Centennial Puzzle","MawBank"],"potions_floor_usage":[16,33,33],"damage_taken":[{"damage":7,"enemies":"Cultist","floor":1,"turns":4},{"damage":0,"enemies":"2 Louse","floor":3,"turns":2},{"damage":8,"enemies":"Small Slimes","floor":4,"turns":2},{"damage":7,"enemies":"Exordium Wildlife","floor":7,"turns":3},{"damage":14,"enemies":"Exordium Thugs","floor":8,"turns":4},{"damage":10,"enemies":"3 Louse","floor":10,"turns":2},{"damage":4,"enemies":"Gremlin Nob","floor":12,"turns":3},{"damage":4,"enemies":"Gremlin Nob","floor":14,"turns":3},{"damage":39,"enemies":"Slime Boss","floor":16,"turns":8},{"damage":0,"enemies":"3 Byrds","floor":18,"turns":4},{"damage":8,"enemies":"Chosen","floor":22,"turns":3},{"damage":3,"enemies":"Snecko","floor":25,"turns":2},{"damage":31,"enemies":"Book of Stabbing","floor":28,"turns":4},{"damage":3,"enemies":"Centurion and Healer","floor":29,"turns":3},{"damage":84,"enemies":"Collector","floor":33,"turns":7}],"seed_played":"3058992683630831424","potions_obtained":[{"floor":3,"key":"BloodPotion"},{"floor":10,"key":"Explosive Potion"},{"floor":16,"key":"GamblersBrew"},{"floor":18,"key":"Strength Potion"}],"is_trial":false,"path_per_floor":["M","?","M","M","?","$","M","M","T","M","?","E","R","?","R","B",null,"M","$","?","T","M","R","?","M","T","$","E","M","R","?","R","B"],"character_chosen":"IRONCLAD","items_purchased":["Bag of Marbles","Wild Strike","Vajra","Feed"],"campfire_rested":1,"item_purchase_floors":[6,6,19,27],"current_hp_per_floor":[67,67,73,71,71,71,70,62,62,58,58,60,60,62,62,29,58,64,64,64,64,62,62,62,65,65,65,43,46,46,46,67,0],"gold":50,"neow_bonus":"HUNDRED_GOLD","is_prod":false,"is_daily":false,"chose_seed":false,"campfire_upgraded":4,"win_rate":0,"timestamp":1563590620,"path_taken":["M","?","M","M","?","$","M","?","T","?","?","E","R","?","R","BOSS","M","$","?","?","M","R","?","?","T","$","E","M","R","?","R","BOSS"],"build_version":"2019-07-17","purchased_purges":0,"victory":false,"max_hp_per_floor":[75,75,75,75,75,75,75,75,75,75,68,68,68,68,68,68,68,68,68,68,68,68,68,68,68,68,68,71,71,71,71,71,71],"card_choices":[{"not_picked":["Iron Wave","Anger"],"picked":"Perfected Strike","floor":1},{"not_picked":["Twin Strike","Clothesline"],"picked":"Whirlwind","floor":3},{"not_picked":["Metallicize","Bloodletting"],"picked":"Shrug It Off","floor":4},{"not_picked":["Headbutt","Clothesline","Second Wind"],"picked":"SKIP","floor":7},{"not_picked":["Ghostly Armor","Havoc"],"picked":"Pommel Strike","floor":8},{"not_picked":["Metallicize","Cleave"],"picked":"Twin Strike","floor":10},{"not_picked":["Limit Break","Battle Trance"],"picked":"Twin Strike","floor":12},{"not_picked":["Brutality","Exhume"],"picked":"Limit Break","floor":16},{"not_picked":["Uppercut+1","Havoc"],"picked":"Shrug It Off","floor":18},{"not_picked":["Second Wind","Feel No Pain","Whirlwind"],"picked":"SKIP","floor":22},{"not_picked":["Heavy Blade","Infernal Blade"],"picked":"Wild Strike","floor":25},{"not_picked":["Armaments","Fire Breathing","Body Slam"],"picked":"SKIP","floor":28},{"not_picked":["Warcry","Anger"],"picked":"Whirlwind+1","floor":29}],"player_experience":515904,"relics_obtained":[{"floor":9,"key":"Thread and Needle"},{"floor":12,"key":"Blue Candle"},{"floor":14,"key":"Champion Belt"},{"floor":28,"key":"MawBank"}],"event_choices":[{"damage_healed":0,"gold_gain":0,"player_choice":"Grow","damage_taken":0,"max_hp_gain":0,"max_hp_loss":0,"event_name":"Living Wall","floor":2,"gold_loss":0,"cards_upgraded":["Bash"]},{"damage_healed":0,"gold_gain":0,"player_choice":"Upgraded","damage_taken":0,"max_hp_gain":0,"max_hp_loss":0,"event_name":"Upgrade Shrine","floor":5,"gold_loss":0,"cards_upgraded":["Whirlwind"]},{"damage_healed":0,"gold_gain":0,"player_choice":"Lose Max HP","damage_taken":0,"relics_obtained":["Golden Idol"],"max_hp_gain":0,"max_hp_loss":7,"event_name":"Golden Idol","floor":11,"gold_loss":0},{"damage_healed":0,"gold_gain":0,"player_choice":"Searched \u00271\u0027 times","damage_taken":0,"max_hp_gain":0,"max_hp_loss":0,"event_name":"Dead Adventurer","floor":14,"gold_loss":0},{"damage_healed":0,"gold_gain":0,"player_choice":"Obtain J.A.X.","damage_taken":0,"max_hp_gain":0,"max_hp_loss":0,"event_name":"Drug Dealer","floor":20,"gold_loss":0,"cards_obtained":["J.A.X."]},{"damage_healed":0,"gold_gain":0,"player_choice":"Opened","damage_taken":0,"relics_obtained":["Centennial Puzzle"],"max_hp_gain":0,"max_hp_loss":0,"event_name":"The Mausoleum","floor":24,"gold_loss":0,"cards_obtained":["Writhe"]},{"cards_removed":["Writhe"],"damage_healed":0,"gold_gain":0,"player_choice":"Gave Gold","damage_taken":0,"max_hp_gain":0,"max_hp_loss":0,"event_name":"Beggar","floor":31,"gold_loss":75}],"is_beta":false,"boss_relics":[{"not_picked":["Coffee Dripper","Runic Pyramid"],"picked":"Cursed Key"}],"items_purged_floors":[],"is_endless":false,"potions_floor_spawned":[3,10,14,16,18,25],"killed_by":"Collector","ascension_level":20}