{"gold_per_floor":[111,123,123,123,136,136,160,238,238,313,353,373,394,415,415,415],"floor_reached":16,"playtime":841,"items_purged":[],"score":109,"play_id":"b899a4fa-4ccf-4a69-ac20-fa470dcc6a42","local_time":"20190721191853","is_ascension_mode":true,"campfire_choices":[{"floor":6,"key":"RECALL"},{"floor":15,"key":"REST"}],"neow_cost":"NONE","seed_source_timestamp":954799815912300,"circlet_count":0,"master_deck":["Strike_G","Strike_G","Strike_G","Strike_G+1","Strike_G","Defend_G","Defend_G","Defend_G","Defend_G","Survivor","Neutralize","Venomology","Endless Agony+1","Masterful Stab","Blade Dance","Crippling Poison","Corpse Explosion","Die Die Die","Dagger Throw","PiercingWail","Outmaneuver"],"relics":["Ring of the Snake","Golden Idol","Letter Opener","Bottled Flame","Shuriken"],"potions_floor_usage":[1,7,8,11,11,11,11,12,13,14,16,16],"damage_taken":[{"damage":4,"enemies":"Cultist","floor":1,"turns":5},{"damage":0,"enemies":"2 Louse","floor":2,"turns":4},{"damage":2,"enemies":"Small Slimes","floor":5,"turns":4},{"damage":7,"enemies":"Looter","floor":7,"turns":2},{"damage":7,"enemies":"Gremlin Nob","floor":8,"turns":3},{"damage":9,"enemies":"Lagavulin","floor":11,"turns":6},{"damage":8,"enemies":"Exordium Thugs","floor":12,"turns":4},{"damage":0,"enemies":"Large Slime","floor":13,"turns":4},{"damage":0,"enemies":"Exordium Wildlife","floor":14,"turns":1},{"damage":28,"enemies":"Hexaghost","floor":16,"turns":9}],"seed_played":"-6465655015484062892","potions_obtained":[{"floor":5,"key":"Explosive Potion"},{"floor":8,"key":"SkillPotion"},{"floor":12,"key":"Fire Potion"},{"floor":14,"key":"SpeedPotion"}],"is_trial":false,"path_per_floor":["M","M","?","?","M","R","M","?","T","?","E","M","M","M","R","B"],"character_chosen":"THE_SILENT","items_purchased":[],"campfire_rested":1,"item_purchase_floors":[],"current_hp_per_floor":[66,66,49,35,33,33,26,19,19,8,13,5,5,5,26,0],"gold":415,"neow_bonus":"TRANSFORM_CARD","is_prod":false,"is_daily":false,"chose_seed":false,"campfire_upgraded":0,"win_rate":0,"timestamp":1563754733,"path_taken":["M","?","?","?","M","R","M","?","T","?","E","M","M","M","R","BOSS"],"build_version":"2019-07-17","purchased_purges":0,"victory":false,"max_hp_per_floor":[70,70,70,70,70,70,70,70,70,70,70,70,70,70,70,70],"card_choices":[{"not_picked":["Blade Dance","Backflip"],"picked":"Endless Agony","floor":1},{"not_picked":["All Out Attack","Riddle With Holes"],"picked":"Masterful Stab","floor":2},{"not_picked":["Acrobatics","Underhanded Strike"],"picked":"Blade Dance","floor":5},{"not_picked":["Outmaneuver","Poisoned Stab"],"picked":"Crippling Poison","floor":7},{"not_picked":["Distraction","Riddle With Holes"],"picked":"Corpse Explosion","floor":8},{"not_picked":["Dagger Spray","Acrobatics"],"picked":"Die Die Die","floor":11},{"not_picked":["Flechettes","Backflip"],"picked":"Dagger Throw","floor":12},{"not_picked":["Well Laid Plans","Poisoned Stab"],"picked":"PiercingWail","floor":13},{"not_picked":["Deflect","Backflip"],"picked":"Outmaneuver","floor":14}],"player_experience":134262,"relics_obtained":[{"floor":8,"key":"Letter Opener"},{"floor":9,"key":"Bottled Flame"},{"floor":11,"key":"Shuriken"}],"event_choices":[{"damage_healed":0,"gold_gain":0,"player_choice":"Take Damage","damage_taken":17,"relics_obtained":["Golden Idol"],"max_hp_gain":0,"max_hp_loss":0,"event_name":"Golden Idol","floor":3,"gold_loss":0},{"damage_healed":0,"gold_gain":0,"player_choice":"Entered Light","damage_taken":14,"max_hp_gain":0,"max_hp_loss":0,"event_name":"Shining Light","floor":4,"gold_loss":0,"cards_upgraded":["Strike_G","Endless Agony"]},{"damage_healed":0,"gold_gain":0,"player_choice":"Searched \u00271\u0027 times","damage_taken":0,"max_hp_gain":0,"max_hp_loss":0,"event_name":"Dead Adventurer","floor":8,"gold_loss":0},{"damage_healed":0,"gold_gain":75,"player_choice":"Gather Gold","damage_taken":11,"max_hp_gain":0,"max_hp_loss":0,"event_name":"World of Goop","floor":10,"gold_loss":0}],"is_beta":false,"boss_relics":[],"items_purged_floors":[],"is_endless":false,"potions_floor_spawned":[5,8,12,14],"killed_by":"Hexaghost","ascension_level":1}