{"gold_per_floor":[113,124,124,142,158,188,188,199,250,46,63,27,45,58,58,159,159,178,193,193,203,218,253,253,253,253,270,270,270,270],"floor_reached":30,"playtime":1774,"items_purged":[],"score":256,"play_id":"98affdcd-b37f-477c-93c4-a4eb63b5c0ea","local_time":"20190717182551","is_ascension_mode":false,"campfire_choices":[{"floor":7.0,"key":"REST"},{"data":"Static Discharge","floor":15.0,"key":"SMITH"},{"floor":25,"key":"REST"}],"neow_cost":"NONE","seed_source_timestamp":0,"circlet_count":0,"master_deck":["Strike_B","Strike_B","Defend_B","Defend_B","Zap","Dualcast","BootSequence","Redo","Gash","Chaos","Stack","Static Discharge+1","Tempest","Stack","Conserve Battery","Hello World","Ball Lightning+1","Storm","FTL+1","Lockon+1","Streamline+1","All For One+1","Leap+1","Redo+1","Force Field+1","Gash+1","Ball Lightning+1","Gash+1","Sweeping Beam+1","Doom and Gloom+1","Scrape+1","Go for the Eyes+1","RitualDagger+1"],"special_seed":0,"relics":["Orrery","Bronze Scales","Molten Egg 2","Lantern","TheAbacus","Astrolabe","Potion Belt","Question Card","Pear"],"potions_floor_usage":[23,27],"damage_taken":[{"damage":4.0,"enemies":"Jaw Worm","floor":1.0,"turns":6.0},{"damage":8.0,"enemies":"Cultist","floor":2.0,"turns":5.0},{"damage":0.0,"enemies":"2 Louse","floor":4.0,"turns":2.0},{"damage":6.0,"enemies":"2 Fungi Beasts","floor":5.0,"turns":3.0},{"damage":29.0,"enemies":"Lagavulin","floor":6.0,"turns":8.0},{"damage":3.0,"enemies":"Looter","floor":8.0,"turns":4.0},{"damage":5.0,"enemies":"Blue Slaver","floor":11.0,"turns":5.0},{"damage":0.0,"enemies":"2 Fungi Beasts","floor":13.0,"turns":2.0},{"damage":0.0,"enemies":"Large Slime","floor":14.0,"turns":4.0},{"damage":45.0,"enemies":"Slime Boss","floor":16.0,"turns":6.0},{"damage":9,"enemies":"3 Byrds","floor":18,"turns":3},{"damage":0,"enemies":"Chosen","floor":19,"turns":4},{"damage":19,"enemies":"3 Cultists","floor":21,"turns":4},{"damage":6,"enemies":"Snake Plant","floor":22,"turns":3},{"damage":34,"enemies":"Slavers","floor":23,"turns":5},{"damage":15,"enemies":"Snecko","floor":27,"turns":4},{"damage":18,"enemies":"Book of Stabbing","floor":30,"turns":2}],"seed_played":"1172582618148273249","potions_obtained":[{"floor":2.0,"key":"Poison Potion"},{"floor":4.0,"key":"Ancient Potion"},{"floor":6.0,"key":"SkillPotion"},{"floor":8.0,"key":"Regen Potion"},{"floor":18,"key":"Ancient Potion"},{"floor":23,"key":"PowerPotion"}],"is_trial":false,"path_per_floor":["M","M","?","M","M","E","R","M","T","$","M","$","M","M","R","B",null,"M","M","?","M","M","E","?","R","T","M","?","?","E"],"character_chosen":"DEFECT","items_purchased":["TheAbacus","FTL+1"],"campfire_rested":2,"item_purchase_floors":[10,12],"current_hp_per_floor":[71,63,63,63,57,28,50,47,47,47,42,42,42,42,42,12,75,66,66,66,47,41,7,7,29,29,14,8,18,0],"gold":270,"neow_bonus":"BOSS_RELIC","is_prod":false,"is_daily":false,"chose_seed":false,"campfire_upgraded":1,"win_rate":0.0,"timestamp":1563405951,"path_taken":["M","M","?","M","M","E","R","?","T","?","M","?","M","M","R","BOSS","M","M","?","M","M","E","?","R","T","M","?","?","E"],"build_version":"2019-07-05","purchased_purges":0,"victory":false,"max_hp_per_floor":[75,75,75,75,75,75,75,75,75,75,75,75,75,75,75,75,75,75,75,75,75,75,75,75,75,75,75,75,85,85],"card_choices":[{"not_picked":["Go for the Eyes","Lockon"],"picked":"BootSequence","floor":0.0},{"not_picked":["Skim","Go for the Eyes"],"picked":"Redo","floor":0.0},{"not_picked":["Barrage","Hologram"],"picked":"Gash","floor":0.0},{"not_picked":["Steam","Go for the Eyes"],"picked":"Chaos","floor":0.0},{"not_picked":["Steam","Hologram"],"picked":"Stack","floor":0.0},{"not_picked":["Go for the Eyes","Ball Lightning"],"picked":"Static Discharge","floor":1.0},{"not_picked":["Force Field","Darkness"],"picked":"Tempest","floor":2.0},{"not_picked":["Hologram","Redo"],"picked":"Stack","floor":4.0},{"not_picked":["Steam","Stack"],"picked":"Conserve Battery","floor":5.0},{"not_picked":["Ball Lightning","Echo Form"],"picked":"Hello World","floor":6.0},{"not_picked":["Rebound+1","Darkness"],"picked":"Ball Lightning+1","floor":8.0},{"not_picked":["Barrage+1","Hello World"],"picked":"Storm","floor":11.0},{"not_picked":["Beam Cell+1","Turbo"],"picked":"Lockon+1","floor":13.0},{"not_picked":["Steam Power","Hologram"],"picked":"Streamline+1","floor":14.0},{"not_picked":["Fission","Meteor Strike+1"],"picked":"All For One+1","floor":16.0},{"not_picked":["Hologram+1","Consume"],"picked":"Gash+1","floor":18},{"not_picked":["Self Repair+1","Darkness"],"picked":"Ball Lightning+1","floor":19},{"not_picked":["Steam+1","Stack"],"picked":"Sweeping Beam+1","floor":21},{"not_picked":["Conserve Battery","Stack+1"],"picked":"Doom and Gloom+1","floor":22},{"not_picked":["Melter+1","Biased Cognition"],"picked":"Scrape+1","floor":23},{"not_picked":["Reprogram","Rebound+1","Steam"],"picked":"Go for the Eyes+1","floor":27}],"player_experience":69900,"relics_obtained":[{"floor":6.0,"key":"Molten Egg 2"},{"floor":9.0,"key":"Lantern"},{"floor":23,"key":"Potion Belt"},{"floor":26,"key":"Question Card"}],"event_choices":[{"damage_healed":0.0,"max_hp_gain":0.0,"max_hp_loss":0.0,"gold_gain":0.0,"event_name":"WeMeetAgain","player_choice":"Gave Potion","floor":3.0,"gold_loss":0.0,"damage_taken":0.0,"relics_obtained":["Bronze Scales"]},{"damage_healed":0,"gold_gain":0,"player_choice":"Read","damage_taken":0,"max_hp_gain":0,"max_hp_loss":0,"event_name":"The Library","floor":20,"gold_loss":0,"cards_obtained":["Gash"]},{"cards_removed":["Strike_B"],"damage_healed":0,"gold_gain":0,"player_choice":"Elegance","damage_taken":0,"max_hp_gain":0,"max_hp_loss":0,"event_name":"Back to Basics","floor":24,"gold_loss":0},{"damage_healed":0,"gold_gain":0,"player_choice":"Joined the Cult","damage_taken":6,"max_hp_gain":0,"max_hp_loss":0,"event_name":"Nest","floor":28,"gold_loss":0,"cards_obtained":["RitualDagger"]},{"damage_healed":0,"gold_gain":0,"player_choice":"Opened","damage_taken":0,"relics_obtained":["Pear"],"max_hp_gain":0,"max_hp_loss":0,"event_name":"The Mausoleum","floor":29,"gold_loss":0}],"is_beta":false,"boss_relics":[{"not_picked":["Empty Cage","Velvet Choker"],"picked":"Astrolabe"}],"items_purged_floors":[],"is_endless":false,"potions_floor_spawned":[2,4,6,8,13,18,23],"killed_by":"Book of Stabbing","ascension_level":0}