{"gold_per_floor":[118,134,153,153,78,78,105,116,116,116,135,135,153,153,153,229,279,299,317,317,331,331,331,331,331],"floor_reached":25,"playtime":641,"items_purged":[],"score":406,"play_id":"1d6d627b-9dff-4a20-b482-4601bca2d6fd","local_time":"20190504034244","is_ascension_mode":true,"campfire_choices":[{"data":"Armaments","floor":6,"key":"SMITH"},{"data":"Searing Blow","floor":10,"key":"SMITH"},{"data":"Searing Blow+1","floor":12,"key":"SMITH"},{"data":"Searing Blow+2","floor":15,"key":"SMITH"},{"floor":23,"key":"REST"}],"neow_cost":"NONE","seed_source_timestamp":1125282153831600,"circlet_count":0,"master_deck":["AscendersBane","Strike_R","Strike_R","Defend_R","Defend_R","Defend_R","Defend_R","Bash","Anger","Twin Strike","Armaments+1","Infernal Blade","Searing Blow+3","Ghostly Armor","Double Tap+1","Bloodletting"],"relics":["Burning Blood","Letter Opener","Pocketwatch","Tiny House"],"potions_floor_usage":[7,11,13,19,25],"damage_taken":[{"damage":6,"enemies":"Cultist","floor":1,"turns":3},{"damage":4,"enemies":"Jaw Worm","floor":2,"turns":3},{"damage":10,"enemies":"Small Slimes","floor":3,"turns":4},{"damage":25,"enemies":"3 Sentries","floor":7,"turns":7},{"damage":11,"enemies":"Blue Slaver","floor":8,"turns":3},{"damage":7,"enemies":"Lots of Slimes","floor":11,"turns":4},{"damage":7,"enemies":"Exordium Wildlife","floor":13,"turns":3},{"damage":1,"enemies":"The Guardian","floor":16,"turns":15},{"damage":28,"enemies":"Chosen","floor":18,"turns":5},{"damage":10,"enemies":"2 Thieves","floor":19,"turns":4},{"damage":13,"enemies":"Sentry and Sphere","floor":21,"turns":5},{"damage":55,"enemies":"Book of Stabbing","floor":25,"turns":5}],"seed_played":"-1476730410364442779","potions_obtained":[{"floor":2,"key":"Energy Potion"},{"floor":3,"key":"PowerPotion"},{"floor":7,"key":"FearPotion"},{"floor":17,"key":"Swift Potion"},{"floor":18,"key":"Block Potion"},{"floor":19,"key":"Ancient Potion"}],"is_trial":false,"path_per_floor":["M","M","M","?","?","R","E","M","T","R","M","R","M","?","R","B",null,"M","M","?","M","?","R","?","E"],"character_chosen":"IRONCLAD","items_purchased":[],"campfire_rested":1,"item_purchase_floors":[],"current_hp_per_floor":[68,70,66,66,66,66,47,42,42,42,41,41,40,45,45,50,78,56,52,52,45,24,49,49,0],"gold":331,"neow_bonus":"THREE_CARDS","is_prod":false,"is_daily":false,"chose_seed":false,"campfire_upgraded":4,"win_rate":0,"timestamp":1556908964,"path_taken":["M","?","M","?","?","R","E","M","T","R","M","R","M","?","R","BOSS","M","M","?","?","?","R","?","E"],"build_version":"2019-01-23","purchased_purges":0,"victory":false,"max_hp_per_floor":[75,75,75,75,75,75,75,75,75,75,75,75,75,80,80,80,85,85,85,85,85,85,85,85,85],"card_choices":[{"not_picked":["Combust","Sword Boomerang"],"picked":"Anger","floor":0},{"not_picked":["Heavy Blade","Second Wind"],"picked":"Twin Strike","floor":1},{"not_picked":["Sword Boomerang","Dual Wield"],"picked":"Armaments","floor":2},{"not_picked":["Heavy Blade","Sword Boomerang"],"picked":"Infernal Blade","floor":3},{"not_picked":["Armaments","Pummel"],"picked":"Searing Blow","floor":7},{"not_picked":["Wild Strike","Havoc","Body Slam"],"picked":"SKIP","floor":8},{"not_picked":["Twin Strike","Sever Soul","Wild Strike"],"picked":"SKIP","floor":11},{"not_picked":["Evolve","Metallicize"],"picked":"Ghostly Armor","floor":13},{"not_picked":["Demon Form","Offering"],"picked":"Double Tap","floor":16},{"not_picked":["Feel No Pain","Pummel"],"picked":"Bloodletting","floor":17},{"not_picked":["Ghostly Armor","Hemokinesis","Anger"],"picked":"SKIP","floor":18},{"not_picked":["Wild Strike","Clothesline","Havoc+1"],"picked":"SKIP","floor":19},{"not_picked":["Clothesline","Feel No Pain","Twin Strike"],"picked":"SKIP","floor":21}],"player_experience":4910580,"relics_obtained":[{"floor":7,"key":"Letter Opener"},{"floor":9,"key":"Pocketwatch"}],"event_choices":[{"cards_removed":["Strike_R"],"damage_healed":0,"gold_gain":0,"player_choice":"Forget","damage_taken":0,"max_hp_gain":0,"max_hp_loss":0,"event_name":"Living Wall","floor":4,"gold_loss":0},{"cards_removed":["Strike_R"],"damage_healed":0,"gold_gain":0,"player_choice":"Card Removal","damage_taken":0,"max_hp_gain":0,"max_hp_loss":0,"event_name":"The Cleric","floor":5,"gold_loss":75},{"damage_healed":0,"gold_gain":0,"player_choice":"Donut","damage_taken":0,"max_hp_gain":5,"max_hp_loss":0,"event_name":"Big Fish","floor":14,"gold_loss":0},{"cards_removed":["Strike_R"],"damage_healed":0,"gold_gain":0,"player_choice":"Purged","damage_taken":0,"max_hp_gain":0,"max_hp_loss":0,"event_name":"Purifier","floor":20,"gold_loss":0},{"damage_healed":0,"gold_gain":0,"player_choice":"Obtained Book","damage_taken":21,"max_hp_gain":0,"max_hp_loss":0,"event_name":"Cursed Tome","floor":22,"gold_loss":0},{"damage_healed":0,"gold_gain":0,"player_choice":"Ignored","damage_taken":0,"max_hp_gain":0,"max_hp_loss":0,"event_name":"The Mausoleum","floor":24,"gold_loss":0}],"is_beta":false,"boss_relics":[{"not_picked":["White Beast Statue","Lizard Tail"],"picked":"Tiny House"}],"items_purged_floors":[],"is_endless":false,"potions_floor_spawned":[2,3,7,8,18,19],"killed_by":"Book of Stabbing","ascension_level":20}