{"gold_per_floor":[118,118,130,149,159,191,191,64,64,80,80,94,114,128,128,128],"floor_reached":16,"playtime":676,"items_purged":[],"score":111,"play_id":"874defa6-f9bb-4928-bf31-3a08726ae2d6","local_time":"20190720125424","is_ascension_mode":true,"campfire_choices":[{"floor":11,"key":"RECALL"},{"floor":15,"key":"REST"}],"neow_cost":"PERCENT_DAMAGE","seed_source_timestamp":845495017319100,"circlet_count":0,"master_deck":["Strike_B","Strike_B","Strike_B","Defend_B","Defend_B","Zap","Dualcast","Biased Cognition","Biased Cognition","Skim","Barrage","Coolheaded","Electrodynamics","Chaos","Tempest","White Noise","Barrage","Coolheaded"],"relics":["Cracked Core","Anchor","Darkstone Periapt","Tiny Chest"],"potions_floor_usage":[6,13,13],"damage_taken":[{"damage":1,"enemies":"Jaw Worm","floor":1,"turns":3},{"damage":0,"enemies":"Cultist","floor":3,"turns":2},{"damage":8,"enemies":"Small Slimes","floor":4,"turns":3},{"damage":9,"enemies":"2 Fungi Beasts","floor":5,"turns":4},{"damage":28,"enemies":"3 Sentries","floor":6,"turns":5},{"damage":1,"enemies":"Exordium Thugs","floor":10,"turns":3},{"damage":0,"enemies":"Gremlin Gang","floor":12,"turns":2},{"damage":0,"enemies":"Lots of Slimes","floor":13,"turns":3},{"damage":0,"enemies":"2 Fungi Beasts","floor":14,"turns":2},{"damage":31,"enemies":"Hexaghost","floor":16,"turns":10}],"seed_played":"8276279232591155444","potions_obtained":[{"floor":4,"key":"Block Potion"},{"floor":10,"key":"Fire Potion"},{"floor":12,"key":"Dexterity Potion"}],"is_trial":false,"path_per_floor":["M","?","M","M","M","E","?","$","T","M","R","M","M","M","R","B"],"character_chosen":"DEFECT","items_purchased":["Tiny Chest"],"campfire_rested":1,"item_purchase_floors":[8],"current_hp_per_floor":[53,53,53,45,36,8,8,8,8,7,7,7,7,7,29,0],"gold":128,"neow_bonus":"TRANSFORM_TWO_CARDS","is_prod":false,"is_daily":false,"chose_seed":false,"campfire_upgraded":0,"win_rate":0,"timestamp":1563645264,"path_taken":["M","?","M","?","M","E","?","?","T","?","R","M","M","M","R","BOSS"],"build_version":"2019-07-17","purchased_purges":0,"victory":false,"max_hp_per_floor":[75,75,75,75,75,75,75,75,75,75,75,75,75,75,75,75],"card_choices":[{"not_picked":["Stack","Undo"],"picked":"Skim","floor":1},{"not_picked":["Conserve Battery","Rebound"],"picked":"Barrage","floor":3},{"not_picked":["Turbo","Sweeping Beam"],"picked":"Coolheaded","floor":4},{"not_picked":["Stack","Beam Cell","Hologram"],"picked":"SKIP","floor":5},{"not_picked":["Stack","Recycle"],"picked":"Electrodynamics","floor":6},{"not_picked":["Cold Snap","Double Energy"],"picked":"Tempest","floor":10},{"not_picked":["Genetic Algorithm","Turbo"],"picked":"White Noise","floor":12},{"not_picked":["Go for the Eyes","Gash"],"picked":"Barrage","floor":13},{"not_picked":["Gash","Steam"],"picked":"Coolheaded","floor":14}],"player_experience":110420,"relics_obtained":[{"floor":2,"key":"Anchor"},{"floor":6,"key":"Darkstone Periapt"}],"event_choices":[{"damage_healed":0,"gold_gain":0,"player_choice":"Relic","damage_taken":0,"max_hp_gain":0,"max_hp_loss":0,"event_name":"Wheel of Change","floor":2,"gold_loss":0},{"damage_healed":0,"gold_gain":0,"cards_transformed":["Defend_B"],"player_choice":"Change","damage_taken":0,"max_hp_gain":0,"max_hp_loss":0,"event_name":"Living Wall","floor":7,"gold_loss":0,"cards_obtained":["Chaos"]}],"is_beta":false,"boss_relics":[],"items_purged_floors":[],"is_endless":false,"potions_floor_spawned":[4,10,12],"killed_by":"Hexaghost","ascension_level":1}