{"gold_per_floor":[117,128,138,151,169,196,208,220,232,244,256,293,305,332,344,356],"floor_reached":16,"playtime":564,"items_purged":[],"score":224,"play_id":"d775c5a3-0c77-4b8e-9de4-41c39a69e08c","local_time":"20190718010427","is_ascension_mode":true,"campfire_choices":[{"data":"Feed","floor":8,"key":"SMITH"},{"data":"Bash","floor":11,"key":"SMITH"},{"data":"True Grit","floor":13,"key":"SMITH"},{"floor":15,"key":"REST"}],"neow_cost":"NONE","seed_source_timestamp":630919451537600,"circlet_count":0,"master_deck":["AscendersBane","Strike_R","Strike_R","Strike_R","Strike_R","Strike_R","Defend_R","Defend_R","Defend_R","Defend_R","Bash+1","Flame Barrier","Clothesline","Battle Trance","Sword Boomerang","Rampage","Feed+1","True Grit+1","Battle Trance"],"relics":["Burning Blood","MawBank","Turnip","Sundial"],"potions_floor_usage":[6,6,12,12,16],"damage_taken":[{"damage":12,"enemies":"Cultist","floor":1,"turns":5},{"damage":7,"enemies":"Small Slimes","floor":2,"turns":5},{"damage":5,"enemies":"2 Louse","floor":3,"turns":4},{"damage":16,"enemies":"Red Slaver","floor":4,"turns":6},{"damage":8,"enemies":"Exordium Thugs","floor":5,"turns":4},{"damage":35,"enemies":"3 Sentries","floor":6,"turns":12},{"damage":25,"enemies":"Gremlin Nob","floor":12,"turns":4},{"damage":21,"enemies":"Exordium Wildlife","floor":14,"turns":8},{"damage":65,"enemies":"Slime Boss","floor":16,"turns":11}],"seed_played":"-5761187599425240954","potions_obtained":[{"floor":4,"key":"Block Potion"},{"floor":5,"key":"EssenceOfSteel"},{"floor":10,"key":"GamblersBrew"},{"floor":10,"key":"Weak Potion"},{"floor":14,"key":"Block Potion"}],"is_trial":false,"path_per_floor":["M","M","M","M","M","E","?","R","T","?","R","E","R","M","R","B"],"character_chosen":"IRONCLAD","items_purchased":[],"campfire_rested":1,"item_purchase_floors":[],"current_hp_per_floor":[69,68,69,59,57,28,55,55,55,55,55,40,40,29,56,0],"gold":356,"neow_bonus":"TEN_PERCENT_HP_BONUS","is_prod":false,"is_daily":false,"chose_seed":false,"campfire_upgraded":3,"win_rate":0,"timestamp":1563379467,"path_taken":["M","M","M","M","M","E","?","R","T","?","R","E","R","M","R","BOSS"],"build_version":"2019-07-05","purchased_purges":0,"victory":false,"max_hp_per_floor":[82,82,82,82,82,82,82,82,82,82,82,86,86,90,90,90],"card_choices":[{"not_picked":["Heavy Blade","Thunderclap"],"picked":"Flame Barrier","floor":1},{"not_picked":["Disarm","Havoc"],"picked":"Clothesline","floor":2},{"not_picked":["Pommel Strike","Flex"],"picked":"Battle Trance","floor":3},{"not_picked":["Armaments","Clash"],"picked":"Sword Boomerang","floor":4},{"not_picked":["Pommel Strike","Armaments"],"picked":"Rampage","floor":5},{"not_picked":["Combust","Cleave"],"picked":"Feed","floor":6},{"not_picked":["Impervious","Havoc"],"picked":"True Grit","floor":12},{"not_picked":["Pommel Strike","Heavy Blade"],"picked":"Battle Trance","floor":14}],"player_experience":5724767,"relics_obtained":[{"floor":6,"key":"MawBank"},{"floor":9,"key":"Turnip"},{"floor":12,"key":"Sundial"}],"event_choices":[{"damage_healed":27,"gold_gain":0,"player_choice":"Banana","damage_taken":0,"max_hp_gain":0,"max_hp_loss":0,"event_name":"Big Fish","floor":7,"gold_loss":0},{"damage_healed":0,"gold_gain":0,"player_choice":"Got Potions","damage_taken":0,"max_hp_gain":0,"max_hp_loss":0,"event_name":"Lab","floor":10,"gold_loss":0}],"is_beta":false,"boss_relics":[],"items_purged_floors":[],"is_endless":false,"potions_floor_spawned":[4,5,14],"killed_by":"Slime Boss","ascension_level":20}