{"gold_per_floor":[119,219,234,246,211,211,211,72,72,85,112,127,138,151,151,224,224,238,238,238,238,257,286,286,311,311,20,20,33,33,51,51,125,125,140,152,172,10,24,24],"floor_reached":40,"playtime":910,"items_purged":[],"score":1241,"play_id":"024626e9-7179-403b-8462-8f6a67495eef","local_time":"20190717030708","is_ascension_mode":true,"campfire_choices":[{"floor":6,"key":"DIG"},{"floor":15,"key":"REST"},{"floor":24,"key":"DIG"},{"floor":30,"key":"DIG"},{"floor":32,"key":"REST"}],"neow_cost":"","seed_source_timestamp":2207106833768728,"circlet_count":0,"master_deck":["AscendersBane","Strike_R","Strike_R","Strike_R","Strike_R","Strike_R","Defend_R","Defend_R","Defend_R","Defend_R","Bash","Apotheosis","Flame Barrier","Shockwave","Flame Barrier","Perfected Strike","Armaments","Shrug It Off","Pommel Strike","Cleave+1","Rage","Perfected Strike+1","Perfected Strike+1","Pommel Strike+1","Perfected Strike+1","Sword Boomerang+1","Perfected Strike+1","Bludgeon+1","Twin Strike+1","Pommel Strike+1","Twin Strike+1","Perfected Strike+1","Pommel Strike+1","Twin Strike+1","Flame Barrier","Ghostly Armor+1","Perfected Strike+1","Shrug It Off","Shrug It Off+1","Pommel Strike+1","Spot Weakness","Whirlwind+1","Shrug It Off+1"],"relics":["Burning Blood","Shovel","Tiny Chest","Bronze Scales","Prayer Wheel","Molten Egg 2","Paper Frog","Fusion Hammer","Sundial","Ginger","Du-Vu Doll","Potion Belt","Red Skull","Vajra","MutagenicStrength","Shuriken","Eternal Feather"],"potions_floor_usage":[11,11,40,40,40,40],"damage_taken":[{"damage":0,"enemies":"Small Slimes","floor":1,"turns":4},{"damage":1,"enemies":"Cultist","floor":3,"turns":4},{"damage":0,"enemies":"Jaw Worm","floor":4,"turns":3},{"damage":10,"enemies":"2 Fungi Beasts","floor":10,"turns":4},{"damage":11,"enemies":"Gremlin Nob","floor":11,"turns":3},{"damage":13,"enemies":"Large Slime","floor":12,"turns":4},{"damage":0,"enemies":"Looter","floor":13,"turns":2},{"damage":12,"enemies":"2 Fungi Beasts","floor":14,"turns":3},{"damage":12,"enemies":"Slime Boss","floor":16,"turns":5},{"damage":11,"enemies":"2 Thieves","floor":18,"turns":2},{"damage":1,"enemies":"3 Byrds","floor":22,"turns":2},{"damage":35,"enemies":"Book of Stabbing","floor":23,"turns":4},{"damage":7,"enemies":"Snake Plant","floor":29,"turns":2},{"damage":0,"enemies":"Sentry and Sphere","floor":31,"turns":3},{"damage":34,"enemies":"Champ","floor":33,"turns":7},{"damage":11,"enemies":"Orb Walker","floor":35,"turns":2},{"damage":0,"enemies":"3 Shapes","floor":36,"turns":2},{"damage":3,"enemies":"Maw","floor":37,"turns":4},{"damage":32,"enemies":"Writhing Mass","floor":39,"turns":4},{"damage":67,"enemies":"Reptomancer","floor":40,"turns":5}],"seed_played":"-971164392548362659","potions_obtained":[{"floor":13,"key":"Regen Potion"},{"floor":16,"key":"Dexterity Potion"}],"is_trial":false,"path_per_floor":["M","?","M","M","?","R","?","$","T","M","E","M","M","M","R","B",null,"M","?","?","T","M","E","R","T","T","$","?","M","R","M","R","B",null,"M","M","M","$","M","E"],"character_chosen":"IRONCLAD","items_purchased":["Apotheosis","Tiny Chest","Flame Barrier","Shockwave","Regen Potion","Energy Potion","Armaments","Shrug It Off","Pommel Strike","Vajra","Regen Potion","PowerPotion","Spot Weakness","Whirlwind+1"],"campfire_rested":2,"item_purchase_floors":[0,0,0,0,0,0,8,8,8,27,27,27,38,38],"current_hp_per_floor":[36,36,41,47,65,65,47,47,47,43,47,40,46,40,62,56,70,65,65,65,65,70,41,41,41,41,41,41,40,40,46,68,40,66,61,67,70,70,44,0],"gold":24,"neow_bonus":"","is_prod":false,"is_daily":false,"chose_seed":false,"campfire_upgraded":0,"win_rate":0,"timestamp":1563325628,"path_taken":["M","?","?","M","?","R","?","$","T","M","E","M","M","M","R","BOSS","M","?","?","?","M","E","R","?","T","$","?","?","R","M","R","BOSS","M","?","M","$","?","E"],"build_version":"2019-07-05","purchased_purges":0,"victory":false,"max_hp_per_floor":[75,75,75,75,75,75,75,75,75,75,75,75,75,75,75,75,75,75,75,75,75,75,75,75,75,75,75,75,75,75,75,75,75,75,75,75,75,75,75,75],"card_choices":[{"not_picked":["Warcry","Headbutt"],"picked":"Flame Barrier","floor":1},{"not_picked":["Cleave","Thunderclap"],"picked":"Perfected Strike","floor":3},{"not_picked":["Anger","Searing Blow","Heavy Blade"],"picked":"SKIP","floor":4},{"not_picked":["Disarm","Flex"],"picked":"Cleave+1","floor":10},{"not_picked":["True Grit","Burning Pact"],"picked":"Rage","floor":10},{"not_picked":["Havoc","Anger+1"],"picked":"Perfected Strike+1","floor":11},{"not_picked":["Demon Form","Sever Soul+1"],"picked":"Perfected Strike+1","floor":12},{"not_picked":["Reckless Charge+1","Iron Wave+1"],"picked":"Pommel Strike+1","floor":12},{"not_picked":["Offering","Sword Boomerang+1"],"picked":"Perfected Strike+1","floor":13},{"not_picked":["Heavy Blade+1","Burning Pact"],"picked":"Sword Boomerang+1","floor":13},{"not_picked":["True Grit","Twin Strike+1"],"picked":"Perfected Strike+1","floor":14},{"not_picked":["Flex","Heavy Blade+1","Intimidate"],"picked":"SKIP","floor":14},{"not_picked":["Exhume","Immolate+1"],"picked":"Bludgeon+1","floor":16},{"not_picked":["Wild Strike+1","True Grit+1"],"picked":"Twin Strike+1","floor":18},{"not_picked":["Dropkick+1","True Grit","Metallicize"],"picked":"SKIP","floor":18},{"not_picked":["Anger+1","Warcry"],"picked":"Pommel Strike+1","floor":22},{"not_picked":["Reckless Charge+1","True Grit"],"picked":"Twin Strike+1","floor":22},{"not_picked":["Clash+1","Battle Trance+1"],"picked":"Perfected Strike+1","floor":23},{"not_picked":["Twin Strike+1","Anger+1"],"picked":"Pommel Strike+1","floor":29},{"not_picked":["Cleave+1","Evolve","Anger+1"],"picked":"SKIP","floor":29},{"not_picked":["Sword Boomerang+1","Infernal Blade"],"picked":"Twin Strike+1","floor":31},{"not_picked":["Blood for Blood+1","Cleave+1"],"picked":"Flame Barrier","floor":31},{"not_picked":["Warcry","Hemokinesis+1"],"picked":"Ghostly Armor+1","floor":35},{"not_picked":["Rampage+1","Shrug It Off"],"picked":"Perfected Strike+1","floor":35},{"not_picked":["Sever Soul+1","Feel No Pain"],"picked":"Shrug It Off","floor":36},{"not_picked":["Body Slam+1","Cleave+1","Havoc+1"],"picked":"SKIP","floor":36},{"not_picked":["Burning Pact","Warcry+1"],"picked":"Shrug It Off+1","floor":37},{"not_picked":["Bloodletting","Warcry"],"picked":"Pommel Strike+1","floor":37},{"not_picked":["Thunderclap+1","Twin Strike+1"],"picked":"Shrug It Off+1","floor":39},{"not_picked":["Anger+1","Metallicize","True Grit"],"picked":"SKIP","floor":39}],"player_experience":465780,"relics_obtained":[{"floor":6,"key":"Bronze Scales"},{"floor":9,"key":"Molten Egg 2"},{"floor":11,"key":"Paper Frog"},{"floor":21,"key":"Sundial"},{"floor":23,"key":"Ginger"},{"floor":24,"key":"Du-Vu Doll"},{"floor":25,"key":"Potion Belt"},{"floor":26,"key":"Red Skull"},{"floor":30,"key":"Shuriken"}],"event_choices":[{"damage_healed":0,"gold_gain":100,"player_choice":"Gold","damage_taken":0,"max_hp_gain":0,"max_hp_loss":0,"event_name":"Wheel of Change","floor":2,"gold_loss":0},{"damage_healed":18,"gold_gain":0,"player_choice":"Healed","damage_taken":0,"max_hp_gain":0,"max_hp_loss":0,"event_name":"The Cleric","floor":5,"gold_loss":35},{"damage_healed":0,"gold_gain":0,"player_choice":"Success","damage_taken":18,"relics_obtained":["Prayer Wheel"],"max_hp_gain":0,"max_hp_loss":0,"event_name":"Scrap Ooze","floor":7,"gold_loss":0},{"damage_healed":0,"gold_gain":0,"player_choice":"Ignored","damage_taken":0,"max_hp_gain":0,"max_hp_loss":0,"event_name":"Beggar","floor":19,"gold_loss":0},{"damage_healed":0,"gold_gain":0,"player_choice":"Ignored","damage_taken":0,"max_hp_gain":0,"max_hp_loss":0,"event_name":"Ghosts","floor":20,"gold_loss":0},{"damage_healed":0,"gold_gain":0,"player_choice":"Inject Mutagens","damage_taken":0,"relics_obtained":["MutagenicStrength"],"max_hp_gain":0,"max_hp_loss":0,"event_name":"Drug Dealer","floor":28,"gold_loss":0}],"is_beta":false,"boss_relics":[{"not_picked":["Black Blood","Mark of Pain"],"picked":"Fusion Hammer"},{"not_picked":["Orrery","Pandora\u0027s Box"],"picked":"Eternal Feather"}],"items_purged_floors":[],"is_endless":false,"potions_floor_spawned":[1,4,13,16,22,29,36],"killed_by":"Reptomancer","ascension_level":19}