{"gold_per_floor":[110,110,110,110,11,11,11,11,11,21,21,21,37,53,53,53],"floor_reached":16,"playtime":407,"items_purged":[],"score":276,"play_id":"b4941a4d-69a0-47d8-af5a-3fcbac9e2526","local_time":"20190720043046","is_ascension_mode":true,"campfire_choices":[{"floor":6,"key":"REST"},{"data":"Panacea","floor":8,"key":"SMITH"},{"data":"Bash","floor":12,"key":"SMITH"},{"data":"Shrug It Off","floor":15,"key":"SMITH"}],"neow_cost":"","seed_source_timestamp":2471832474904819,"circlet_count":0,"master_deck":["AscendersBane","Strike_R+1","Strike_R","Strike_R","Strike_R","Strike_R","Defend_R","Defend_R+1","Defend_R","Defend_R","Bash+1","Shrug It Off+1","Armaments+1","Shrug It Off","Panacea+1","Shrug It Off"],"relics":["Burning Blood","Bird Faced Urn","Boot","Unceasing Top"],"potions_floor_usage":[13,16,16],"damage_taken":[{"damage":0,"enemies":"2 Louse","floor":1,"turns":2},{"damage":4,"enemies":"Jaw Worm","floor":10,"turns":5},{"damage":2,"enemies":"Small Slimes","floor":13,"turns":4},{"damage":5,"enemies":"Blue Slaver","floor":14,"turns":5},{"damage":74,"enemies":"Hexaghost","floor":16,"turns":18}],"seed_played":"-2040906089238560468","potions_obtained":[{"floor":10,"key":"BloodPotion"},{"floor":13,"key":"PowerPotion"},{"floor":14,"key":"SpeedPotion"}],"is_trial":false,"path_per_floor":["M","?","?","?","$","R","$","R","T","M","?","R","M","M","R","B"],"character_chosen":"IRONCLAD","items_purchased":["Shrug It Off","Armaments","Panacea"],"campfire_rested":1,"item_purchase_floors":[0,0,5],"current_hp_per_floor":[55,32,14,14,14,36,36,36,36,38,38,38,60,61,61,0],"gold":53,"neow_bonus":"","is_prod":false,"is_daily":false,"chose_seed":false,"campfire_upgraded":3,"win_rate":0,"timestamp":1563589846,"path_taken":["M","?","?","?","$","R","?","R","T","M","?","R","M","?","R","BOSS"],"build_version":"2019-07-17","purchased_purges":0,"victory":false,"max_hp_per_floor":[75,75,75,75,75,75,75,75,75,75,75,75,75,75,75,75],"card_choices":[{"not_picked":["Fire Breathing","Clash"],"picked":"Shrug It Off","floor":1},{"not_picked":["Pommel Strike","True Grit"],"picked":"Shrug It Off","floor":10},{"not_picked":["Havoc","Twin Strike","Hemokinesis"],"picked":"SKIP","floor":13},{"not_picked":["Heavy Blade","Second Wind","Anger"],"picked":"SKIP","floor":14}],"player_experience":515497,"relics_obtained":[{"floor":9,"key":"Unceasing Top"}],"event_choices":[{"damage_healed":0,"gold_gain":0,"player_choice":"Entered Light","damage_taken":23,"max_hp_gain":0,"max_hp_loss":0,"event_name":"Shining Light","floor":2,"gold_loss":0,"cards_upgraded":["Strike_R","Defend_R"]},{"damage_healed":0,"gold_gain":0,"player_choice":"Success","damage_taken":18,"relics_obtained":["Boot"],"max_hp_gain":0,"max_hp_loss":0,"event_name":"Scrap Ooze","floor":3,"gold_loss":0},{"damage_healed":0,"gold_gain":0,"player_choice":"Grow","damage_taken":0,"max_hp_gain":0,"max_hp_loss":0,"event_name":"Living Wall","floor":4,"gold_loss":0,"cards_upgraded":["Armaments"]},{"damage_healed":0,"gold_gain":0,"player_choice":"Ignored","damage_taken":0,"max_hp_gain":0,"max_hp_loss":0,"event_name":"Golden Wing","floor":11,"gold_loss":0}],"is_beta":false,"boss_relics":[],"items_purged_floors":[],"is_endless":false,"potions_floor_spawned":[10,13,14],"killed_by":"Hexaghost","ascension_level":20}