{"gold_per_floor":[116,132,132,132,144,144,177,177,250,250,279,82,115,115,115,213,213,224,256,256,226],"floor_reached":21,"playtime":708,"items_purged":[],"score":241,"play_id":"5dd22c86-994f-4443-a9ae-1e9f7f68310b","local_time":"20190706151628","is_ascension_mode":true,"campfire_choices":[{"data":"Uppercut","floor":6,"key":"SMITH"},{"data":"Armaments","floor":8,"key":"SMITH"},{"data":"Metallicize","floor":10,"key":"SMITH"},{"floor":15,"key":"REST"}],"neow_cost":"NONE","seed_source_timestamp":1304258569345462,"circlet_count":0,"master_deck":["Strike_R+1","Strike_R+1","Strike_R+1","Defend_R","Defend_R+1","Bash","Metallicize+1","Sword Boomerang","Uppercut+1","Dropkick","Armaments+1","Dual Wield","Flame Barrier","Dropkick","Berserk","Inflame+1","Body Slam+1","Entrench+1","Shrug It Off+1","Decay"],"relics":["Burning Blood","Boot","Whetstone","Bottled Lightning","Potion Belt","Juzu Bracelet","Ginger","Astrolabe","Red Mask"],"potions_floor_usage":[13,13,19,21],"damage_taken":[{"damage":2,"enemies":"Cultist","floor":1,"turns":4},{"damage":4,"enemies":"Small Slimes","floor":2,"turns":4},{"damage":7,"enemies":"Jaw Worm","floor":5,"turns":3},{"damage":9,"enemies":"Lagavulin","floor":7,"turns":7},{"damage":12,"enemies":"Gremlin Nob","floor":11,"turns":3},{"damage":11,"enemies":"Lagavulin","floor":13,"turns":9},{"damage":45,"enemies":"Slime Boss","floor":16,"turns":13},{"damage":19,"enemies":"Shell Parasite","floor":18,"turns":6},{"damage":52,"enemies":"Masked Bandits","floor":19,"turns":5},{"damage":11,"enemies":"2 Thieves","floor":21,"turns":1}],"seed_played":"-5924090712473673507","potions_obtained":[{"floor":5,"key":"FearPotion"},{"floor":7,"key":"Block Potion"},{"floor":18,"key":"Weak Potion"},{"floor":19,"key":"Explosive Potion"}],"is_trial":false,"path_per_floor":["M","M","?","?","M","R","E","R","T","R","E","$","E","?","R","B",null,"M","?","?","M"],"character_chosen":"IRONCLAD","items_purchased":["Flame Barrier","Juzu Bracelet"],"campfire_rested":1,"item_purchase_floors":[12,12],"current_hp_per_floor":[80,80,64,61,60,60,57,57,57,57,51,51,46,46,70,31,68,55,9,9,0],"gold":226,"neow_bonus":"TRANSFORM_CARD","is_prod":false,"is_daily":false,"chose_seed":false,"campfire_upgraded":3,"win_rate":0,"timestamp":1562422588,"path_taken":["M","M","?","?","M","R","E","R","T","R","E","$","E","?","R","BOSS","M","?","?","M"],"build_version":"2019-07-05","purchased_purges":0,"victory":false,"max_hp_per_floor":[80,80,80,80,80,80,80,80,80,80,80,80,80,80,80,80,80,80,80,80,80],"card_choices":[{"not_picked":["Pommel Strike","Second Wind"],"picked":"Sword Boomerang","floor":1},{"not_picked":["Twin Strike","Flex"],"picked":"Uppercut","floor":2},{"not_picked":["Entrench","Twin Strike"],"picked":"Dropkick","floor":5},{"not_picked":["Rage","True Grit"],"picked":"Armaments","floor":7},{"not_picked":["Reckless Charge","Sever Soul"],"picked":"Dual Wield","floor":11},{"not_picked":["Cleave","Anger"],"picked":"Dropkick","floor":13},{"not_picked":["Dark Embrace","Fiend Fire"],"picked":"Berserk","floor":16},{"not_picked":["Warcry","Twin Strike","Heavy Blade+1"],"picked":"SKIP","floor":18},{"not_picked":["Evolve+1","Wild Strike"],"picked":"Shrug It Off+1","floor":19}],"player_experience":184091,"relics_obtained":[{"floor":7,"key":"Whetstone"},{"floor":9,"key":"Bottled Lightning"},{"floor":11,"key":"Potion Belt"},{"floor":13,"key":"Ginger"},{"floor":19,"key":"Red Mask"}],"event_choices":[{"damage_healed":0,"gold_gain":0,"player_choice":"Entered Light","damage_taken":16,"max_hp_gain":0,"max_hp_loss":0,"event_name":"Shining Light","floor":3,"gold_loss":0,"cards_upgraded":["Strike_R","Defend_R"]},{"damage_healed":0,"gold_gain":0,"player_choice":"Success","damage_taken":3,"relics_obtained":["Boot"],"max_hp_gain":0,"max_hp_loss":0,"event_name":"Scrap Ooze","floor":4,"gold_loss":0},{"damage_healed":0,"gold_gain":0,"player_choice":"Ignored","damage_taken":0,"max_hp_gain":0,"max_hp_loss":0,"event_name":"Liars Game","floor":14,"gold_loss":0},{"damage_healed":0,"gold_gain":0,"player_choice":"Fought Bandits","damage_taken":0,"max_hp_gain":0,"max_hp_loss":0,"event_name":"Masked Bandits","floor":19,"gold_loss":0},{"damage_healed":0,"gold_gain":0,"player_choice":"Smashed Altar","damage_taken":0,"max_hp_gain":0,"max_hp_loss":0,"event_name":"Forgotten Altar","floor":20,"gold_loss":0,"cards_obtained":["Decay"]}],"is_beta":false,"boss_relics":[{"not_picked":["Tiny House","White Beast Statue"],"picked":"Astrolabe"}],"items_purged_floors":[],"is_endless":false,"potions_floor_spawned":[5,7,18,19],"killed_by":"2 Thieves","ascension_level":5}