{"gold_per_floor":[12,62,62,62,73,73,84,100,147,167,179,179,194,212,212,286,286,299,299,224,224,124,124,151,151,151,151,161,181,181,194,194,266,266,276,276,96,110,163,193,43,43,95,112,146,146,181,6,6,6,6,6,6,6,33,33],"floor_reached":57,"playtime":1672,"items_purged":["Strike_G","Defend_G","Strike_G","Escape Plan","Defend_G"],"score":3496,"play_id":"e703c5cb-5a8d-43ce-ad6b-70eef20a8fc7","local_time":"20190329010736","is_ascension_mode":true,"campfire_choices":[{"data":"Escape Plan","floor":6,"key":"SMITH"},{"floor":15,"key":"REST"},{"data":"Acrobatics","floor":23,"key":"SMITH"},{"data":"Reflex","floor":25,"key":"SMITH"},{"data":"Tactician","floor":27,"key":"SMITH"},{"data":"Night Terror","floor":30,"key":"SMITH"},{"data":"Adrenaline","floor":32,"key":"SMITH"},{"data":"Prepared","floor":42,"key":"SMITH"},{"floor":46,"key":"RECALL"},{"data":"Catalyst","floor":49,"key":"SMITH"},{"data":"Backflip","floor":53,"key":"SMITH"}],"neow_cost":"NO_GOLD","seed_source_timestamp":1299444941031700,"circlet_count":0,"master_deck":["AscendersBane","Defend_G","Survivor","Neutralize+1","Distraction+1","Escape Plan+1","Acrobatics+1","Backflip+1","Deadly Poison","Tactician+1","Adrenaline+1","Grand Finale","Reflex+1","Night Terror+1","Bane","Catalyst+1","Prepared+1","Calculated Gamble","Malaise"],"relics":["Ring of the Snake","Bag of Marbles","Odd Mushroom","Philosopher\u0027s Stone","Pen Nib","FossilizedHelix","Lizard Tail","Turnip","Blood Vial","Gremlin Horn","Omamori","Orichalcum"],"potions_floor_usage":[10,11,24,55,56],"damage_taken":[{"damage":0,"enemies":"2 Louse","floor":1,"turns":3},{"damage":3,"enemies":"Cultist","floor":5,"turns":5},{"damage":0,"enemies":"Jaw Worm","floor":7,"turns":4},{"damage":6,"enemies":"2 Fungi Beasts","floor":8,"turns":5},{"damage":0,"enemies":"The Mushroom Lair","floor":10,"turns":1},{"damage":4,"enemies":"Exordium Thugs","floor":11,"turns":5},{"damage":0,"enemies":"Blue Slaver","floor":13,"turns":3},{"damage":0,"enemies":"2 Fungi Beasts","floor":14,"turns":5},{"damage":4,"enemies":"The Guardian","floor":16,"turns":13},{"damage":5,"enemies":"Shell Parasite","floor":18,"turns":5},{"damage":0,"enemies":"Book of Stabbing","floor":24,"turns":2},{"damage":0,"enemies":"Chosen","floor":28,"turns":2},{"damage":0,"enemies":"Centurion and Healer","floor":29,"turns":3},{"damage":0,"enemies":"Sentry and Sphere","floor":31,"turns":4},{"damage":0,"enemies":"Collector","floor":33,"turns":3},{"damage":0,"enemies":"Orb Walker","floor":35,"turns":1},{"damage":0,"enemies":"3 Shapes","floor":38,"turns":1},{"damage":0,"enemies":"2 Orb Walkers","floor":39,"turns":1},{"damage":0,"enemies":"Nemesis","floor":40,"turns":1},{"damage":0,"enemies":"Maw","floor":44,"turns":3},{"damage":0,"enemies":"Reptomancer","floor":45,"turns":2},{"damage":0,"enemies":"Giant Head","floor":47,"turns":2},{"damage":0,"enemies":"Time Eater","floor":50,"turns":3},{"damage":0,"enemies":"Awakened One","floor":51,"turns":2},{"damage":0,"enemies":"Shield and Spear","floor":55,"turns":1},{"damage":49,"enemies":"The Heart","floor":56,"turns":5}],"seed_played":"6384249858739982912","potions_obtained":[{"floor":5,"key":"SkillPotion"},{"floor":7,"key":"SteroidPotion"},{"floor":13,"key":"Explosive Potion"},{"floor":18,"key":"Block Potion"},{"floor":33,"key":"Energy Potion"},{"floor":38,"key":"GamblersBrew"},{"floor":55,"key":"Weak Potion"}],"is_trial":false,"path_per_floor":["M","?","$","?","M","R","M","M","T","?","M","?","M","M","R","B",null,"M","?","$","?","$","R","E","R","T","R","M","M","R","M","R","B",null,"M","?","$","M","?","E","$","R","T","M","E","R","E","$","R","B","B",null,"R","$","E","B",null],"character_chosen":"THE_SILENT","items_purchased":["Prepared"],"campfire_rested":1,"item_purchase_floors":[37],"current_hp_per_floor":[59,59,59,39,36,36,36,30,30,30,26,26,26,26,45,41,60,55,55,55,55,55,55,55,55,55,55,55,55,55,55,55,55,63,63,63,63,63,63,63,63,63,63,63,63,63,63,63,63,63,63,63,63,63,63,14],"gold":33,"neow_bonus":"TRANSFORM_TWO_CARDS","is_prod":false,"is_daily":false,"chose_seed":false,"campfire_upgraded":9,"win_rate":0,"timestamp":1553789256,"path_taken":["M","?","?","?","?","R","M","M","T","?","M","?","M","?","R","BOSS","M","?","$","?","$","R","E","R","T","R","M","M","R","M","R","BOSS","M","?","$","M","?","E","?","R","T","M","E","R","E","$","R","BOSS","BOSS","R","$","E","BOSS"],"build_version":"2019-01-23","purchased_purges":5,"victory":true,"max_hp_per_floor":[66,66,66,66,66,66,66,66,66,66,66,66,66,66,66,66,66,66,66,66,66,66,66,66,66,66,66,66,66,66,66,66,66,66,66,63,63,63,63,63,63,63,63,63,63,63,63,63,63,63,63,63,63,63,63,63],"card_choices":[{"not_picked":["Outmaneuver","Slice","PiercingWail"],"picked":"SKIP","floor":1},{"not_picked":["All Out Attack","Outmaneuver"],"picked":"Escape Plan","floor":5},{"not_picked":["Deadly Poison","Dodge and Roll"],"picked":"Acrobatics","floor":7},{"not_picked":["Underhanded Strike","Caltrops"],"picked":"Backflip","floor":8},{"not_picked":["Acrobatics","Noxious Fumes"],"picked":"Deadly Poison","floor":10},{"not_picked":["Calculated Gamble","Catalyst"],"picked":"Tactician","floor":11},{"not_picked":["Cloak And Dagger","Blade Dance"],"picked":"Adrenaline","floor":13},{"not_picked":["Sucker Punch","Dagger Throw","Flying Knee"],"picked":"SKIP","floor":14},{"not_picked":["Wraith Form v2","Night Terror"],"picked":"Grand Finale","floor":16},{"not_picked":["Acrobatics","Deflect"],"picked":"Reflex","floor":18},{"not_picked":["Bane","Corpse Explosion","Quick Slash"],"picked":"SKIP","floor":24},{"not_picked":["Deflect","Heel Hook","Underhanded Strike"],"picked":"SKIP","floor":28},{"not_picked":["Reflex","Leg Sweep","Skewer"],"picked":"SKIP","floor":29},{"not_picked":["Underhanded Strike","Escape Plan"],"picked":"Catalyst","floor":31},{"not_picked":["Poisoned Stab","Dagger Throw+1","Sucker Punch+1"],"picked":"SKIP","floor":35},{"not_picked":["Backstab","Unload","Underhanded Strike"],"picked":"SKIP","floor":38},{"not_picked":["Choke","Flechettes","Night Terror"],"picked":"SKIP","floor":40},{"not_picked":["Concentrate","Deflect+1","Flechettes+1"],"picked":"SKIP","floor":44},{"not_picked":["Flying Knee","Blade Dance","Backflip"],"picked":"SKIP","floor":45},{"not_picked":["Heel Hook","Concentrate+1"],"picked":"Calculated Gamble","floor":47},{"not_picked":["Outmaneuver+1","Bane"],"picked":"Malaise","floor":55}],"player_experience":4650503,"relics_obtained":[{"floor":9,"key":"Bag of Marbles"},{"floor":10,"key":"Odd Mushroom"},{"floor":24,"key":"Pen Nib"},{"floor":26,"key":"FossilizedHelix"},{"floor":39,"key":"Turnip"},{"floor":40,"key":"Blood Vial"},{"floor":45,"key":"Gremlin Horn"},{"floor":47,"key":"Omamori"},{"floor":55,"key":"Orichalcum"}],"event_choices":[{"damage_healed":0,"gold_gain":50,"player_choice":"Pray","damage_taken":0,"max_hp_gain":0,"max_hp_loss":0,"event_name":"Golden Shrine","floor":2,"gold_loss":0},{"damage_healed":0,"gold_gain":0,"player_choice":"Entered Light","damage_taken":20,"max_hp_gain":0,"max_hp_loss":0,"event_name":"Shining Light","floor":4,"gold_loss":0,"cards_upgraded":["Neutralize","Distraction"]},{"damage_healed":0,"gold_gain":0,"player_choice":"Fought Mushrooms","damage_taken":0,"max_hp_gain":0,"max_hp_loss":0,"event_name":"Mushrooms","floor":10,"gold_loss":0},{"cards_removed":["Strike_G"],"damage_healed":0,"gold_gain":0,"player_choice":"Purged","damage_taken":0,"max_hp_gain":0,"max_hp_loss":0,"event_name":"Purifier","floor":12,"gold_loss":0},{"damage_healed":0,"gold_gain":0,"cards_transformed":["Strike_G","Defend_G"],"player_choice":"Became Test Subject","damage_taken":0,"max_hp_gain":0,"max_hp_loss":0,"event_name":"Drug Dealer","floor":19,"gold_loss":0,"cards_obtained":["Night Terror","Bane"]},{"damage_healed":0,"gold_gain":0,"player_choice":"Ignored","damage_taken":0,"max_hp_gain":0,"max_hp_loss":0,"event_name":"Vampires","floor":21,"gold_loss":0},{"damage_healed":0,"gold_gain":0,"player_choice":"Max HP","damage_taken":0,"max_hp_gain":0,"max_hp_loss":3,"event_name":"Winding Halls","floor":36,"gold_loss":0},{"damage_healed":0,"gold_gain":0,"player_choice":"Fight","damage_taken":0,"max_hp_gain":0,"max_hp_loss":0,"event_name":"Mysterious Sphere","floor":39,"gold_loss":0}],"is_beta":false,"boss_relics":[{"not_picked":["Snecko Eye","Busted Crown"],"picked":"Philosopher\u0027s Stone"},{"not_picked":["HoveringKite","Eternal Feather"],"picked":"Lizard Tail"}],"items_purged_floors":[20,22,37,41,48],"is_endless":false,"potions_floor_spawned":[5,7,13,18,33,38,44,45,55],"ascension_level":20}