{"gold_per_floor":[112,21,21,41,41,41,57,73,99,99,115,115,115,129,129,226,226,245,170,183,183],"floor_reached":21,"playtime":760,"items_purged":["Strike_R"],"score":171,"play_id":"d25ebfa3-0fb1-47e5-bf46-289963035076","local_time":"20190703201926","is_ascension_mode":false,"campfire_choices":[{"data":"Infernal Blade","floor":6,"key":"SMITH"},{"data":"Body Slam","floor":10,"key":"SMITH"},{"data":"Rage","floor":12,"key":"SMITH"},{"data":"Iron Wave","floor":15,"key":"SMITH"}],"neow_cost":"NONE","seed_source_timestamp":1063181275064387,"circlet_count":0,"master_deck":["Strike_R","Strike_R","Strike_R","Defend_R","Defend_R","Defend_R","Defend_R","Bash","Iron Wave+1","Shrug It Off","Body Slam+1","Infernal Blade+1","Shrug It Off","Rage+1","Body Slam+1","Cleave","Parasite","Barricade","Entrench"],"relics":["Burning Blood"],"potions_floor_usage":[14,14],"damage_taken":[{"damage":0,"enemies":"Small Slimes","floor":1,"turns":3},{"damage":0,"enemies":"Cultist","floor":4,"turns":4},{"damage":0,"enemies":"2 Louse","floor":7,"turns":1},{"damage":6,"enemies":"Large Slime","floor":8,"turns":6},{"damage":0,"enemies":"3 Louse","floor":11,"turns":3},{"damage":10,"enemies":"Gremlin Gang","floor":14,"turns":3},{"damage":34,"enemies":"The Guardian","floor":16,"turns":13},{"damage":38,"enemies":"3 Byrds","floor":18,"turns":7},{"damage":7,"enemies":"2 Thieves","floor":20,"turns":4},{"damage":60,"enemies":"3 Cultists","floor":21,"turns":6}],"seed_played":"-9205016410972195190","potions_obtained":[{"floor":4,"key":"PowerPotion"},{"floor":8,"key":"Dexterity Potion"},{"floor":11,"key":"Poison Potion"},{"floor":14,"key":"Explosive Potion"},{"floor":20,"key":"PowerPotion"}],"is_trial":false,"path_per_floor":["M","$","?","M","?","R","M","M","T","R","M","R","?","M","R","B",null,"M","$","M","M"],"character_chosen":"IRONCLAD","items_purchased":["Body Slam","Infernal Blade"],"campfire_rested":0,"item_purchase_floors":[2,2],"current_hp_per_floor":[80,80,80,80,73,73,79,79,79,79,80,80,80,76,76,48,80,48,48,47,0],"gold":183,"neow_bonus":"THREE_CARDS","is_prod":false,"is_daily":false,"chose_seed":false,"campfire_upgraded":4,"win_rate":0,"timestamp":1562181566,"path_taken":["M","$","?","?","?","R","M","M","T","R","M","R","?","M","R","BOSS","M","$","M","M"],"build_version":"2019-07-01","purchased_purges":1,"victory":false,"max_hp_per_floor":[80,80,80,80,80,80,80,80,80,80,80,80,80,80,80,80,80,80,80,80,80],"card_choices":[{"not_picked":["Metallicize","Headbutt"],"picked":"Iron Wave","floor":0},{"not_picked":["Heavy Blade","Entrench"],"picked":"Shrug It Off","floor":1},{"not_picked":["Shockwave","Headbutt"],"picked":"Shrug It Off","floor":4},{"not_picked":["Twin Strike","Feel No Pain"],"picked":"Rage","floor":7},{"not_picked":["Evolve","Exhume"],"picked":"Body Slam","floor":8},{"not_picked":["Feel No Pain","Armaments"],"picked":"Cleave","floor":11},{"not_picked":["Heavy Blade","Rupture","Blood for Blood"],"picked":"SKIP","floor":14},{"not_picked":["Limit Break","Impervious"],"picked":"Barricade","floor":16},{"not_picked":["Fire Breathing+1","Inflame","Disarm"],"picked":"SKIP","floor":18},{"not_picked":["Pommel Strike","Uppercut+1"],"picked":"Entrench","floor":20}],"player_experience":102593,"relics_obtained":[],"event_choices":[{"damage_healed":0,"gold_gain":0,"player_choice":"Upgraded","damage_taken":0,"max_hp_gain":0,"max_hp_loss":0,"event_name":"Upgrade Shrine","floor":3,"gold_loss":0,"cards_upgraded":["Body Slam"]},{"cards_removed":["Strike_R"],"damage_healed":0,"gold_gain":0,"player_choice":"Card Removal","damage_taken":7,"max_hp_gain":0,"max_hp_loss":0,"event_name":"Golden Wing","floor":5,"gold_loss":0},{"damage_healed":20,"gold_gain":0,"player_choice":"Healed and dodged fight","damage_taken":0,"max_hp_gain":0,"max_hp_loss":0,"event_name":"Mushrooms","floor":13,"gold_loss":0,"cards_obtained":["Parasite"]}],"is_beta":false,"boss_relics":[{"not_picked":["Orrery","Snecko Eye","Mark of Pain"]}],"items_purged_floors":[19],"is_endless":false,"potions_floor_spawned":[4,8,11,14,20],"killed_by":"3 Cultists","ascension_level":0}