{"gold_per_floor":[112,132,143,162,175,175,194,194,266,280,280,58,88,88,88,184,184,208,208,23,44,44,44,44],"floor_reached":24,"playtime":780,"items_purged":["Strike_G","Defend_G"],"score":396,"play_id":"3fdca397-caae-4f96-8e65-e48fa816c2cd","local_time":"20190329003918","is_ascension_mode":true,"campfire_choices":[{"floor":6,"key":"REST"},{"data":"Deadly Poison","floor":8,"key":"SMITH"},{"data":"Neutralize","floor":11,"key":"SMITH"},{"floor":15,"key":"REST"},{"floor":23,"key":"REST"}],"neow_cost":"PERCENT_DAMAGE","seed_source_timestamp":1298654853597500,"circlet_count":0,"master_deck":["AscendersBane","Defend_G","Defend_G","Defend_G","Defend_G","Strike_G","Strike_G","Strike_G","Strike_G","Survivor","Neutralize+1","Unload","Underhanded Strike","Terror","Well Laid Plans","PiercingWail","Deadly Poison+1","Tools of the Trade","Bane","Noxious Fumes","Bandage Up","Backflip","Die Die Die","Infinite Blades+1","Die Die Die","Dodge and Roll","Ghostly","Ghostly","Ghostly"],"relics":["Ring of the Snake","Ornamental Fan","Bag of Marbles","Golden Idol","White Beast Statue"],"potions_floor_usage":[2,3,5,7,18,19,24],"damage_taken":[{"damage":7,"enemies":"Cultist","floor":1,"turns":7},{"damage":0,"enemies":"Jaw Worm","floor":2,"turns":3},{"damage":0,"enemies":"2 Louse","floor":3,"turns":2},{"damage":6,"enemies":"2 Fungi Beasts","floor":4,"turns":3},{"damage":17,"enemies":"Large Slime","floor":5,"turns":7},{"damage":5,"enemies":"Gremlin Gang","floor":7,"turns":5},{"damage":6,"enemies":"Lots of Slimes","floor":10,"turns":4},{"damage":17,"enemies":"3 Sentries","floor":13,"turns":7},{"damage":31,"enemies":"The Guardian","floor":16,"turns":12},{"damage":20,"enemies":"3 Byrds","floor":18,"turns":6},{"damage":28,"enemies":"Colosseum Slavers","floor":19,"turns":5},{"damage":12,"enemies":"Shell Parasite","floor":21,"turns":7},{"damage":18,"enemies":"Slavers","floor":24,"turns":1}],"seed_played":"-8907911545829423770","potions_obtained":[{"floor":1,"key":"GamblersBrew"},{"floor":3,"key":"Fruit Juice"},{"floor":4,"key":"Fire Potion"},{"floor":5,"key":"SteroidPotion"},{"floor":10,"key":"SpeedPotion"},{"floor":18,"key":"Swift Potion"},{"floor":21,"key":"PowerPotion"}],"is_trial":false,"path_per_floor":["M","M","M","M","M","R","M","R","T","M","R","$","E","?","R","B",null,"M","?","$","M","?","R","E"],"character_chosen":"THE_SILENT","items_purchased":["Noxious Fumes","Bandage Up","Die Die Die"],"campfire_rested":3,"item_purchase_floors":[12,12,20],"current_hp_per_floor":[37,37,42,36,19,40,35,35,35,29,29,29,16,16,35,8,50,34,10,10,2,2,11,0],"gold":44,"neow_bonus":"THREE_RARE_CARDS","is_prod":false,"is_daily":false,"chose_seed":false,"campfire_upgraded":2,"win_rate":0,"timestamp":1553787558,"path_taken":["M","M","M","M","M","R","?","R","T","M","R","?","E","?","R","BOSS","M","?","$","M","?","R","E"],"build_version":"2019-01-23","purchased_purges":2,"victory":false,"max_hp_per_floor":[66,66,71,71,71,71,71,71,71,71,71,71,71,64,64,64,64,64,64,64,64,32,32,32],"card_choices":[{"not_picked":["Venomology","Storm of Steel"],"picked":"Unload","floor":0},{"not_picked":["Riddle With Holes","Reflex"],"picked":"Underhanded Strike","floor":1},{"not_picked":["Bane","Finisher"],"picked":"Terror","floor":2},{"not_picked":["Expertise","Eviscerate"],"picked":"Well Laid Plans","floor":3},{"not_picked":["Flying Knee","Quick Slash"],"picked":"PiercingWail","floor":4},{"not_picked":["Blade Dance","Deflect"],"picked":"Deadly Poison","floor":5},{"not_picked":["Poisoned Stab","Bouncing Flask"],"picked":"Tools of the Trade","floor":7},{"not_picked":["Flechettes","Blade Dance"],"picked":"Bane","floor":10},{"not_picked":["Bane","Caltrops"],"picked":"Backflip","floor":13},{"not_picked":["Envenom","After Image"],"picked":"Die Die Die","floor":16},{"not_picked":["Quick Slash","Backstab"],"picked":"Infinite Blades+1","floor":18},{"not_picked":["Acrobatics","Outmaneuver"],"picked":"Dodge and Roll","floor":21}],"player_experience":4649723,"relics_obtained":[{"floor":9,"key":"Ornamental Fan"},{"floor":13,"key":"Bag of Marbles"}],"event_choices":[{"damage_healed":0,"gold_gain":0,"player_choice":"Lose Max HP","damage_taken":0,"relics_obtained":["Golden Idol"],"max_hp_gain":0,"max_hp_loss":7,"event_name":"Golden Idol","floor":14,"gold_loss":0},{"damage_healed":0,"gold_gain":0,"player_choice":"Fight","damage_taken":0,"max_hp_gain":0,"max_hp_loss":0,"event_name":"Colosseum","floor":19,"gold_loss":0},{"damage_healed":0,"gold_gain":0,"player_choice":"Fled From Nobs","damage_taken":0,"max_hp_gain":0,"max_hp_loss":0,"event_name":"Colosseum","floor":19,"gold_loss":0},{"damage_healed":0,"gold_gain":0,"player_choice":"Became a Ghost","damage_taken":0,"max_hp_gain":0,"max_hp_loss":32,"event_name":"Ghosts","floor":22,"gold_loss":0,"cards_obtained":["Ghostly","Ghostly","Ghostly"]}],"is_beta":false,"boss_relics":[{"not_picked":["Lizard Tail","WristBlade"],"picked":"White Beast Statue"}],"items_purged_floors":[12,20],"is_endless":false,"potions_floor_spawned":[1,3,4,5,10,18,19,21],"killed_by":"Slavers","ascension_level":20}