{"gold_per_floor":[112,112,124,49,49,83,98,98,98,98,98,13,13,32,32,32],"floor_reached":16,"playtime":336,"items_purged":["Strike_G"],"score":196,"play_id":"8ab2552c-f319-476b-afbb-7158f54e2990","local_time":"20190419012545","is_ascension_mode":true,"campfire_choices":[{"data":"Neutralize","floor":10.0,"key":"SMITH"},{"data":"Doppelganger","floor":13.0,"key":"SMITH"},{"data":"Tactician","floor":15.0,"key":"SMITH"}],"neow_cost":"NONE","seed_source_timestamp":177346370150500,"circlet_count":0,"master_deck":["AscendersBane","Defend_G","Defend_G","Defend_G","Defend_G","Strike_G","Strike_G","Strike_G","Strike_G","Survivor","Neutralize+1","Grand Finale+1","Escape Plan","Riddle With Holes","Doppelganger+1","Tactician+1"],"special_seed":0,"relics":["Ring of the Snake","Bottled Flame","Question Card","Pantograph"],"potions_floor_usage":[16,16],"damage_taken":[{"damage":0.0,"enemies":"2 Louse","floor":1.0,"turns":5.0},{"damage":9.0,"enemies":"Jaw Worm","floor":3.0,"turns":6.0},{"damage":29.0,"enemies":"3 Sentries","floor":6.0,"turns":11.0},{"damage":0.0,"enemies":"Small Slimes","floor":7.0,"turns":4.0},{"damage":3.0,"enemies":"Red Slaver","floor":14.0,"turns":5.0},{"damage":51,"enemies":"Slime Boss","floor":16,"turns":9}],"seed_played":"3440485315352970076","potions_obtained":[{"floor":1.0,"key":"SteroidPotion"},{"floor":3.0,"key":"Poison Potion"},{"floor":14.0,"key":"AttackPotion"}],"is_trial":false,"path_per_floor":["M","?","M","$","?","E","M","T","T","R","?","$","R","M","R","B"],"character_chosen":"THE_SILENT","items_purchased":["Doppelganger"],"campfire_rested":0,"item_purchase_floors":[12],"current_hp_per_floor":[59,59,50,50,50,21,21,21,21,21,21,21,21,18,18,0],"gold":32,"neow_bonus":"ONE_RANDOM_RARE_CARD","is_prod":false,"is_daily":false,"chose_seed":false,"campfire_upgraded":3,"win_rate":0,"timestamp":1555604745,"path_taken":["M","?","M","$","?","E","M","?","T","R","?","$","R","M","R","BOSS"],"build_version":"2019-01-23","purchased_purges":1,"victory":false,"max_hp_per_floor":[66,66,66,66,66,66,66,66,66,66,66,66,66,66,66,66],"card_choices":[{"not_picked":["Bouncing Flask","Masterful Stab"],"picked":"Escape Plan","floor":1.0},{"not_picked":["Blade Dance","Underhanded Strike"],"picked":"Riddle With Holes","floor":3.0},{"not_picked":["Sucker Punch","Flying Knee","Poisoned Stab"],"picked":"SKIP","floor":6.0},{"not_picked":["Riddle With Holes","Quick Slash","Dagger Spray"],"picked":"SKIP","floor":7.0},{"not_picked":["Cloak And Dagger","Footwork","Masterful Stab"],"picked":"Tactician","floor":14.0}],"player_experience":4837299,"relics_obtained":[{"floor":6.0,"key":"Bottled Flame"},{"floor":8.0,"key":"Question Card"},{"floor":9.0,"key":"Pantograph"}],"event_choices":[{"cards_removed":["Defend_G"],"damage_healed":0.0,"max_hp_gain":0.0,"max_hp_loss":0.0,"gold_gain":0.0,"event_name":"Living Wall","player_choice":"Forget","floor":2.0,"gold_loss":0.0,"damage_taken":0.0},{"damage_healed":0.0,"max_hp_gain":0.0,"max_hp_loss":0.0,"gold_gain":0.0,"event_name":"Liars Game","player_choice":"Ignored","floor":5.0,"gold_loss":0.0,"damage_taken":0.0},{"damage_healed":0.0,"max_hp_gain":0.0,"max_hp_loss":0.0,"gold_gain":0.0,"event_name":"Upgrade Shrine","player_choice":"Upgraded","floor":11.0,"gold_loss":0.0,"damage_taken":0.0,"cards_upgraded":["Grand Finale"]}],"is_beta":false,"boss_relics":[],"items_purged_floors":[4],"is_endless":false,"potions_floor_spawned":[1,3,14],"killed_by":"Slime Boss","ascension_level":20}