{"gold_per_floor":[112,122,135,135,166,178,222,234,246,270,282,310,340,383,395,478,490,512,535,547,576,598,610,635,665,677,717,729,767,779,802,814,905,917,947,250,250,35,0,0,32,43,68,99,114,141,155,183,183,183,183,183,183,88,119,119],"floor_reached":57,"playtime":1957,"items_purged":[],"score":3777,"play_id":"79d69186-d2ad-40ed-984b-7f69899ef2ed","local_time":"20190704015616","is_ascension_mode":true,"campfire_choices":[{"data":"Fusion","floor":6,"key":"SMITH"},{"data":"Barrage","floor":8,"key":"SMITH"},{"data":"Zap","floor":11,"key":"SMITH"},{"data":"Coolheaded","floor":15,"key":"SMITH"},{"data":"Dualcast","floor":23,"key":"SMITH"},{"data":"Fission","floor":30,"key":"SMITH"},{"data":"Reboot","floor":32,"key":"SMITH"},{"floor":40,"key":"RECALL"},{"data":"Capacitor","floor":49,"key":"SMITH"},{"data":"Master of Strategy","floor":53,"key":"SMITH"}],"neow_cost":"","seed_source_timestamp":94340409788000,"circlet_count":0,"master_deck":["Zap+1","Dualcast+1","Coolheaded+1","Barrage+1","Fusion+1","Reboot+1","Undo","Meteor Strike","Fission+1","Master of Strategy+1","Capacitor+1","Impatience","Compile Driver+1"],"relics":["Cracked Core","Bottled Flame","FrozenCore","Runic Capacitor","Empty Cage","MawBank","Lantern","Incense Burner","Nunchaku","Empty Cage","Gremlin Horn","Ice Cream","Shuriken","Black Star","Singing Bowl","Omamori","Potion Belt","Red Mask","Pen Nib","Bag of Preparation","Bag of Marbles","Molten Egg 2","Art of War","Vajra","Pocketwatch","Mummified Hand","Ginger","Anchor"],"potions_floor_usage":[7,16,29,56,56,56,56],"damage_taken":[{"damage":0,"enemies":"Cultist","floor":1,"turns":2},{"damage":10,"enemies":"Jaw Worm","floor":2,"turns":2},{"damage":3,"enemies":"2 Louse","floor":3,"turns":3},{"damage":8,"enemies":"Gremlin Gang","floor":5,"turns":4},{"damage":8,"enemies":"Gremlin Nob","floor":7,"turns":3},{"damage":3,"enemies":"3 Louse","floor":10,"turns":2},{"damage":9,"enemies":"Looter","floor":12,"turns":2},{"damage":6,"enemies":"Gremlin Gang","floor":13,"turns":3},{"damage":0,"enemies":"Lagavulin","floor":14,"turns":4},{"damage":0,"enemies":"Slime Boss","floor":16,"turns":5},{"damage":5,"enemies":"2 Thieves","floor":18,"turns":2},{"damage":0,"enemies":"Spheric Guardian","floor":19,"turns":2},{"damage":3,"enemies":"Shelled Parasite and Fungi","floor":21,"turns":3},{"damage":0,"enemies":"Cultist and Chosen","floor":22,"turns":4},{"damage":0,"enemies":"Chosen and Byrds","floor":24,"turns":2},{"damage":0,"enemies":"Snake Plant","floor":25,"turns":2},{"damage":0,"enemies":"Gremlin Leader","floor":27,"turns":2},{"damage":27,"enemies":"Slavers","floor":29,"turns":7},{"damage":0,"enemies":"3 Cultists","floor":31,"turns":1},{"damage":0,"enemies":"Champ","floor":33,"turns":4},{"damage":0,"enemies":"3 Shapes","floor":35,"turns":2},{"damage":0,"enemies":"Giant Head","floor":41,"turns":3},{"damage":0,"enemies":"3 Darklings","floor":42,"turns":1},{"damage":0,"enemies":"Reptomancer","floor":44,"turns":2},{"damage":0,"enemies":"Transient","floor":45,"turns":6},{"damage":0,"enemies":"Giant Head","floor":46,"turns":1},{"damage":0,"enemies":"Sphere and 2 Shapes","floor":47,"turns":2},{"damage":0,"enemies":"Nemesis","floor":48,"turns":1},{"damage":9,"enemies":"Time Eater","floor":50,"turns":5},{"damage":0,"enemies":"Donu and Deca","floor":51,"turns":2},{"damage":0,"enemies":"Shield and Spear","floor":55,"turns":2},{"damage":59,"enemies":"The Heart","floor":56,"turns":4}],"seed_played":"8534180698859580569","potions_obtained":[{"floor":1,"key":"SteroidPotion"},{"floor":3,"key":"LiquidBronze"},{"floor":7,"key":"SteroidPotion"},{"floor":18,"key":"Fire Potion"},{"floor":22,"key":"Explosive Potion"},{"floor":29,"key":"Energy Potion"},{"floor":41,"key":"FearPotion"},{"floor":55,"key":"Dexterity Potion"}],"is_trial":true,"path_per_floor":["M","M","M","T","M","R","E","R","T","M","R","M","M","E","R","B",null,"M","M","?","M","M","R","M","M","T","E","?","E","R","M","R","B",null,"M","$","?","$","?","R","E","M","T","E","M","E","M","E","R","B","B",null,"R","$","E","B",null],"character_chosen":"DEFECT","items_purchased":["Master of Strategy","Singing Bowl","Omamori","Capacitor","Potion Belt","PowerPotion","Impatience"],"campfire_rested":0,"item_purchase_floors":[36,36,36,36,38,38,54],"current_hp_per_floor":[64,54,58,58,57,57,56,56,56,60,60,58,59,66,66,71,71,66,66,66,63,63,63,63,63,63,63,63,36,36,36,36,36,62,62,62,62,62,62,62,64,66,66,68,70,72,74,76,76,67,67,81,81,81,81,22],"gold":119,"neow_bonus":"","is_prod":false,"is_daily":false,"chose_seed":false,"campfire_upgraded":9,"win_rate":0,"timestamp":1562172976,"path_taken":["M","M","M","?","M","R","E","R","T","M","R","M","M","E","R","BOSS","M","M","?","M","M","R","M","M","T","E","?","E","R","M","R","BOSS","M","$","?","?","?","R","E","M","T","E","M","E","M","E","R","BOSS","BOSS","R","$","E","BOSS"],"build_version":"2019-07-01","purchased_purges":0,"victory":true,"max_hp_per_floor":[71,71,71,71,71,71,71,71,71,71,71,71,71,71,71,71,71,71,71,71,71,71,71,71,71,71,71,71,71,71,71,71,71,71,71,71,71,71,71,71,73,75,75,77,79,81,83,85,85,85,85,85,85,85,85,85],"card_choices":[{"not_picked":["Tempest","Redo"],"picked":"Self Repair","floor":1},{"not_picked":["Stack","Auto Shields"],"picked":"Coolheaded","floor":2},{"not_picked":["Go for the Eyes","Hello World"],"picked":"Barrage","floor":3},{"not_picked":["Hologram","Redo"],"picked":"Fusion","floor":5},{"not_picked":["White Noise","Rip and Tear"],"picked":"Reboot","floor":7},{"not_picked":["Reprogram","Coolheaded","Go for the Eyes"],"picked":"SKIP","floor":10},{"not_picked":["Aggregate","Turbo"],"picked":"Undo","floor":12},{"not_picked":["Conserve Battery","Gash"],"picked":"FTL","floor":13},{"not_picked":["Hello World","Lockon"],"picked":"Meteor Strike","floor":14},{"not_picked":["Reboot","Echo Form"],"picked":"Fission","floor":16},{"not_picked":["Conserve Battery","Gash","Leap"],"picked":"SKIP","floor":18},{"not_picked":["Static Discharge","Darkness","Beam Cell"],"picked":"SKIP","floor":19},{"not_picked":["Go for the Eyes","Steam+1","Coolheaded"],"picked":"SKIP","floor":21},{"not_picked":["Scrape","Thunder Strike","Steam Power"],"picked":"SKIP","floor":22},{"not_picked":["Loop","Force Field","Cold Snap"],"picked":"SKIP","floor":24},{"not_picked":["Double Energy+1","Gash","Steam"],"picked":"SKIP","floor":25},{"not_picked":["Redo","Steam+1","Barrage"],"picked":"SKIP","floor":27},{"not_picked":["Cold Snap","Rip and Tear","Hyperbeam"],"picked":"SKIP","floor":29},{"not_picked":["Consume","Fusion","Turbo"],"picked":"SKIP","floor":31},{"not_picked":["Barrage+1","Conserve Battery","Hologram"],"picked":"SKIP","floor":35},{"not_picked":["All For One","Rebound","Sweeping Beam+1"],"picked":"Singing Bowl","floor":41},{"not_picked":["Consume","Auto Shields","Streamline"],"picked":"Singing Bowl","floor":42},{"not_picked":["Rip and Tear","Barrage","Undo"],"picked":"Singing Bowl","floor":44},{"not_picked":["Hologram","Consume","Hello World"],"picked":"Singing Bowl","floor":45},{"not_picked":["Static Discharge","Hologram+1","Rip and Tear+1"],"picked":"Singing Bowl","floor":46},{"not_picked":["Go for the Eyes+1","Chaos","Lockon+1"],"picked":"Singing Bowl","floor":47},{"not_picked":["Steam Power+1","Leap","Loop"],"picked":"Singing Bowl","floor":48},{"not_picked":["Barrage+1","Steam Power+1"],"picked":"Compile Driver+1","floor":55}],"player_experience":5576846,"relics_obtained":[{"floor":4,"key":"MawBank"},{"floor":7,"key":"Lantern"},{"floor":9,"key":"Incense Burner"},{"floor":14,"key":"Nunchaku"},{"floor":26,"key":"Gremlin Horn"},{"floor":27,"key":"Ice Cream"},{"floor":29,"key":"Shuriken"},{"floor":41,"key":"Pen Nib"},{"floor":41,"key":"Bag of Preparation"},{"floor":44,"key":"Bag of Marbles"},{"floor":44,"key":"Molten Egg 2"},{"floor":46,"key":"Art of War"},{"floor":46,"key":"Vajra"},{"floor":48,"key":"Pocketwatch"},{"floor":48,"key":"Mummified Hand"},{"floor":55,"key":"Ginger"},{"floor":55,"key":"Anchor"}],"event_choices":[{"damage_healed":0,"gold_gain":0,"player_choice":"Ignored","damage_taken":0,"max_hp_gain":0,"max_hp_loss":0,"event_name":"Ghosts","floor":20,"gold_loss":0},{"cards_removed":["FTL"],"damage_healed":0,"gold_gain":0,"player_choice":"Elegance","damage_taken":0,"max_hp_gain":0,"max_hp_loss":0,"event_name":"Back to Basics","floor":28,"gold_loss":0},{"damage_healed":0,"gold_gain":0,"player_choice":"Ignored","damage_taken":0,"max_hp_gain":0,"max_hp_loss":0,"event_name":"SecretPortal","floor":37,"gold_loss":0},{"damage_healed":0,"gold_gain":0,"player_choice":"Paid","damage_taken":0,"relics_obtained":["Red Mask"],"max_hp_gain":0,"max_hp_loss":0,"event_name":"Tomb of Lord Red Mask","floor":39,"gold_loss":35}],"is_beta":false,"boss_relics":[{"not_picked":["Orrery","Lizard Tail"],"picked":"Empty Cage"},{"not_picked":["Coffee Dripper","Sozu"],"picked":"Black Star"}],"items_purged_floors":[],"is_endless":false,"potions_floor_spawned":[1,3,5,7,18,21,22,29,31,33,41,45,55],"ascension_level":20}