{"gold_per_floor":[19,19,19,33,49,49,49,65,91,91,106,106,145,145,145,145],"floor_reached":16,"playtime":381,"items_purged":[],"score":170,"play_id":"52fcf7c7-a6be-4f27-8c00-6fc864f7c463","local_time":"20190713111411","is_ascension_mode":true,"campfire_choices":[{"data":"Rampage","floor":6,"key":"SMITH"},{"data":"Seeing Red","floor":12,"key":"SMITH"},{"floor":15,"key":"REST"}],"neow_cost":"NO_GOLD","seed_source_timestamp":1894857212878883,"circlet_count":0,"master_deck":["AscendersBane","Strike_R","Strike_R","Strike_R","Defend_R","Defend_R","Defend_R","Defend_R","Bash+1","Limit Break","Rampage+1","Iron Wave","Seeing Red+1","Cleave"],"relics":["Burning Blood","Golden Idol","Omamori","Anchor","Paper Frog"],"potions_floor_usage":[5,13,13],"damage_taken":[{"damage":13,"enemies":"Jaw Worm","floor":1,"turns":4},{"damage":14,"enemies":"2 Louse","floor":4,"turns":4},{"damage":10,"enemies":"Cultist","floor":5,"turns":4},{"damage":17,"enemies":"3 Louse","floor":8,"turns":5},{"damage":0,"enemies":"Large Slime","floor":11,"turns":6},{"damage":31,"enemies":"Gremlin Nob","floor":13,"turns":4},{"damage":54,"enemies":"The Guardian","floor":16,"turns":8}],"seed_played":"-6331432229855322194","potions_obtained":[{"floor":4,"key":"BloodPotion"},{"floor":5,"key":"PowerPotion"},{"floor":8,"key":"SteroidPotion"}],"is_trial":false,"path_per_floor":["M","?","?","M","M","R","?","M","T","?","M","R","E","?","R","B"],"character_chosen":"IRONCLAD","items_purchased":[],"campfire_rested":1,"item_purchase_floors":[],"current_hp_per_floor":[61,61,61,53,66,66,66,55,55,48,54,54,29,29,49,0],"gold":145,"neow_bonus":"THREE_RARE_CARDS","is_prod":false,"is_daily":false,"chose_seed":false,"campfire_upgraded":2,"win_rate":0,"timestamp":1563012851,"path_taken":["M","?","?","M","?","R","?","M","T","?","M","R","E","?","R","BOSS"],"build_version":"2019-07-05","purchased_purges":0,"victory":false,"max_hp_per_floor":[75,69,69,69,69,69,69,69,69,69,69,69,69,69,69,69],"card_choices":[{"not_picked":["Fiend Fire","Brutality"],"picked":"Limit Break","floor":0},{"not_picked":["Warcry","Havoc"],"picked":"Rampage","floor":1},{"not_picked":["Thunderclap","Headbutt"],"picked":"Iron Wave","floor":4},{"not_picked":["Warcry","Evolve"],"picked":"Seeing Red","floor":5},{"not_picked":["Pommel Strike","Entrench"],"picked":"Cleave","floor":8},{"not_picked":["Sentinel","Warcry","Blood for Blood"],"picked":"SKIP","floor":11},{"not_picked":["Reckless Charge","Corruption","Sever Soul"],"picked":"SKIP","floor":13}],"player_experience":390084,"relics_obtained":[{"floor":9,"key":"Anchor"},{"floor":13,"key":"Paper Frog"}],"event_choices":[{"damage_healed":0,"gold_gain":0,"player_choice":"Lose Max HP","damage_taken":0,"relics_obtained":["Golden Idol"],"max_hp_gain":0,"max_hp_loss":6,"event_name":"Golden Idol","floor":2,"gold_loss":0},{"cards_removed":["Strike_R"],"damage_healed":0,"gold_gain":0,"player_choice":"Purged","damage_taken":0,"max_hp_gain":0,"max_hp_loss":0,"event_name":"Purifier","floor":3,"gold_loss":0},{"damage_healed":0,"gold_gain":0,"player_choice":"Searched \u00271\u0027 times","damage_taken":0,"relics_obtained":["Omamori"],"max_hp_gain":0,"max_hp_loss":0,"event_name":"Dead Adventurer","floor":7,"gold_loss":0},{"cards_removed":["Strike_R"],"damage_healed":0,"gold_gain":0,"player_choice":"Card Removal","damage_taken":7,"max_hp_gain":0,"max_hp_loss":0,"event_name":"Golden Wing","floor":10,"gold_loss":0},{"damage_healed":0,"gold_gain":0,"player_choice":"Grow","damage_taken":0,"max_hp_gain":0,"max_hp_loss":0,"event_name":"Living Wall","floor":14,"gold_loss":0,"cards_upgraded":["Bash"]}],"is_beta":false,"boss_relics":[],"items_purged_floors":[],"is_endless":false,"potions_floor_spawned":[4,5,8],"killed_by":"The Guardian","ascension_level":14}