{"gold_per_floor":[118,128,146,161,180,209,209,242,296,296,296,324,324,343,343,419,419,438,11,11,23,123,123,136,136,163,163,190,207,207,31,31,102,102,117,117,128,128,148,148,173,192,192,59,59,77,96,110,110,110,110],"floor_reached":51,"playtime":1937,"items_purged":["Parasite","Strike_G"],"score":1388,"play_id":"c2e91023-d3fc-4ff4-ba05-f5fd12badc22","local_time":"20190502023410","is_ascension_mode":true,"campfire_choices":[{"data":"Crippling Poison","floor":7.0,"key":"SMITH"},{"data":"Dash","floor":11.0,"key":"SMITH"},{"floor":13.0,"key":"REST"},{"data":"Crippling Poison","floor":15.0,"key":"SMITH"},{"floor":23.0,"key":"REST"},{"data":"Well Laid Plans","floor":25.0,"key":"SMITH"},{"data":"Dash","floor":27.0,"key":"SMITH"},{"floor":30,"key":"REST"},{"floor":32,"key":"REST"},{"data":"Night Terror","floor":40,"key":"SMITH"},{"floor":45,"key":"REST"},{"floor":49,"key":"REST"}],"neow_cost":"NONE","seed_source_timestamp":946958115558600,"circlet_count":0,"master_deck":["AscendersBane","Defend_G","Defend_G+1","Defend_G","Defend_G+1","Defend_G","Strike_G","Survivor","Neutralize","Crippling Poison+1","Poisoned Stab","Dash+1","Crippling Poison+1","Dagger Throw","Dodge and Roll","Dash+1","Dash","Heel Hook","Bullet Time","Escape Plan","Well Laid Plans+1","Backstab+1","Calculated Gamble","Well Laid Plans","Night Terror+1","Mayhem","Adrenaline","Calculated Gamble+1","Bullet Time+1","Sucker Punch+1","Catalyst","PiercingWail","Calculated Gamble+1","Malaise"],"special_seed":0,"relics":["Ring of the Serpent","Snake Skull","Bottled Lightning","Centennial Puzzle","Boot","Mercury Hourglass","Membership Card","Incense Burner","The Specimen","Mummified Hand","War Paint","Orichalcum","Astrolabe","Ornamental Fan","Anchor","Lantern","Oddly Smooth Stone"],"potions_floor_usage":[51],"damage_taken":[{"damage":1.0,"enemies":"Small Slimes","floor":1.0,"turns":4.0},{"damage":5.0,"enemies":"2 Louse","floor":2.0,"turns":3.0},{"damage":5.0,"enemies":"Jaw Worm","floor":3.0,"turns":5.0},{"damage":0.0,"enemies":"Looter","floor":4.0,"turns":3.0},{"damage":9.0,"enemies":"Lots of Slimes","floor":5.0,"turns":3.0},{"damage":8.0,"enemies":"Gremlin Nob","floor":6.0,"turns":3.0},{"damage":25.0,"enemies":"Lagavulin","floor":8.0,"turns":8.0},{"damage":14.0,"enemies":"3 Sentries","floor":12.0,"turns":11.0},{"damage":0.0,"enemies":"2 Fungi Beasts","floor":14.0,"turns":2.0},{"damage":16.0,"enemies":"Hexaghost","floor":16.0,"turns":9.0},{"damage":3.0,"enemies":"Chosen","floor":18.0,"turns":4.0},{"damage":1.0,"enemies":"Spheric Guardian","floor":21.0,"turns":4.0},{"damage":14.0,"enemies":"Colosseum Slavers","floor":22.0,"turns":4.0},{"damage":4.0,"enemies":"Colosseum Nobs","floor":22.0,"turns":5.0},{"damage":16.0,"enemies":"Centurion and Healer","floor":24.0,"turns":4.0},{"damage":3.0,"enemies":"Slavers","floor":28.0,"turns":3.0},{"damage":10,"enemies":"Sentry and Sphere","floor":29,"turns":4},{"damage":17,"enemies":"Automaton","floor":33,"turns":10},{"damage":0,"enemies":"3 Shapes","floor":35,"turns":3},{"damage":3,"enemies":"3 Darklings","floor":37,"turns":3},{"damage":16,"enemies":"Jaw Worm Horde","floor":39,"turns":4},{"damage":24,"enemies":"Nemesis","floor":41,"turns":6},{"damage":3,"enemies":"Writhing Mass","floor":42,"turns":4},{"damage":0,"enemies":"4 Shapes","floor":46,"turns":3},{"damage":0,"enemies":"3 Darklings","floor":47,"turns":4},{"damage":10,"enemies":"Spire Growth","floor":48,"turns":5},{"damage":23,"enemies":"Time Eater","floor":50,"turns":6},{"damage":21,"enemies":"Awakened One","floor":51,"turns":9}],"seed_played":"4595764577702575072","potions_obtained":[{"floor":1.0,"key":"Poison Potion"},{"floor":3.0,"key":"SteroidPotion"},{"floor":12.0,"key":"Swift Potion"},{"floor":24.0,"key":"EssenceOfSteel"},{"floor":28.0,"key":"LiquidBronze"},{"floor":37,"key":"Poison Potion"}],"is_trial":false,"path_per_floor":["M","M","M","M","M","E","R","E","T","?","R","E","R","M","R","B",null,"M","$","?","M","?","R","M","R","T","R","E","M","R","$","R","B",null,"M","?","M","?","M","R","E","M","T","$","R","M","M","M","R","B","B"],"character_chosen":"THE_SILENT","items_purchased":["Membership Card","Incense Burner","Night Terror","Mayhem","Oddly Smooth Stone"],"campfire_rested":6,"item_purchase_floors":[19,19,31,31,44],"current_hp_per_floor":[58,53,48,48,39,31,31,6,6,22,22,8,27,27,27,11,52,49,49,32,31,13,33,17,17,17,17,14,4,24,24,44,27,58,58,58,55,55,39,39,15,12,12,12,32,32,32,22,42,19,0],"gold":110,"neow_bonus":"RANDOM_COMMON_RELIC","is_prod":false,"is_daily":false,"chose_seed":false,"campfire_upgraded":6,"win_rate":0,"timestamp":1556732050,"path_taken":["M","M","M","M","M","E","R","E","T","?","R","E","R","M","R","BOSS","M","$","?","M","?","R","M","R","T","R","E","?","R","$","R","BOSS","M","?","?","?","M","R","E","M","T","$","R","M","?","M","R","BOSS","BOSS"],"build_version":"2019-01-23","purchased_purges":2,"victory":false,"max_hp_per_floor":[66,66,66,66,66,66,66,66,66,66,66,66,66,66,66,66,66,66,63,68,68,68,68,68,68,68,68,68,68,68,68,68,68,68,68,68,68,68,68,68,68,68,68,68,68,68,68,68,68,68,68],"card_choices":[{"not_picked":["Choke","Dodge and Roll"],"picked":"Crippling Poison","floor":1.0},{"not_picked":["Reflex","Prepared"],"picked":"Poisoned Stab","floor":2.0},{"not_picked":["Blade Dance","Outmaneuver"],"picked":"Dash","floor":3.0},{"not_picked":["Reflex","Terror"],"picked":"Crippling Poison","floor":4.0},{"not_picked":["Flying Knee","Dagger Spray"],"picked":"Dagger Throw","floor":5.0},{"not_picked":["Flying Knee","Caltrops"],"picked":"Dodge and Roll","floor":6.0},{"not_picked":["Deadly Poison","Predator"],"picked":"Dash","floor":8.0},{"not_picked":["Storm of Steel","Distraction"],"picked":"Dash","floor":12.0},{"not_picked":["Escape Plan","Outmaneuver"],"picked":"Heel Hook","floor":14.0},{"not_picked":["Envenom","Phantasmal Killer"],"picked":"Bullet Time","floor":16.0},{"not_picked":["Bane","Prepared","Sucker Punch+1"],"picked":"SKIP","floor":18.0},{"not_picked":["Acrobatics","Blade Dance+1"],"picked":"Escape Plan","floor":21.0},{"not_picked":["Blur","Slice"],"picked":"Well Laid Plans","floor":22.0},{"not_picked":["Poisoned Stab","Flying Knee"],"picked":"Backstab+1","floor":24.0},{"not_picked":["Flying Knee","Bane"],"picked":"Calculated Gamble","floor":28.0},{"not_picked":["Well Laid Plans","Backflip","Dagger Spray"],"picked":"SKIP","floor":29},{"not_picked":["Backflip","Dagger Spray"],"picked":"Well Laid Plans","floor":29},{"not_picked":["Die Die Die","Corpse Explosion"],"picked":"Adrenaline","floor":33},{"not_picked":["Caltrops","Dodge and Roll+1","All Out Attack+1"],"picked":"SKIP","floor":35},{"not_picked":["Deadly Poison","Dagger Spray","Cloak And Dagger"],"picked":"SKIP","floor":37},{"not_picked":["Slice+1","Choke","Sucker Punch"],"picked":"SKIP","floor":39},{"not_picked":["Dagger Spray","Noxious Fumes"],"picked":"Catalyst","floor":41},{"not_picked":["Slice","Crippling Poison"],"picked":"PiercingWail","floor":42},{"not_picked":["Dodge and Roll","Bane+1"],"picked":"Calculated Gamble+1","floor":46},{"not_picked":["Underhanded Strike","Cloak And Dagger","Bane"],"picked":"SKIP","floor":47},{"not_picked":["Slice","Sucker Punch+1"],"picked":"Malaise","floor":48}],"player_experience":4892633,"relics_obtained":[{"floor":6.0,"key":"Bottled Lightning"},{"floor":8.0,"key":"Centennial Puzzle"},{"floor":9.0,"key":"Boot"},{"floor":12.0,"key":"Mercury Hourglass"},{"floor":22.0,"key":"The Specimen"},{"floor":22.0,"key":"Mummified Hand"},{"floor":26.0,"key":"War Paint"},{"floor":28.0,"key":"Orichalcum"},{"floor":41,"key":"Anchor"},{"floor":43,"key":"Lantern"}],"event_choices":[{"damage_healed":16.0,"max_hp_gain":0.0,"max_hp_loss":0.0,"gold_gain":0.0,"event_name":"Mushrooms","player_choice":"Healed and dodged fight","floor":10.0,"gold_loss":0.0,"damage_taken":0.0,"cards_obtained":["Parasite"]},{"damage_healed":0.0,"max_hp_gain":5.0,"max_hp_loss":0.0,"gold_gain":0.0,"event_name":"Forgotten Altar","player_choice":"Shed Blood","floor":20.0,"gold_loss":0.0,"damage_taken":22.0},{"damage_healed":0.0,"max_hp_gain":0.0,"max_hp_loss":0.0,"gold_gain":0.0,"event_name":"Colosseum","player_choice":"Fight","floor":22.0,"gold_loss":0.0,"damage_taken":0.0},{"damage_healed":0.0,"max_hp_gain":0.0,"max_hp_loss":0.0,"gold_gain":0.0,"event_name":"Colosseum","player_choice":"Fought Nobs","floor":22.0,"gold_loss":0.0,"damage_taken":0.0},{"damage_healed":0,"gold_gain":0,"player_choice":"Gave Potion","damage_taken":0,"relics_obtained":["Ornamental Fan"],"max_hp_gain":0,"max_hp_loss":0,"event_name":"WeMeetAgain","floor":36,"gold_loss":0},{"damage_healed":0,"gold_gain":0,"player_choice":"0 cards matched","damage_taken":0,"max_hp_gain":0,"max_hp_loss":0,"event_name":"Match and Keep!","floor":38,"gold_loss":0,"cards_obtained":[]}],"is_beta":false,"boss_relics":[{"not_picked":["Fusion Hammer","Cursed Key"],"picked":"Ring of the Serpent"},{"not_picked":["Runic Dome","Eternal Feather"],"picked":"Astrolabe"}],"items_purged_floors":[19,44],"is_endless":false,"potions_floor_spawned":[1,3,5,12,24,28,35,37,39],"killed_by":"Awakened One","ascension_level":20}