{"gold_per_floor":[18,37,55,71,85,112,112,136,187,201,201,201,266,296,308,394,406,438,375,387,411,443,455,467,479,491,517,72,86,86,99,99,177,177,195,211,225,240,140,168,168,194,194,220,232,232,232,244,244,244,244,244,244,65,94,94],"floor_reached":57,"playtime":3525,"items_purged":["Strike_B+1","Decay","Zap"],"score":2887,"play_id":"f27ffe02-f125-458b-ae79-4bc201dd9bf0","local_time":"20190714043037","is_ascension_mode":true,"campfire_choices":[{"data":"Buffer","floor":7.0,"key":"SMITH"},{"floor":12.0,"key":"REST"},{"data":"Barrage","floor":15.0,"key":"SMITH"},{"data":"Conserve Battery","floor":23.0,"key":"SMITH"},{"data":"Conserve Battery","floor":25.0,"key":"SMITH"},{"floor":32.0,"key":"RECALL"},{"data":"Doubt","floor":47,"key":"PURGE"},{"data":"Strike_B+1","floor":49,"key":"PURGE"},{"data":"Strike_B+1","floor":53,"key":"PURGE"}],"neow_cost":"NO_GOLD","seed_source_timestamp":294644866026700,"circlet_count":0,"master_deck":["AscendersBane","Defend_B+1","Defend_B+1","Defend_B+1","Defend_B+1","Dualcast","Buffer+1","Streamline","Cold Snap","Cold Snap","Rip and Tear","Barrage+1","Conserve Battery+1","Chill","Conserve Battery+1","Ball Lightning","Creative AI","Sweeping Beam+1","Fusion","Creative AI","All For One","Coolheaded+1","Echo Form","Echo Form","Skim","Reinforced Body+1","Recycle"],"special_seed":0,"relics":["Cracked Core","Mummified Hand","Odd Mushroom","Anchor","Question Card","MawBank","Snecko Eye","CultistMask","DollysMirror","Cursed Key","Peace Pipe","Gambling Chip","Vajra","Shuriken"],"potions_floor_usage":[56],"damage_taken":[{"damage":6.0,"enemies":"2 Louse","floor":1.0,"turns":3.0},{"damage":7.0,"enemies":"Jaw Worm","floor":2.0,"turns":4.0},{"damage":12.0,"enemies":"Small Slimes","floor":3.0,"turns":3.0},{"damage":8.0,"enemies":"3 Louse","floor":4.0,"turns":3.0},{"damage":4.0,"enemies":"Blue Slaver","floor":5.0,"turns":4.0},{"damage":8.0,"enemies":"Lagavulin","floor":6.0,"turns":7.0},{"damage":6.0,"enemies":"The Mushroom Lair","floor":8.0,"turns":3.0},{"damage":7.0,"enemies":"Gremlin Gang","floor":10.0,"turns":4.0},{"damage":6.0,"enemies":"3 Sentries","floor":13.0,"turns":8.0},{"damage":3.0,"enemies":"3 Sentries","floor":14.0,"turns":9.0},{"damage":5.0,"enemies":"The Guardian","floor":16.0,"turns":13.0},{"damage":0.0,"enemies":"3 Byrds","floor":18.0,"turns":4.0},{"damage":11.0,"enemies":"Shell Parasite","floor":21.0,"turns":5.0},{"damage":0.0,"enemies":"3 Cultists","floor":22.0,"turns":6.0},{"damage":9.0,"enemies":"Sentry and Sphere","floor":27.0,"turns":8.0},{"damage":22.0,"enemies":"Shelled Parasite and Fungi","floor":29.0,"turns":6.0},{"damage":0.0,"enemies":"Centurion and Healer","floor":31.0,"turns":6.0},{"damage":0.0,"enemies":"Champ","floor":33.0,"turns":10.0},{"damage":0.0,"enemies":"3 Darklings","floor":35.0,"turns":4.0},{"damage":0.0,"enemies":"Orb Walker","floor":36.0,"turns":4.0},{"damage":0.0,"enemies":"Maw","floor":37.0,"turns":6.0},{"damage":5.0,"enemies":"4 Shapes","floor":38.0,"turns":4.0},{"damage":25.0,"enemies":"Reptomancer","floor":40.0,"turns":6.0},{"damage":0,"enemies":"Giant Head","floor":42,"turns":5},{"damage":3,"enemies":"Nemesis","floor":44,"turns":7},{"damage":6,"enemies":"Writhing Mass","floor":45,"turns":7},{"damage":16,"enemies":"Maw","floor":48,"turns":6},{"damage":24,"enemies":"Time Eater","floor":50,"turns":9},{"damage":35,"enemies":"Awakened One","floor":51,"turns":7},{"damage":0,"enemies":"Shield and Spear","floor":55,"turns":6},{"damage":20,"enemies":"The Heart","floor":56,"turns":10}],"seed_played":"-5023287111223152528","potions_obtained":[{"floor":2.0,"key":"Fire Potion"},{"floor":5.0,"key":"Fruit Juice"},{"floor":8.0,"key":"SneckoOil"},{"floor":10.0,"key":"Energy Potion"},{"floor":16.0,"key":"AttackPotion"},{"floor":18.0,"key":"Block Potion"},{"floor":38.0,"key":"FairyPotion"},{"floor":40.0,"key":"SteroidPotion"}],"is_trial":false,"path_per_floor":["M","M","M","M","M","E","R","?","T","M","?","R","?","E","R","B",null,"M","?","?","M","M","R","?","R","T","M","$","M","?","M","R","B",null,"M","M","M","M","$","E","?","E","T","E","M","?","R","M","R","B","B",null,"R","$","E","B",null],"character_chosen":"DEFECT","items_purchased":["DollysMirror","All For One","PowerPotion"],"campfire_rested":1,"item_purchase_floors":[28,28,54],"current_hp_per_floor":[58,51,39,31,32,24,24,18,18,11,11,33,27,24,24,19,62,62,62,62,51,51,51,51,51,51,42,42,20,20,20,20,20,62,62,62,62,57,57,32,32,32,32,29,23,76,76,60,60,36,1,57,57,57,57,37],"gold":94,"neow_bonus":"THREE_RARE_CARDS","is_prod":false,"is_daily":false,"chose_seed":false,"campfire_upgraded":4,"win_rate":0,"timestamp":1563046237,"path_taken":["M","M","M","M","M","E","R","?","T","M","?","R","?","E","R","BOSS","M","?","?","M","?","R","?","R","T","M","$","M","?","M","R","BOSS","M","M","M","M","$","E","?","E","T","E","M","?","R","M","R","BOSS","BOSS","R","$","E","BOSS"],"build_version":"2019-07-05","purchased_purges":3,"victory":true,"max_hp_per_floor":[71,71,71,71,76,76,76,76,76,76,76,76,76,76,76,76,76,76,76,76,76,76,76,76,76,76,76,76,76,76,76,76,76,76,76,76,76,76,76,76,76,76,76,76,76,76,76,76,76,76,76,76,76,76,76,76],"card_choices":[{"not_picked":["All For One","Machine Learning"],"picked":"Buffer","floor":0.0},{"not_picked":["Redo","Aggregate"],"picked":"Streamline","floor":1.0},{"not_picked":["Steam","Leap"],"picked":"Cold Snap","floor":2.0},{"not_picked":["Turbo","Heatsinks"],"picked":"Cold Snap","floor":3.0},{"not_picked":["Aggregate","Compile Driver"],"picked":"Rip and Tear","floor":4.0},{"not_picked":["Streamline","Meteor Strike"],"picked":"Barrage","floor":5.0},{"not_picked":["Steam","Skim","Barrage"],"picked":"SKIP","floor":6.0},{"not_picked":["Barrage","Ball Lightning"],"picked":"Conserve Battery","floor":8.0},{"not_picked":["Steam","Turbo"],"picked":"Chill","floor":10.0},{"not_picked":["Hologram","Cold Snap"],"picked":"Conserve Battery","floor":13.0},{"not_picked":["BootSequence","Glacier","Redo"],"picked":"Ball Lightning","floor":14.0},{"not_picked":["Reboot","Amplify","Machine Learning"],"picked":"Creative AI","floor":16.0},{"not_picked":["Leap","Blizzard","Rebound"],"picked":"Sweeping Beam+1","floor":18.0},{"not_picked":["Stack","Seek","Blizzard","Redo"],"picked":"SKIP","floor":21.0},{"not_picked":["Lockon+1","Go for the Eyes","Redo"],"picked":"Fusion","floor":22.0},{"not_picked":["Stack+1","Barrage","Compile Driver","Go for the Eyes+1"],"picked":"SKIP","floor":27.0},{"not_picked":["Chaos","Melter","Stack"],"picked":"Coolheaded+1","floor":29.0},{"not_picked":["Hologram","Rebound","Leap"],"picked":"Echo Form","floor":31.0},{"not_picked":["Electrodynamics","Hyperbeam","Machine Learning"],"picked":"Echo Form","floor":33.0},{"not_picked":["Steam","Beam Cell","Turbo","Sweeping Beam"],"picked":"SKIP","floor":35.0},{"not_picked":["Sweeping Beam","Tempest","Cold Snap","Leap"],"picked":"SKIP","floor":36.0},{"not_picked":["Turbo","Steam","Storm","Reprogram"],"picked":"SKIP","floor":37.0},{"not_picked":["FTL","Steam","Redo"],"picked":"Skim","floor":38.0},{"not_picked":["Blizzard","Turbo","Static Discharge"],"picked":"Reinforced Body+1","floor":40.0},{"not_picked":["Hyperbeam","Ball Lightning","Consume"],"picked":"Recycle","floor":42},{"not_picked":["Double Energy","Ball Lightning+1","Loop","Steam+1"],"picked":"SKIP","floor":44},{"not_picked":["Redo","Streamline","Sweeping Beam","Barrage+1"],"picked":"SKIP","floor":45},{"not_picked":["Barrage","Loop","Hello World","Doom and Gloom"],"picked":"SKIP","floor":48},{"not_picked":["Rip and Tear+1","Defragment","White Noise+1","Beam Cell"],"picked":"SKIP","floor":55}],"player_experience":5683564,"relics_obtained":[{"floor":6.0,"key":"Mummified Hand"},{"floor":8.0,"key":"Odd Mushroom"},{"floor":9.0,"key":"Anchor"},{"floor":13.0,"key":"Question Card"},{"floor":14.0,"key":"MawBank"},{"floor":40.0,"key":"Peace Pipe"},{"floor":42,"key":"Gambling Chip"},{"floor":44,"key":"Vajra"},{"floor":55,"key":"Shuriken"}],"event_choices":[{"damage_healed":0.0,"max_hp_gain":0.0,"max_hp_loss":0.0,"gold_gain":0.0,"event_name":"Mushrooms","player_choice":"Fought Mushrooms","floor":8.0,"gold_loss":0.0,"damage_taken":0.0},{"damage_healed":0.0,"max_hp_gain":0.0,"max_hp_loss":0.0,"gold_gain":0.0,"event_name":"Liars Game","player_choice":"Ignored","floor":11.0,"gold_loss":0.0,"damage_taken":0.0},{"damage_healed":0.0,"max_hp_gain":0.0,"max_hp_loss":0.0,"gold_gain":0.0,"event_name":"Dead Adventurer","player_choice":"Searched \u00271\u0027 times","floor":13.0,"gold_loss":0.0,"damage_taken":0.0},{"cards_removed":["Strike_B"],"damage_healed":0.0,"max_hp_gain":0.0,"max_hp_loss":0.0,"gold_gain":0.0,"event_name":"Beggar","player_choice":"Gave Gold","floor":19.0,"gold_loss":75.0,"damage_taken":0.0},{"damage_healed":0.0,"max_hp_gain":0.0,"max_hp_loss":0.0,"gold_gain":0.0,"event_name":"FaceTrader","player_choice":"Trade","floor":20.0,"gold_loss":0.0,"damage_taken":0.0,"relics_obtained":["CultistMask"]},{"damage_healed":0.0,"max_hp_gain":0.0,"max_hp_loss":0.0,"gold_gain":0.0,"event_name":"Back to Basics","player_choice":"Simplicity","floor":24.0,"gold_loss":0.0,"damage_taken":0.0,"cards_upgraded":["Strike_B","Strike_B","Strike_B","Defend_B","Defend_B","Defend_B","Defend_B"]},{"damage_healed":0.0,"max_hp_gain":0.0,"max_hp_loss":0.0,"gold_gain":0.0,"event_name":"Forgotten Altar","player_choice":"Smashed Altar","floor":30.0,"gold_loss":0.0,"damage_taken":0.0,"cards_obtained":["Decay"]},{"damage_healed":0,"gold_gain":0,"player_choice":"Ignored","damage_taken":0,"max_hp_gain":0,"max_hp_loss":0,"event_name":"Mysterious Sphere","floor":41,"gold_loss":0},{"damage_healed":53,"gold_gain":0,"player_choice":"Heal","damage_taken":0,"max_hp_gain":0,"max_hp_loss":0,"event_name":"MindBloom","floor":46,"gold_loss":0,"cards_obtained":["Doubt"]}],"is_beta":false,"boss_relics":[{"not_picked":["Empty Cage","Inserter"],"picked":"Snecko Eye"},{"not_picked":["White Beast Statue","Astrolabe"],"picked":"Cursed Key"}],"items_purged_floors":[28,39,54],"is_endless":false,"potions_floor_spawned":[2,5,8,10,16,18,38,40,48],"ascension_level":20}