{"gold_per_floor":[118,118,118,137,152,128,53,3,3,26,26],"floor_reached":11,"playtime":311,"items_purged":["Strike_G"],"score":90,"play_id":"dfd803a4-779a-4010-9afb-992ac4a93476","local_time":"20190403011420","is_ascension_mode":false,"campfire_choices":[],"neow_cost":"","seed_source_timestamp":0,"circlet_count":0,"master_deck":["Defend_G","Defend_G","Defend_G","Defend_G","Defend_G","Strike_G","Strike_G","Strike_G","Survivor","Underhanded Strike","Underhanded Strike","Dual Wield+1","Underhanded Strike","Underhanded Strike","Underhanded Strike","Underhanded Strike","Underhanded Strike"],"relics":["Ring of the Snake","Golden Idol","Blue Candle"],"potions_floor_usage":[11],"damage_taken":[{"damage":0,"enemies":"2 Louse","floor":1,"turns":2},{"damage":0,"enemies":"Small Slimes","floor":4,"turns":4},{"damage":0,"enemies":"Cultist","floor":5,"turns":3},{"damage":10,"enemies":"Exordium Thugs","floor":6,"turns":5},{"damage":15,"enemies":"Large Slime","floor":10,"turns":6},{"damage":41,"enemies":"Gremlin Nob","floor":11,"turns":5}],"seed_played":"5398100073859104154","potions_obtained":[{"floor":1,"key":"GhostInAJar"},{"floor":4,"key":"Block Potion"},{"floor":10,"key":"SpeedPotion"}],"is_trial":true,"path_per_floor":["M","?","?","M","M","M","$","?","T","M","E"],"character_chosen":"THE_SILENT","items_purchased":[],"campfire_rested":0,"item_purchase_floors":[],"current_hp_per_floor":[70,53,53,53,53,43,43,43,43,28,0],"gold":26,"neow_bonus":"","is_prod":false,"is_daily":false,"chose_seed":false,"campfire_upgraded":0,"win_rate":0,"timestamp":1554221660,"path_taken":["M","?","?","M","?","M","?","?","T","M","E"],"build_version":"2019-01-23","purchased_purges":1,"victory":false,"max_hp_per_floor":[70,70,70,70,70,70,70,70,70,70,70],"card_choices":[{"not_picked":["Terror","Dagger Throw"],"picked":"Underhanded Strike","floor":1},{"not_picked":["Slice","Flying Knee"],"picked":"Underhanded Strike","floor":4},{"not_picked":["Bane","Backflip"],"picked":"Underhanded Strike","floor":5},{"not_picked":["Well Laid Plans","Deflect"],"picked":"Underhanded Strike","floor":6},{"not_picked":["Predator","Outmaneuver"],"picked":"Underhanded Strike","floor":10}],"player_experience":4691154,"relics_obtained":[{"floor":9,"key":"Blue Candle"}],"event_choices":[{"damage_healed":0,"gold_gain":0,"player_choice":"Take Damage","damage_taken":17,"relics_obtained":["Golden Idol"],"max_hp_gain":0,"max_hp_loss":0,"event_name":"Golden Idol","floor":2,"gold_loss":0},{"cards_removed":["Neutralize"],"damage_healed":0,"gold_gain":0,"player_choice":"Took Card","damage_taken":0,"max_hp_gain":0,"max_hp_loss":0,"event_name":"NoteForYourself","floor":3,"gold_loss":0,"cards_obtained":["Dual Wield"]},{"cards_removed":["Strike_G"],"damage_healed":0,"gold_gain":0,"player_choice":"Card Removal","damage_taken":0,"max_hp_gain":0,"max_hp_loss":0,"event_name":"The Cleric","floor":8,"gold_loss":50}],"is_beta":false,"boss_relics":[],"items_purged_floors":[7],"is_endless":false,"potions_floor_spawned":[1,4,10],"killed_by":"Gremlin Nob","ascension_level":0}