{"gold_per_floor":[366,49,68,85,19,59,71,100,136,148,160,182,209,236,248,337,349,379,666,678,706,730,742,767,779,791,803,815],"floor_reached":28,"playtime":803,"items_purged":["Doubt"],"score":402,"play_id":"8aaa4ddb-b3ef-4900-b6c4-d4de2e078e93","local_time":"20190713131108","is_ascension_mode":true,"campfire_choices":[{"data":"Perfected Strike","floor":7,"key":"SMITH"},{"floor":10,"key":"REST"},{"data":"Limit Break","floor":15,"key":"SMITH"},{"data":"Panacea","floor":23,"key":"SMITH"},{"floor":25,"key":"REST"},{"data":"Berserk","floor":27,"key":"SMITH"}],"neow_cost":"CURSE","seed_source_timestamp":1901450500245028,"circlet_count":0,"master_deck":["AscendersBane","Strike_R","Strike_R","Strike_R","Strike_R","Strike_R","Defend_R","Defend_R","Defend_R","Defend_R","Bash","Perfected Strike+1","Panacea+1","Pommel Strike","Flex","Ghostly Armor","Wild Strike","Shrug It Off","Limit Break+1","Berserk+1","Sword Boomerang+1","Pummel","Armaments"],"relics":["Burning Blood","Omamori","MawBank","Regal Pillow","Bronze Scales","Busted Crown","Nunchaku"],"potions_floor_usage":[16,18,28],"damage_taken":[{"damage":8,"enemies":"2 Louse","floor":1,"turns":3},{"damage":6,"enemies":"Cultist","floor":3,"turns":4},{"damage":7,"enemies":"Jaw Worm","floor":4,"turns":3},{"damage":24,"enemies":"Gremlin Nob","floor":6,"turns":4},{"damage":7,"enemies":"Looter","floor":8,"turns":4},{"damage":12,"enemies":"Exordium Wildlife","floor":12,"turns":3},{"damage":20,"enemies":"2 Fungi Beasts","floor":13,"turns":3},{"damage":2,"enemies":"Large Slime","floor":14,"turns":5},{"damage":43,"enemies":"Hexaghost","floor":16,"turns":10},{"damage":7,"enemies":"Chosen","floor":18,"turns":4},{"damage":16,"enemies":"3 Byrds","floor":21,"turns":3},{"damage":33,"enemies":"Centurion and Healer","floor":22,"turns":7},{"damage":40,"enemies":"Shelled Parasite and Fungi","floor":24,"turns":6},{"damage":55,"enemies":"Slavers","floor":28,"turns":4}],"seed_played":"-5326027514423553777","potions_obtained":[{"floor":4,"key":"FairyPotion"},{"floor":8,"key":"Fire Potion"},{"floor":16,"key":"Regen Potion"},{"floor":18,"key":"Ancient Potion"}],"is_trial":false,"path_per_floor":["M","$","M","M","?","E","R","M","T","R","$","M","M","M","R","B",null,"M","?","$","M","M","R","M","R","T","R","E"],"character_chosen":"IRONCLAD","items_purchased":["Omamori","Panacea"],"campfire_rested":2,"item_purchase_floors":[2,2],"current_hp_per_floor":[66,66,66,65,65,47,47,46,46,75,75,69,55,59,59,22,62,73,73,73,63,36,36,13,50,50,50,0],"gold":815,"neow_bonus":"TWO_FIFTY_GOLD","is_prod":false,"is_daily":false,"chose_seed":false,"campfire_upgraded":4,"win_rate":0,"timestamp":1563019868,"path_taken":["M","$","M","M","?","E","R","M","T","R","$","M","M","?","R","BOSS","M","?","$","M","M","R","M","R","T","R","E"],"build_version":"2019-07-05","purchased_purges":1,"victory":false,"max_hp_per_floor":[75,75,75,75,75,75,75,75,75,75,75,75,75,75,75,75,75,75,75,75,75,75,75,75,75,75,75,75],"card_choices":[{"not_picked":["Warcry","Clothesline"],"picked":"Perfected Strike","floor":1},{"not_picked":["Fire Breathing","Iron Wave"],"picked":"Pommel Strike","floor":3},{"not_picked":["Double Tap","Havoc"],"picked":"Flex","floor":4},{"not_picked":["Flex","Burning Pact"],"picked":"Ghostly Armor","floor":6},{"not_picked":["Inflame","Sever Soul"],"picked":"Wild Strike","floor":8},{"not_picked":["Hemokinesis","Heavy Blade"],"picked":"Shrug It Off","floor":12},{"not_picked":["Clash","Pummel"],"picked":"Limit Break","floor":13},{"not_picked":["Headbutt","Carnage","Feel No Pain"],"picked":"SKIP","floor":14},{"not_picked":["Juggernaut","Barricade"],"picked":"Berserk","floor":16},{"not_picked":[],"picked":"Sword Boomerang+1","floor":18},{"not_picked":[],"picked":"Pummel","floor":21},{"not_picked":[],"picked":"Armaments","floor":22},{"not_picked":["Power Through"],"picked":"SKIP","floor":24}],"player_experience":396470,"relics_obtained":[{"floor":6,"key":"Regal Pillow"},{"floor":9,"key":"Bronze Scales"},{"floor":26,"key":"Nunchaku"}],"event_choices":[{"damage_healed":0,"gold_gain":0,"player_choice":"Paid Gold","damage_taken":0,"relics_obtained":["MawBank"],"max_hp_gain":0,"max_hp_loss":0,"event_name":"WeMeetAgain","floor":5,"gold_loss":66},{"damage_healed":0,"gold_gain":275,"player_choice":"Desecrate","damage_taken":0,"max_hp_gain":0,"max_hp_loss":0,"event_name":"Golden Shrine","floor":19,"gold_loss":0,"cards_obtained":["Regret"]}],"is_beta":false,"boss_relics":[{"not_picked":["Coffee Dripper","Cursed Key"],"picked":"Busted Crown"}],"items_purged_floors":[2],"is_endless":false,"potions_floor_spawned":[4,8,16,18],"killed_by":"Slavers","ascension_level":14}