{"gold_per_floor":[112,123,133,147,147,17,17,27,51,51,75,75,75,95,95,95],"floor_reached":16,"playtime":388,"items_purged":[],"score":184,"play_id":"d787434f-f621-433f-9ffa-5e6793b4a1e8","local_time":"20190320003451","is_ascension_mode":true,"campfire_choices":[{"floor":7,"key":"REST"},{"data":"Body Slam","floor":10,"key":"SMITH"},{"data":"Evolve","floor":13,"key":"SMITH"},{"data":"Fiend Fire","floor":15,"key":"SMITH"}],"neow_cost":"PERCENT_DAMAGE","seed_source_timestamp":521166223822100,"circlet_count":0,"master_deck":["AscendersBane","Strike_R","Strike_R","Strike_R","Strike_R","Strike_R","Defend_R+1","Defend_R","Defend_R","Defend_R","Bash","Fiend Fire+1","Shrug It Off+1","Sword Boomerang","Twin Strike","Evolve+1","Body Slam+1","Flame Barrier","Reckless Charge","Bludgeon"],"relics":["Burning Blood","War Paint","Ancient Tea Set","Odd Mushroom","Bottled Lightning"],"potions_floor_usage":[8,16],"damage_taken":[{"damage":6,"enemies":"2 Louse","floor":1,"turns":3},{"damage":12,"enemies":"Small Slimes","floor":2,"turns":3},{"damage":2,"enemies":"Jaw Worm","floor":3,"turns":3},{"damage":11,"enemies":"Exordium Wildlife","floor":4,"turns":4},{"damage":0,"enemies":"Lots of Slimes","floor":8,"turns":3},{"damage":21,"enemies":"The Mushroom Lair","floor":11,"turns":5},{"damage":0,"enemies":"3 Louse","floor":14,"turns":4},{"damage":38,"enemies":"The Guardian","floor":16,"turns":8}],"seed_played":"2701328213961265586","potions_obtained":[{"floor":3,"key":"Strength Potion"},{"floor":4,"key":"AttackPotion"},{"floor":8,"key":"LiquidBronze"},{"floor":14,"key":"Fire Potion"}],"is_trial":false,"path_per_floor":["M","M","M","M","?","$","R","M","T","R","?","T","R","M","R","B"],"character_chosen":"IRONCLAD","items_purchased":["Evolve","Body Slam"],"campfire_rested":1,"item_purchase_floors":[6,6],"current_hp_per_floor":[50,44,48,43,17,17,39,45,45,45,30,30,30,36,36,0],"gold":95,"neow_bonus":"THREE_RARE_CARDS","is_prod":false,"is_daily":false,"chose_seed":false,"campfire_upgraded":3,"win_rate":0,"timestamp":1553009691,"path_taken":["M","M","M","M","?","$","R","M","T","R","?","?","R","M","R","BOSS"],"build_version":"2019-01-23","purchased_purges":0,"victory":false,"max_hp_per_floor":[75,75,75,75,75,75,75,75,75,75,75,75,75,75,75,75],"card_choices":[{"not_picked":["Impervious","Berserk"],"picked":"Fiend Fire","floor":0},{"not_picked":["True Grit","Sentinel"],"picked":"Shrug It Off","floor":1},{"not_picked":["Rupture","Corruption"],"picked":"Sword Boomerang","floor":2},{"not_picked":["Heavy Blade","Clash"],"picked":"Twin Strike","floor":3},{"not_picked":["Reckless Charge","True Grit","Dropkick"],"picked":"SKIP","floor":4},{"not_picked":["Flex","Perfected Strike"],"picked":"Flame Barrier","floor":8},{"not_picked":["Iron Wave","True Grit"],"picked":"Reckless Charge","floor":11},{"not_picked":["Thunderclap","Metallicize"],"picked":"Bludgeon","floor":14}],"player_experience":4572740,"relics_obtained":[{"floor":9,"key":"Ancient Tea Set"},{"floor":11,"key":"Odd Mushroom"},{"floor":12,"key":"Bottled Lightning"}],"event_choices":[{"damage_healed":0,"gold_gain":0,"player_choice":"Success","damage_taken":26,"relics_obtained":["War Paint"],"max_hp_gain":0,"max_hp_loss":0,"event_name":"Scrap Ooze","floor":5,"gold_loss":0},{"damage_healed":0,"gold_gain":0,"player_choice":"Fought Mushrooms","damage_taken":0,"max_hp_gain":0,"max_hp_loss":0,"event_name":"Mushrooms","floor":11,"gold_loss":0}],"is_beta":false,"boss_relics":[],"items_purged_floors":[],"is_endless":false,"potions_floor_spawned":[3,4,8,14],"killed_by":"The Guardian","ascension_level":20}