{"gold_per_floor":[119,119,194,194,39,39,64,64,91,119,132,132,132,149,149,227,227,238,238,253,253,153,153,163,163,190,200,200,217,217,233,233,307,307,317,192,42,42,42,42,69,69],"floor_reached":42,"playtime":1394,"items_purged":["Defend_G","All Out Attack","Dodge and Roll","Heel Hook"],"score":960,"play_id":"95c2efb6-3733-4734-9faf-222ae84e9d97","local_time":"20190408020102","is_ascension_mode":true,"campfire_choices":[{"data":"Accuracy","floor":6.0,"key":"SMITH"},{"data":"Blade Dance","floor":8.0,"key":"SMITH"},{"data":"Choke","floor":13.0,"key":"SMITH"},{"data":"Accuracy","floor":15.0,"key":"SMITH"},{"data":"Wraith Form v2","floor":23.0,"key":"SMITH"},{"floor":28.0,"key":"REST"},{"data":"Night Terror","floor":32.0,"key":"SMITH"},{"data":"Neutralize","floor":40,"key":"SMITH"}],"neow_cost":"NONE","seed_source_timestamp":458279284452200,"circlet_count":0,"master_deck":["AscendersBane","Survivor","Neutralize+1","Infinite Blades","Accuracy+1","Blade Dance+1","Choke+1","Accuracy+1","Adrenaline","Night Terror+1","Heel Hook","Wraith Form v2+1","PiercingWail","Poisoned Stab","Tactician+1","Catalyst","Dodge and Roll","Cloak And Dagger","Deflect+1","Cloak And Dagger+1","After Image","Terror","Acrobatics","Cloak And Dagger","Burst"],"special_seed":0,"relics":["Ring of the Snake","NeowsBlessing","Mercury Hourglass","Oddly Smooth Stone","Pen Nib","Darkstone Periapt","War Paint","Pandora\u0027s Box","Omamori","Pantograph","Orrery","Blood Vial"],"potions_floor_usage":[],"damage_taken":[{"damage":0.0,"enemies":"Small Slimes","floor":1.0,"turns":1.0},{"damage":0.0,"enemies":"Lagavulin","floor":7.0,"turns":1.0},{"damage":0.0,"enemies":"Gremlin Nob","floor":10.0,"turns":1.0},{"damage":0.0,"enemies":"Jaw Worm","floor":11.0,"turns":3.0},{"damage":0.0,"enemies":"2 Louse","floor":14.0,"turns":4.0},{"damage":8.0,"enemies":"Slime Boss","floor":16.0,"turns":7.0},{"damage":14.0,"enemies":"2 Thieves","floor":18.0,"turns":3.0},{"damage":12.0,"enemies":"3 Byrds","floor":20.0,"turns":4.0},{"damage":3.0,"enemies":"Snake Plant","floor":24.0,"turns":6.0},{"damage":11.0,"enemies":"Colosseum Slavers","floor":25.0,"turns":5.0},{"damage":8.0,"enemies":"Cultist and Chosen","floor":27.0,"turns":6.0},{"damage":23.0,"enemies":"Shelled Parasite and Fungi","floor":29.0,"turns":5.0},{"damage":2.0,"enemies":"Chosen and Byrds","floor":31.0,"turns":5.0},{"damage":11.0,"enemies":"Automaton","floor":33.0,"turns":8.0},{"damage":6.0,"enemies":"3 Darklings","floor":35.0,"turns":7.0},{"damage":42,"enemies":"Reptomancer","floor":41,"turns":8},{"damage":3,"enemies":"Orb Walker","floor":42,"turns":3}],"seed_played":"4589655221714389088","potions_obtained":[{"floor":7.0,"key":"Weak Potion"},{"floor":11.0,"key":"PowerPotion"},{"floor":16.0,"key":"Ancient Potion"},{"floor":20.0,"key":"Poison Potion"},{"floor":29.0,"key":"SpeedPotion"},{"floor":41,"key":"Fire Potion"}],"is_trial":false,"path_per_floor":["M","?","?","T","$","R","E","R","T","E","M","?","R","M","R","B",null,"M","?","M","?","$","R","M","?","T","M","R","M","?","M","R","B",null,"M","$","$","?","$","R","E","M"],"character_chosen":"THE_SILENT","items_purchased":["Accuracy"],"campfire_rested":1,"item_purchase_floors":[5],"current_hp_per_floor":[59,59,48,48,48,48,48,48,48,48,48,43,43,43,43,35,58,44,44,32,32,32,32,29,18,18,10,29,6,6,4,4,18,54,48,48,48,48,48,48,6,5],"gold":69,"neow_bonus":"THREE_ENEMY_KILL","is_prod":false,"is_daily":false,"chose_seed":false,"campfire_upgraded":7,"win_rate":0,"timestamp":1554656462,"path_taken":["M","?","?","?","$","R","E","R","T","E","M","?","R","M","R","BOSS","M","?","M","?","$","R","M","?","T","M","R","M","?","?","R","BOSS","M","?","$","?","$","R","E","M"],"build_version":"2019-01-23","purchased_purges":4,"victory":false,"max_hp_per_floor":[66,66,66,66,66,66,66,66,66,66,66,66,66,66,66,66,66,66,66,66,66,66,66,66,66,66,66,66,66,66,66,66,66,66,66,66,66,66,66,66,66,66],"card_choices":[{"not_picked":["Dagger Throw","Underhanded Strike"],"picked":"Infinite Blades","floor":1.0},{"not_picked":["Backflip","Slice"],"picked":"Blade Dance","floor":7.0},{"not_picked":["Calculated Gamble","Bane"],"picked":"Choke","floor":10.0},{"not_picked":["Choke","Heel Hook","Bane"],"picked":"SKIP","floor":11.0},{"not_picked":["Heel Hook","Dodge and Roll"],"picked":"Accuracy","floor":14.0},{"not_picked":["Doppelganger","Bullet Time"],"picked":"Adrenaline","floor":16.0},{"not_picked":["Sucker Punch","Concentrate"],"picked":"Tactician+1","floor":18.0},{"not_picked":["Outmaneuver","Choke"],"picked":"Dodge and Roll","floor":20.0},{"not_picked":["PiercingWail","Quick Slash","Reflex"],"picked":"SKIP","floor":24.0},{"not_picked":["Heel Hook","Slice"],"picked":"Deflect+1","floor":27.0},{"not_picked":["Eviscerate+1","Bane","Deflect+1"],"picked":"SKIP","floor":29.0},{"not_picked":["Dagger Spray","Masterful Stab"],"picked":"Cloak And Dagger+1","floor":31.0},{"not_picked":["Die Die Die","Grand Finale"],"picked":"After Image","floor":33.0},{"not_picked":["Slice","Well Laid Plans"],"picked":"Terror","floor":34.0},{"not_picked":["Flying Knee","Cloak And Dagger"],"picked":"Acrobatics","floor":34.0},{"not_picked":["Dash","Catalyst"],"picked":"Cloak And Dagger","floor":34.0},{"not_picked":["Dodge and Roll+1","Bane","Unload"],"picked":"SKIP","floor":35.0},{"not_picked":["Blur","Distraction+1"],"picked":"Burst","floor":41}],"player_experience":4724992,"relics_obtained":[{"floor":4.0,"key":"Mercury Hourglass"},{"floor":7.0,"key":"Oddly Smooth Stone"},{"floor":9.0,"key":"Pen Nib"},{"floor":10.0,"key":"Darkstone Periapt"},{"floor":26.0,"key":"Omamori"},{"floor":41,"key":"Blood Vial"}],"event_choices":[{"damage_healed":0.0,"max_hp_gain":0.0,"max_hp_loss":0.0,"gold_gain":0.0,"event_name":"Liars Game","player_choice":"Ignored","floor":2.0,"gold_loss":0.0,"damage_taken":0.0},{"damage_healed":0.0,"max_hp_gain":0.0,"max_hp_loss":0.0,"gold_gain":75.0,"event_name":"World of Goop","player_choice":"Gather Gold","floor":3.0,"gold_loss":0.0,"damage_taken":11.0},{"damage_healed":0.0,"max_hp_gain":0.0,"max_hp_loss":0.0,"gold_gain":0.0,"event_name":"Scrap Ooze","player_choice":"Success","floor":12.0,"gold_loss":0.0,"damage_taken":5.0,"relics_obtained":["War Paint"]},{"damage_healed":0.0,"max_hp_gain":0.0,"max_hp_loss":0.0,"gold_gain":0.0,"cards_transformed":["Choke","Caltrops"],"event_name":"Drug Dealer","player_choice":"Became Test Subject","floor":19.0,"gold_loss":0.0,"damage_taken":0.0,"cards_obtained":["Catalyst","Dodge and Roll"]},{"damage_healed":0.0,"max_hp_gain":0.0,"max_hp_loss":0.0,"gold_gain":0.0,"event_name":"The Library","player_choice":"Read","floor":21.0,"gold_loss":0.0,"damage_taken":0.0,"cards_obtained":["Cloak And Dagger"]},{"damage_healed":0.0,"max_hp_gain":0.0,"max_hp_loss":0.0,"gold_gain":0.0,"event_name":"Colosseum","player_choice":"Fight","floor":25.0,"gold_loss":0.0,"damage_taken":0.0},{"damage_healed":0.0,"max_hp_gain":0.0,"max_hp_loss":0.0,"gold_gain":0.0,"event_name":"Colosseum","player_choice":"Fled From Nobs","floor":25.0,"gold_loss":0.0,"damage_taken":0.0},{"damage_healed":0.0,"max_hp_gain":0.0,"max_hp_loss":0.0,"gold_gain":0.0,"event_name":"The Mausoleum","player_choice":"Opened","floor":30.0,"gold_loss":0.0,"damage_taken":0.0,"relics_obtained":["Pantograph"],"cards_obtained":["Writhe"]},{"damage_healed":0,"gold_gain":0,"player_choice":"Ignored","damage_taken":0,"max_hp_gain":0,"max_hp_loss":0,"event_name":"Mysterious Sphere","floor":38,"gold_loss":0}],"is_beta":false,"boss_relics":[{"not_picked":["HoveringKite","Philosopher\u0027s Stone"],"picked":"Pandora\u0027s Box"},{"not_picked":["Busted Crown","White Beast Statue"],"picked":"Orrery"}],"items_purged_floors":[5,22,36,37],"is_endless":false,"potions_floor_spawned":[7,11,16,20,29,31,41],"killed_by":"Orb Walker","ascension_level":20}