{"gold_per_floor":[111,186,186,186,186,205,205,234,261,261],"floor_reached":10,"playtime":174,"items_purged":[],"score":67,"play_id":"19175aae-a4c0-4beb-9fff-5ec98a1961bf","local_time":"20190720145704","is_ascension_mode":true,"campfire_choices":[{"floor":7,"key":"RECALL"}],"neow_cost":"NONE","seed_source_timestamp":853357343259000,"circlet_count":0,"master_deck":["Strike_B","Strike_B","Strike_B","Strike_B","Defend_B","Defend_B","Defend_B","Zap","Dualcast","Genetic Algorithm","Glacier","Biased Cognition+1"],"relics":["Nuclear Battery","Frozen Egg 2","Bag of Marbles"],"potions_floor_usage":[6,8],"damage_taken":[{"damage":5,"enemies":"Jaw Worm","floor":1,"turns":4},{"damage":0,"enemies":"2 Louse","floor":6,"turns":1},{"damage":50,"enemies":"Gremlin Nob","floor":8,"turns":6},{"damage":2,"enemies":"Small Slimes","floor":10,"turns":1}],"seed_played":"149333774169307642","potions_obtained":[{"floor":1,"key":"Fire Potion"},{"floor":6,"key":"SkillPotion"}],"is_trial":false,"path_per_floor":["M","?","?","?","?","M","R","E","T","M"],"character_chosen":"DEFECT","items_purchased":[],"campfire_rested":0,"item_purchase_floors":[],"current_hp_per_floor":[70,59,52,52,52,52,52,2,2,0],"gold":261,"neow_bonus":"BOSS_RELIC","is_prod":false,"is_daily":false,"chose_seed":false,"campfire_upgraded":0,"win_rate":0,"timestamp":1563652624,"path_taken":["M","?","?","?","?","M","R","E","T","M"],"build_version":"2019-07-17","purchased_purges":0,"victory":false,"max_hp_per_floor":[75,75,75,75,75,75,75,75,75,75],"card_choices":[{"not_picked":["Loop","Rebound"],"picked":"Genetic Algorithm","floor":1},{"not_picked":["Rebound","Ball Lightning"],"picked":"Glacier","floor":6},{"not_picked":["Blizzard","Streamline"],"picked":"Biased Cognition+1","floor":8}],"player_experience":118177,"relics_obtained":[{"floor":8,"key":"Bag of Marbles"}],"event_choices":[{"damage_healed":0,"gold_gain":75,"player_choice":"Gather Gold","damage_taken":11,"max_hp_gain":0,"max_hp_loss":0,"event_name":"World of Goop","floor":2,"gold_loss":0},{"cards_removed":["Defend_B"],"damage_healed":0,"gold_gain":0,"player_choice":"Card Removal","damage_taken":7,"max_hp_gain":0,"max_hp_loss":0,"event_name":"Golden Wing","floor":3,"gold_loss":0},{"damage_healed":0,"gold_gain":0,"player_choice":"Box","damage_taken":0,"relics_obtained":["Frozen Egg 2"],"max_hp_gain":0,"max_hp_loss":0,"event_name":"Big Fish","floor":4,"gold_loss":0,"cards_obtained":["Regret"]},{"cards_removed":["Regret"],"damage_healed":0,"gold_gain":0,"player_choice":"Removed Curses","damage_taken":0,"max_hp_gain":0,"max_hp_loss":0,"event_name":"Fountain of Cleansing","floor":5,"gold_loss":0}],"is_beta":false,"boss_relics":[],"items_purged_floors":[],"is_endless":false,"potions_floor_spawned":[1,6],"killed_by":"Small Slimes","ascension_level":1}