{"gold_per_floor":[10,10,28,28,39,69,81,106,169,181,193,205,217,254,266,371,383,413,475,511,392,307,307,350,350,374,399,399,399,399,399],"floor_reached":31,"playtime":810,"items_purged":["Storm of Steel"],"score":502,"play_id":"c14ed671-76b9-46fc-91d7-6afd9b6ea97a","local_time":"20190612022245","is_ascension_mode":true,"campfire_choices":[{"floor":7.0,"key":"REST"},{"data":"Outmaneuver","floor":10.0,"key":"SMITH"},{"data":"Dagger Spray","floor":13.0,"key":"SMITH"},{"data":"Expertise","floor":15.0,"key":"SMITH"},{"floor":23.0,"key":"REST"},{"data":"Concentrate","floor":28.0,"key":"SMITH"},{"data":"Acrobatics","floor":30.0,"key":"SMITH"}],"neow_cost":"NO_GOLD","seed_source_timestamp":1399182883182900,"circlet_count":0,"master_deck":["AscendersBane","Survivor","Neutralize","Outmaneuver+1","All Out Attack","Dagger Spray+1","Infinite Blades","Expertise+1","Grand Finale","Die Die Die","Noxious Fumes","Dagger Spray","Quick Slash","Escape Plan","Caltrops","Dash","Well Laid Plans","Concentrate+1","Acrobatics+1"],"special_seed":0,"relics":["Ring of the Snake","Ice Cream","Letter Opener","MawBank","Boot","Golden Idol","Pandora\u0027s Box","Gremlin Horn","FossilizedHelix"],"potions_floor_usage":[31],"damage_taken":[{"damage":4.0,"enemies":"Small Slimes","floor":1.0,"turns":4.0},{"damage":7.0,"enemies":"Jaw Worm","floor":3.0,"turns":5.0},{"damage":0.0,"enemies":"2 Louse","floor":5.0,"turns":2.0},{"damage":4.0,"enemies":"3 Sentries","floor":6.0,"turns":4.0},{"damage":1.0,"enemies":"Large Slime","floor":8.0,"turns":5.0},{"damage":0.0,"enemies":"Blue Slaver","floor":14.0,"turns":3.0},{"damage":10.0,"enemies":"Slime Boss","floor":16.0,"turns":8.0},{"damage":12.0,"enemies":"Chosen","floor":18.0,"turns":5.0},{"damage":20.0,"enemies":"Shell Parasite","floor":20.0,"turns":3.0},{"damage":21.0,"enemies":"Slavers","floor":24.0,"turns":2.0},{"damage":0.0,"enemies":"Sentry and Sphere","floor":27.0,"turns":3.0},{"damage":24,"enemies":"Cultist and Chosen","floor":31,"turns":4}],"seed_played":"-5535852587849899091","potions_obtained":[{"floor":1.0,"key":"PowerPotion"},{"floor":5.0,"key":"SpeedPotion"},{"floor":8.0,"key":"SkillPotion"},{"floor":14.0,"key":"Ancient Potion"},{"floor":27.0,"key":"SneckoOil"}],"is_trial":false,"path_per_floor":["M","?","M","?","M","E","R","M","T","R","?","?","R","M","R","B",null,"M","?","M","$","?","R","E","?","T","M","R","?","R","M"],"character_chosen":"THE_SILENT","items_purchased":["Swift Potion"],"campfire_rested":2,"item_purchase_floors":[21],"current_hp_per_floor":[55,35,28,17,17,13,32,31,31,31,31,31,31,31,31,21,50,38,38,18,18,18,36,15,15,15,15,15,15,15,0],"gold":399,"neow_bonus":"ONE_RARE_RELIC","is_prod":false,"is_daily":false,"chose_seed":false,"campfire_upgraded":5,"win_rate":0,"timestamp":1560273765,"path_taken":["M","?","M","?","M","E","R","M","T","R","?","?","R","M","R","BOSS","M","?","?","$","?","R","E","?","T","M","R","?","R","M"],"build_version":"2019-01-23","purchased_purges":1,"victory":false,"max_hp_per_floor":[66,66,66,66,66,66,66,66,66,66,60,60,60,60,60,60,60,60,60,60,60,60,60,60,60,60,60,60,60,60,60],"card_choices":[{"not_picked":["Dagger Throw","Flechettes"],"picked":"Outmaneuver","floor":1.0},{"not_picked":["Reflex","Well Laid Plans"],"picked":"All Out Attack","floor":3.0},{"not_picked":["Slice","Flying Knee"],"picked":"Dagger Spray","floor":5.0},{"not_picked":["Deflect","Blade Dance"],"picked":"Infinite Blades","floor":6.0},{"not_picked":["Cloak And Dagger","Blade Dance"],"picked":"Expertise","floor":8.0},{"not_picked":["Outmaneuver","Endless Agony"],"picked":"Grand Finale","floor":14.0},{"not_picked":["Slice","Dagger Spray","Eviscerate"],"picked":"SKIP","floor":18.0},{"not_picked":["Riddle With Holes+1","Crippling Poison","Bane"],"picked":"SKIP","floor":20.0},{"not_picked":["Reflex","Poisoned Stab"],"picked":"Concentrate","floor":24.0},{"not_picked":["Footwork+1","Poisoned Stab"],"picked":"Acrobatics","floor":27.0}],"player_experience":5334955,"relics_obtained":[{"floor":6.0,"key":"MawBank"},{"floor":9.0,"key":"Boot"},{"floor":24.0,"key":"FossilizedHelix"}],"event_choices":[{"damage_healed":0.0,"max_hp_gain":0.0,"max_hp_loss":0.0,"gold_gain":0.0,"event_name":"Shining Light","player_choice":"Entered Light","floor":2.0,"gold_loss":0.0,"damage_taken":20.0,"cards_upgraded":["Defend_G","Strike_G"]},{"damage_healed":0.0,"max_hp_gain":0.0,"max_hp_loss":0.0,"gold_gain":0.0,"event_name":"Scrap Ooze","player_choice":"Success","floor":4.0,"gold_loss":0.0,"damage_taken":11.0,"relics_obtained":["Letter Opener"]},{"damage_healed":0.0,"max_hp_gain":0.0,"max_hp_loss":6.0,"gold_gain":0.0,"event_name":"Golden Idol","player_choice":"Lose Max HP","floor":11.0,"gold_loss":0.0,"damage_taken":0.0,"relics_obtained":["Golden Idol"]},{"damage_healed":0.0,"max_hp_gain":0.0,"max_hp_loss":0.0,"gold_gain":0.0,"event_name":"Dead Adventurer","player_choice":"Searched \u00270\u0027 times","floor":12.0,"gold_loss":0.0,"damage_taken":0.0},{"damage_healed":0.0,"max_hp_gain":0.0,"max_hp_loss":0.0,"gold_gain":50.0,"event_name":"Golden Shrine","player_choice":"Pray","floor":19.0,"gold_loss":0.0,"damage_taken":0.0},{"damage_healed":0.0,"max_hp_gain":0.0,"max_hp_loss":0.0,"gold_gain":0.0,"event_name":"Addict","player_choice":"Obtained Relic","floor":22.0,"gold_loss":85.0,"damage_taken":0.0,"relics_obtained":["Gremlin Horn"]},{"cards_removed":["Setup"],"damage_healed":0.0,"max_hp_gain":0.0,"max_hp_loss":0.0,"gold_gain":0.0,"event_name":"Back to Basics","player_choice":"Elegance","floor":25.0,"gold_loss":0.0,"damage_taken":0.0},{"damage_healed":0.0,"max_hp_gain":0.0,"max_hp_loss":0.0,"gold_gain":0.0,"event_name":"The Mausoleum","player_choice":"Ignored","floor":29.0,"gold_loss":0.0,"damage_taken":0.0}],"is_beta":false,"boss_relics":[{"not_picked":["White Beast Statue","Runic Dome"],"picked":"Pandora\u0027s Box"}],"items_purged_floors":[21],"is_endless":false,"potions_floor_spawned":[1,5,8,14,27],"killed_by":"Cultist and Chosen","ascension_level":20}