{"gold_per_floor":[117,134,134,144,144,169,169,9,62,62,80,99,116,151,151,223,223,240,240,160,176,101,129,129,155,179,179,179,199,199,256,256,335,335,346,363,363],"floor_reached":37,"playtime":1463,"items_purged":["Pain","Strike_G+1"],"score":1024,"play_id":"7fb4e1cd-ee44-4364-a576-85b5decf9d90","local_time":"20190523235130","is_ascension_mode":true,"campfire_choices":[{"data":"Footwork","floor":7,"key":"SMITH"},{"data":"Noxious Fumes","floor":10,"key":"SMITH"},{"floor":15,"key":"REST"},{"floor":24,"key":"REST"},{"floor":27,"key":"REST"},{"data":"Well Laid Plans","floor":32,"key":"SMITH"}],"neow_cost":"PERCENT_DAMAGE","seed_source_timestamp":85961666110600,"circlet_count":0,"master_deck":["AscendersBane","Defend_G+1","Defend_G+1","Defend_G+1","Strike_G+1","Strike_G+1","Survivor","Neutralize","Backstab","Bullet Time","Footwork+1","Riddle With Holes","Well Laid Plans+1","Noxious Fumes+1","Choke","Cloak And Dagger","Backflip","Masterful Stab","Catalyst+1","Backflip","Parasite","Night Terror","Distraction+1","Night Terror","Night Terror","Leg Sweep"],"relics":["Ring of the Snake","WarpedTongs","Bag of Preparation","PreservedInsect","The Courier","Cursed Key","Blue Candle","Dream Catcher","Omamori","Tiny Chest","Velvet Choker"],"potions_floor_usage":[6,16,18,23],"damage_taken":[{"damage":1,"enemies":"Small Slimes","floor":1,"turns":4},{"damage":0,"enemies":"2 Louse","floor":2,"turns":4},{"damage":0,"enemies":"Cultist","floor":4,"turns":4},{"damage":16,"enemies":"3 Sentries","floor":6,"turns":10},{"damage":0,"enemies":"2 Fungi Beasts","floor":11,"turns":2},{"damage":0,"enemies":"Large Slime","floor":12,"turns":3},{"damage":0,"enemies":"3 Louse","floor":13,"turns":3},{"damage":6,"enemies":"Gremlin Nob","floor":14,"turns":3},{"damage":0,"enemies":"Slime Boss","floor":16,"turns":6},{"damage":4,"enemies":"3 Byrds","floor":18,"turns":3},{"damage":0,"enemies":"Chosen","floor":21,"turns":3},{"damage":21,"enemies":"Book of Stabbing","floor":23,"turns":4},{"damage":40,"enemies":"Slavers","floor":25,"turns":5},{"damage":0,"enemies":"Snake Plant","floor":29,"turns":2},{"damage":1,"enemies":"Book of Stabbing","floor":31,"turns":4},{"damage":15,"enemies":"Champ","floor":33,"turns":4},{"damage":1,"enemies":"Orb Walker","floor":35,"turns":2},{"damage":49,"enemies":"3 Darklings","floor":36,"turns":8},{"damage":28,"enemies":"Spire Growth","floor":37,"turns":4}],"seed_played":"8897810162964141827","potions_obtained":[{"floor":1,"key":"Dexterity Potion"},{"floor":4,"key":"Dexterity Potion"},{"floor":6,"key":"FearPotion"},{"floor":18,"key":"Fruit Juice"},{"floor":21,"key":"EssenceOfSteel"},{"floor":25,"key":"Ancient Potion"}],"is_trial":false,"path_per_floor":["M","M","?","M","?","E","R","$","T","R","M","M","M","E","R","B",null,"M","?","$","M","?","E","R","E","T","R","?","M","?","E","R","B",null,"M","M","M"],"character_chosen":"THE_SILENT","items_purchased":["Noxious Fumes"],"campfire_rested":3,"item_purchase_floors":[8],"current_hp_per_floor":[43,43,36,36,36,20,20,20,20,20,20,20,20,14,33,33,58,59,59,59,59,59,38,59,19,19,40,54,54,81,80,80,65,77,76,27,0],"gold":363,"neow_bonus":"TRANSFORM_TWO_CARDS","is_prod":false,"is_daily":false,"chose_seed":false,"campfire_upgraded":3,"win_rate":0,"timestamp":1558623090,"path_taken":["M","M","?","M","?","E","R","$","T","R","?","M","M","E","R","BOSS","M","?","$","M","?","E","R","E","T","R","?","M","?","E","R","BOSS","M","?","M"],"build_version":"2019-01-23","purchased_purges":2,"victory":false,"max_hp_per_floor":[66,66,66,66,66,66,66,66,66,66,66,66,66,66,66,66,66,71,71,71,71,71,71,71,71,71,71,71,71,81,81,81,81,81,81,81,81],"card_choices":[{"not_picked":["Backflip","Flying Knee"],"picked":"Footwork","floor":1},{"not_picked":["Heel Hook","Leg Sweep"],"picked":"Riddle With Holes","floor":2},{"not_picked":["Flying Knee","Deflect"],"picked":"Well Laid Plans","floor":6},{"not_picked":["Endless Agony","Bullet Time"],"picked":"Choke","floor":11},{"not_picked":["Dodge and Roll","Leg Sweep"],"picked":"Cloak And Dagger","floor":12},{"not_picked":["Prepared","Dodge and Roll"],"picked":"Backflip","floor":13},{"not_picked":["Eviscerate","Outmaneuver"],"picked":"Masterful Stab","floor":14},{"not_picked":["Burst","Malaise"],"picked":"A Thousand Cuts","floor":16},{"not_picked":["Backflip","Flechettes"],"picked":"Catalyst+1","floor":18},{"not_picked":["Masterful Stab+1","Eviscerate","Underhanded Strike"],"picked":"SKIP","floor":21},{"not_picked":["Cloak And Dagger","Quick Slash","Acrobatics"],"picked":"SKIP","floor":23},{"not_picked":["Cloak And Dagger","Quick Slash","Acrobatics"],"picked":"SKIP","floor":23},{"not_picked":["Finisher","Reflex"],"picked":"Backflip","floor":25},{"not_picked":["Dodge and Roll","Dagger Throw"],"picked":"Night Terror","floor":27},{"not_picked":["Cloak And Dagger","Well Laid Plans"],"picked":"Distraction+1","floor":29},{"not_picked":["Bane","Dagger Spray"],"picked":"Night Terror","floor":31},{"not_picked":["Storm of Steel","Tools of the Trade"],"picked":"Night Terror","floor":33},{"not_picked":["Dodge and Roll","Backstab"],"picked":"Leg Sweep","floor":35},{"not_picked":["Concentrate+1","Noxious Fumes","Heel Hook"],"picked":"SKIP","floor":36}],"player_experience":5118835,"relics_obtained":[{"floor":6,"key":"Bag of Preparation"},{"floor":9,"key":"PreservedInsect"},{"floor":14,"key":"The Courier"},{"floor":23,"key":"Blue Candle"},{"floor":25,"key":"Dream Catcher"},{"floor":26,"key":"Omamori"},{"floor":31,"key":"Tiny Chest"}],"event_choices":[{"cards_removed":["Defend_G"],"damage_healed":0,"gold_gain":0,"player_choice":"Card Removal","damage_taken":7,"max_hp_gain":0,"max_hp_loss":0,"event_name":"Golden Wing","floor":3,"gold_loss":0},{"damage_healed":0,"gold_gain":0,"player_choice":"Rummage","damage_taken":0,"relics_obtained":["WarpedTongs"],"max_hp_gain":0,"max_hp_loss":0,"event_name":"Accursed Blacksmith","floor":5,"gold_loss":0,"cards_obtained":["Pain"]},{"damage_healed":0,"gold_gain":0,"player_choice":"Simplicity","damage_taken":0,"max_hp_gain":0,"max_hp_loss":0,"event_name":"Back to Basics","floor":19,"gold_loss":0,"cards_upgraded":["Defend_G","Defend_G","Defend_G","Strike_G","Strike_G","Strike_G","Strike_G"]},{"cards_removed":["Strike_G"],"damage_healed":0,"gold_gain":0,"player_choice":"Gave Gold","damage_taken":0,"max_hp_gain":0,"max_hp_loss":0,"event_name":"Beggar","floor":22,"gold_loss":75},{"damage_healed":14,"gold_gain":0,"player_choice":"Heal","damage_taken":0,"max_hp_gain":0,"max_hp_loss":0,"event_name":"The Library","floor":28,"gold_loss":0},{"cards_removed":["A Thousand Cuts"],"damage_healed":17,"gold_gain":0,"player_choice":"Offered Rare","damage_taken":0,"max_hp_gain":10,"max_hp_loss":0,"event_name":"Bonfire Elementals","floor":30,"gold_loss":0}],"is_beta":false,"boss_relics":[{"not_picked":["Busted Crown","Ectoplasm"],"picked":"Cursed Key"},{"not_picked":["HoveringKite","Pandora\u0027s Box"],"picked":"Velvet Choker"}],"items_purged_floors":[8,20],"is_endless":false,"potions_floor_spawned":[1,4,6,12,14,18,21,25,31],"killed_by":"Spire Growth","ascension_level":20}