{"gold_per_floor":[113,128,128,138,22,48,68,99,154,171,201,201,211,222,222,296,296,309,309,52,70,84,119,169,201,213,225,252,264,294,334,346,432,444,469,193,193,293,143,174,201,212,238,249,249,282,292,326,326,326,326,326,326,25,58,58],"floor_reached":57,"playtime":2528,"items_purged":["Strike_R","Strike_R","Strike_R","Strike_R"],"score":3029,"play_id":"b9f480b6-a9d2-4106-838d-9683b70f6c18","local_time":"20190617033348","is_ascension_mode":true,"campfire_choices":[{"data":"Inflame","floor":15,"key":"SMITH"},{"data":"Dual Wield","floor":27,"key":"SMITH"},{"data":"Limit Break","floor":29,"key":"SMITH"},{"data":"Shockwave","floor":32,"key":"SMITH"},{"floor":45,"key":"RECALL"},{"data":"Evolve","floor":49,"key":"SMITH"},{"data":"Disarm","floor":53,"key":"SMITH"}],"neow_cost":"","seed_source_timestamp":200282446279200,"circlet_count":0,"master_deck":["Defend_R+1","Defend_R+1","Defend_R+1","Defend_R","Feed+1","Bash","Inflame+1","Twin Strike","Seeing Red","Dual Wield+1","Seeing Red","Reaper","Shockwave+1","Reaper","Evolve+1","Limit Break+1","Headbutt","Spot Weakness","Reaper","Burning Pact+1","Sword Boomerang","Disarm+1","Limit Break+1"],"relics":["Burning Blood","Meat on the Bone","Strawberry","Lee\u0027s Waffle","Mango","Pear","Ginger","Turnip","Ice Cream","FaceOfCleric","WingedGreaves","Gremlin Horn","Potion Belt","Oddly Smooth Stone","Black Star","Happy Flower","Pantograph","Bottled Tornado","Dodecahedron","MawBank","Mummified Hand","Mercury Hourglass","Champion Belt","Runic Cube","Pen Nib","Calipers","Omamori","Shuriken","Anchor","Kunai","Bag of Marbles","StoneCalendar","Orichalcum","War Paint","DollysMirror","Bird Faced Urn","Charon\u0027s Ashes"],"potions_floor_usage":[6,7,10,23,23,23,31,56,56,56],"damage_taken":[{"damage":6,"enemies":"Cultist","floor":1,"turns":3},{"damage":15,"enemies":"2 Louse","floor":2,"turns":3},{"damage":2,"enemies":"Small Slimes","floor":4,"turns":3},{"damage":35,"enemies":"3 Sentries","floor":6,"turns":13},{"damage":15,"enemies":"Gremlin Gang","floor":7,"turns":3},{"damage":39,"enemies":"Lagavulin","floor":8,"turns":8},{"damage":1,"enemies":"Exordium Thugs","floor":10,"turns":2},{"damage":30,"enemies":"3 Sentries","floor":11,"turns":7},{"damage":10,"enemies":"2 Fungi Beasts","floor":13,"turns":6},{"damage":6,"enemies":"Blue Slaver","floor":14,"turns":4},{"damage":79,"enemies":"The Guardian","floor":16,"turns":14},{"damage":22,"enemies":"3 Byrds","floor":18,"turns":5},{"damage":18,"enemies":"Chosen","floor":21,"turns":6},{"damage":53,"enemies":"Centurion and Healer","floor":22,"turns":12},{"damage":170,"enemies":"Book of Stabbing","floor":23,"turns":8},{"damage":39,"enemies":"Gremlin Leader","floor":25,"turns":7},{"damage":25,"enemies":"Snecko","floor":28,"turns":5},{"damage":53,"enemies":"Sentry and Sphere","floor":30,"turns":6},{"damage":47,"enemies":"Book of Stabbing","floor":31,"turns":4},{"damage":46,"enemies":"Champ","floor":33,"turns":10},{"damage":48,"enemies":"3 Darklings","floor":35,"turns":7},{"damage":124,"enemies":"Mind Bloom Boss Battle","floor":38,"turns":7},{"damage":30,"enemies":"Reptomancer","floor":40,"turns":4},{"damage":62,"enemies":"Nemesis","floor":41,"turns":5},{"damage":5,"enemies":"3 Shapes","floor":42,"turns":7},{"damage":49,"enemies":"Spire Growth","floor":44,"turns":5},{"damage":113,"enemies":"Reptomancer","floor":46,"turns":6},{"damage":37,"enemies":"Maw","floor":47,"turns":6},{"damage":41,"enemies":"Giant Head","floor":48,"turns":6},{"damage":141,"enemies":"Donu and Deca","floor":50,"turns":7},{"damage":109,"enemies":"Awakened One","floor":51,"turns":9},{"damage":101,"enemies":"Shield and Spear","floor":55,"turns":4},{"damage":219,"enemies":"The Heart","floor":56,"turns":9}],"seed_played":"-1668761061294681645","potions_obtained":[{"floor":1,"key":"Block Potion"},{"floor":6,"key":"Strength Potion"},{"floor":8,"key":"Explosive Potion"},{"floor":16,"key":"PowerPotion"},{"floor":18,"key":"SmokeBomb"},{"floor":21,"key":"Explosive Potion"},{"floor":22,"key":"Strength Potion"},{"floor":30,"key":"Energy Potion"},{"floor":31,"key":"Block Potion"},{"floor":35,"key":"GamblersBrew"},{"floor":38,"key":"Weak Potion"},{"floor":44,"key":"Ancient Potion"}],"is_trial":true,"path_per_floor":["M","M","?","M","$","E","M","E","T","M","E","?","M","M","R","B",null,"M","?","$","M","M","E","?","E","T","R","M","R","M","E","R","B",null,"M","$","?","?","$","E","E","M","T","M","R","E","M","E","R","B","B",null,"R","$","E","B",null],"character_chosen":"IRONCLAD","items_purchased":["Dual Wield","Happy Flower","Pen Nib","DollysMirror","BloodPotion"],"campfire_rested":0,"item_purchase_floors":[5,20,36,54,54],"current_hp_per_floor":[116,110,110,118,118,99,94,77,77,92,96,51,83,100,100,54,140,171,171,171,172,179,78,78,145,145,145,176,176,145,124,124,163,204,216,216,216,227,227,220,237,242,242,219,219,252,248,238,238,267,280,280,280,280,289,260],"gold":58,"neow_bonus":"","is_prod":false,"is_daily":false,"chose_seed":false,"campfire_upgraded":6,"win_rate":0,"timestamp":1560710028,"path_taken":["M","M","?","M","?","E","M","E","T","M","E","?","M","M","R","BOSS","M","?","$","?","M","E","?","E","T","R","?","R","M","E","R","BOSS","M","$","?","?","$","E","E","M","T","M","R","E","M","E","R","BOSS","BOSS","R","$","E","BOSS"],"build_version":"2019-01-23","purchased_purges":4,"victory":true,"max_hp_per_floor":[116,119,119,123,123,133,137,141,141,145,149,149,158,163,163,168,168,173,173,173,178,187,192,192,193,193,193,198,198,207,212,212,217,217,222,222,222,227,227,232,237,242,242,247,247,252,257,258,258,267,280,280,280,280,289,294],"card_choices":[{"not_picked":["Body Slam","Twin Strike"],"picked":"Inflame","floor":1},{"not_picked":["Pommel Strike","Warcry"],"picked":"Twin Strike","floor":2},{"not_picked":["Iron Wave","Shrug It Off"],"picked":"Seeing Red","floor":4},{"not_picked":["Iron Wave","Reckless Charge","True Grit"],"picked":"SKIP","floor":6},{"not_picked":["True Grit","Ghostly Armor"],"picked":"Seeing Red","floor":7},{"not_picked":["Anger","Pummel"],"picked":"Reaper","floor":8},{"not_picked":["Flex","Heavy Blade","Twin Strike"],"picked":"SKIP","floor":10},{"not_picked":["Perfected Strike","Clash"],"picked":"Shockwave","floor":11},{"not_picked":["Rupture","Combust","True Grit"],"picked":"SKIP","floor":13},{"not_picked":["Headbutt","Twin Strike","Cleave"],"picked":"SKIP","floor":14},{"not_picked":["Brutality","Dark Embrace"],"picked":"Reaper","floor":16},{"not_picked":["Perfected Strike","Body Slam","Twin Strike"],"picked":"SKIP","floor":18},{"not_picked":["Pommel Strike","Shockwave","Havoc"],"picked":"SKIP","floor":21},{"not_picked":["Intimidate","Flex"],"picked":"Evolve","floor":22},{"not_picked":["Armaments","Shrug It Off"],"picked":"Limit Break","floor":23},{"not_picked":["Shrug It Off","Clash"],"picked":"Headbutt","floor":25},{"not_picked":["Seeing Red","Heavy Blade"],"picked":"Spot Weakness","floor":28},{"not_picked":["Cleave","Entrench","Body Slam"],"picked":"SKIP","floor":30},{"not_picked":["Cleave","Metallicize","Corruption"],"picked":"SKIP","floor":31},{"not_picked":["Impervious","Fiend Fire"],"picked":"Reaper","floor":33},{"not_picked":["Rupture","Pommel Strike+1"],"picked":"Burning Pact+1","floor":35},{"not_picked":["Burning Pact","Hemokinesis","Carnage"],"picked":"SKIP","floor":40},{"not_picked":["Reckless Charge","Armaments+1"],"picked":"Sword Boomerang","floor":41},{"not_picked":["Sentinel","Intimidate","Fire Breathing+1"],"picked":"SKIP","floor":42},{"not_picked":["Armaments+1","Pommel Strike+1","Twin Strike"],"picked":"SKIP","floor":44},{"not_picked":["Armaments","Cleave","Sever Soul"],"picked":"SKIP","floor":46},{"not_picked":["Pommel Strike","Wild Strike+1","True Grit"],"picked":"SKIP","floor":47},{"not_picked":["Rampage","Carnage"],"picked":"Disarm","floor":48},{"not_picked":["Twin Strike","Heavy Blade","Body Slam+1"],"picked":"SKIP","floor":55}],"player_experience":5388775,"relics_obtained":[{"floor":6,"key":"WingedGreaves"},{"floor":8,"key":"Gremlin Horn"},{"floor":9,"key":"Potion Belt"},{"floor":11,"key":"Oddly Smooth Stone"},{"floor":23,"key":"Pantograph"},{"floor":23,"key":"Bottled Tornado"},{"floor":25,"key":"Dodecahedron"},{"floor":25,"key":"MawBank"},{"floor":26,"key":"Mummified Hand"},{"floor":31,"key":"Mercury Hourglass"},{"floor":31,"key":"Champion Belt"},{"floor":38,"key":"Calipers"},{"floor":40,"key":"Omamori"},{"floor":40,"key":"Shuriken"},{"floor":41,"key":"Anchor"},{"floor":41,"key":"Kunai"},{"floor":46,"key":"Bag of Marbles"},{"floor":46,"key":"StoneCalendar"},{"floor":48,"key":"Orichalcum"},{"floor":48,"key":"War Paint"},{"floor":55,"key":"Bird Faced Urn"},{"floor":55,"key":"Charon\u0027s Ashes"}],"event_choices":[{"damage_healed":0,"gold_gain":0,"player_choice":"Trade","damage_taken":0,"relics_obtained":["FaceOfCleric"],"max_hp_gain":0,"max_hp_loss":0,"event_name":"FaceTrader","floor":3,"gold_loss":0},{"damage_healed":0,"gold_gain":0,"player_choice":"Entered Light","damage_taken":45,"max_hp_gain":0,"max_hp_loss":0,"event_name":"Shining Light","floor":12,"gold_loss":0,"cards_upgraded":["Feed","Defend_R"]},{"cards_removed":["Strike_R"],"damage_healed":0,"gold_gain":0,"player_choice":"Offered Basic","damage_taken":0,"max_hp_gain":0,"max_hp_loss":0,"event_name":"Bonfire Elementals","floor":19,"gold_loss":0},{"damage_healed":0,"gold_gain":50,"player_choice":"Pray","damage_taken":0,"max_hp_gain":0,"max_hp_loss":0,"event_name":"Golden Shrine","floor":24,"gold_loss":0},{"damage_healed":0,"gold_gain":0,"player_choice":"Ignored","damage_taken":0,"max_hp_gain":0,"max_hp_loss":0,"event_name":"Tomb of Lord Red Mask","floor":37,"gold_loss":0},{"damage_healed":0,"gold_gain":0,"player_choice":"Fight","damage_taken":0,"max_hp_gain":0,"max_hp_loss":0,"event_name":"MindBloom","floor":38,"gold_loss":0}],"is_beta":false,"boss_relics":[{"not_picked":["Runic Pyramid","Cursed Key"],"picked":"Black Star"},{"not_picked":["Runic Dome","Black Blood"],"picked":"Runic Cube"}],"items_purged_floors":[5,20,36,39],"is_endless":false,"potions_floor_spawned":[1,6,8,16,18,21,22,30,31,35,38,44,47,55],"ascension_level":20}