{"gold_per_floor":[112,132,147,33,51,51,81,103,127,137,137,154,154,166,166,263,263,276,246,264,283,299,299],"floor_reached":23,"playtime":994,"items_purged":[],"score":340,"play_id":"ae396d58-9c44-42b1-9a46-b9524436a99c","local_time":"20190711024425","is_ascension_mode":true,"campfire_choices":[{"data":"Fire Breathing","floor":6,"key":"SMITH"},{"floor":13,"key":"REST"},{"floor":15,"key":"REST"}],"neow_cost":"NONE","seed_source_timestamp":1690854103484615,"circlet_count":0,"master_deck":["AscendersBane","Bash","Immolate","Clash","Burning Pact","Feed","Searing Blow","Clash","Fire Breathing+1","Shrug It Off+1","Second Wind","Burning Pact","Sentinel","Whirlwind+1","Infernal Blade","Dual Wield","Double Tap","Evolve"],"relics":["Pandora\u0027s Box","Art of War","Odd Mushroom","Omamori","Eternal Feather"],"potions_floor_usage":[14,16,21,23,23],"damage_taken":[{"damage":0,"enemies":"Cultist","floor":1,"turns":3},{"damage":4,"enemies":"Jaw Worm","floor":2,"turns":3},{"damage":4,"enemies":"Small Slimes","floor":3,"turns":3},{"damage":12,"enemies":"2 Fungi Beasts","floor":5,"turns":3},{"damage":14,"enemies":"3 Sentries","floor":7,"turns":4},{"damage":0,"enemies":"The Mushroom Lair","floor":8,"turns":2},{"damage":9,"enemies":"Red Slaver","floor":10,"turns":2},{"damage":1,"enemies":"Exordium Wildlife","floor":12,"turns":3},{"damage":6,"enemies":"Looter","floor":14,"turns":3},{"damage":72,"enemies":"The Guardian","floor":16,"turns":11},{"damage":0,"enemies":"3 Byrds","floor":18,"turns":2},{"damage":12,"enemies":"Chosen","floor":20,"turns":4},{"damage":51,"enemies":"Sentry and Sphere","floor":21,"turns":5},{"damage":20,"enemies":"Shelled Parasite and Fungi","floor":22,"turns":6},{"damage":8,"enemies":"Slavers","floor":23,"turns":1}],"seed_played":"-5476059264193761608","potions_obtained":[{"floor":2,"key":"Energy Potion"},{"floor":10,"key":"SkillPotion"},{"floor":19,"key":"SpeedPotion"},{"floor":19,"key":"Swift Potion"},{"floor":22,"key":"Swift Potion"}],"is_trial":false,"path_per_floor":["M","M","M","$","M","R","E","?","T","M","?","M","R","M","R","B",null,"M","?","M","M","M","E"],"character_chosen":"IRONCLAD","items_purchased":["Sentinel","Whirlwind"],"campfire_rested":2,"item_purchase_floors":[4,4],"current_hp_per_floor":[75,74,73,73,64,64,53,56,56,47,27,26,55,52,82,10,78,78,78,69,18,1,0],"gold":299,"neow_bonus":"BOSS_RELIC","is_prod":false,"is_daily":false,"chose_seed":false,"campfire_upgraded":1,"win_rate":0,"timestamp":1562809465,"path_taken":["M","?","M","$","M","R","E","?","T","M","?","M","R","M","R","BOSS","M","?","M","?","M","E"],"build_version":"2019-07-05","purchased_purges":0,"victory":false,"max_hp_per_floor":[83,86,89,89,92,92,95,98,98,98,98,98,98,101,101,101,101,101,101,104,104,107,107],"card_choices":[{"not_picked":["Anger","Flex"],"picked":"Burning Pact","floor":1},{"not_picked":["Flex","Thunderclap","Rampage"],"picked":"SKIP","floor":2},{"not_picked":["Pommel Strike","Corruption","Perfected Strike"],"picked":"SKIP","floor":3},{"not_picked":["Combust","Rupture"],"picked":"Infernal Blade","floor":5},{"not_picked":["Fiend Fire","Armaments","Clothesline"],"picked":"SKIP","floor":7},{"not_picked":["Shrug It Off","Thunderclap"],"picked":"Dual Wield","floor":10},{"not_picked":["Pommel Strike","Twin Strike","Sword Boomerang"],"picked":"SKIP","floor":12},{"not_picked":["Dual Wield","Havoc","Dropkick"],"picked":"SKIP","floor":14},{"not_picked":["Brutality","Juggernaut"],"picked":"Double Tap","floor":16},{"not_picked":["Clothesline","Pommel Strike","Headbutt+1"],"picked":"SKIP","floor":18},{"not_picked":["Thunderclap","Brutality"],"picked":"Evolve","floor":20},{"not_picked":["Hemokinesis","Anger","Clash"],"picked":"SKIP","floor":21},{"not_picked":["Sever Soul","Clash","Thunderclap"],"picked":"SKIP","floor":22}],"player_experience":345296,"relics_obtained":[{"floor":7,"key":"Art of War"},{"floor":8,"key":"Odd Mushroom"},{"floor":9,"key":"Omamori"}],"event_choices":[{"damage_healed":0,"gold_gain":0,"player_choice":"Fought Mushrooms","damage_taken":0,"max_hp_gain":0,"max_hp_loss":0,"event_name":"Mushrooms","floor":8,"gold_loss":0},{"damage_healed":0,"gold_gain":0,"player_choice":"Entered Light","damage_taken":20,"max_hp_gain":0,"max_hp_loss":0,"event_name":"Shining Light","floor":11,"gold_loss":0,"cards_upgraded":["Shrug It Off","Whirlwind"]},{"damage_healed":0,"gold_gain":0,"player_choice":"Bought 2 Potions","damage_taken":0,"max_hp_gain":0,"max_hp_loss":0,"event_name":"The Woman in Blue","floor":19,"gold_loss":0}],"is_beta":false,"boss_relics":[{"not_picked":["Lizard Tail","Velvet Choker"],"picked":"Eternal Feather"}],"items_purged_floors":[],"is_endless":false,"potions_floor_spawned":[2,10,20,22],"killed_by":"Slavers","ascension_level":12}