{"gold_per_floor":[10,22,38,50,67,100,100,132,200,200,211,231,243,258,258,330,330,347,347,347,415,465,465,515,515],"floor_reached":25,"playtime":1231,"items_purged":[],"score":434,"play_id":"4cef1729-5cca-4bde-8cdb-add497ee6cd9","local_time":"20190401234552","is_ascension_mode":true,"campfire_choices":[{"data":"Bouncing Flask","floor":7.0,"key":"SMITH"},{"floor":10.0,"key":"REST"},{"data":"Footwork","floor":15.0,"key":"SMITH"},{"floor":23.0,"key":"REST"}],"neow_cost":"NO_GOLD","seed_source_timestamp":1640513017110500,"circlet_count":0,"master_deck":["AscendersBane","Survivor","Neutralize","Bouncing Flask+1","Quick Slash","Flying Knee","Burst","Footwork+1","Acrobatics","All Out Attack","Deflect","Underhanded Strike","Backflip","Cloak And Dagger","Envenom","Tactician","Endless Agony","Unload","Choke","Burst","Acrobatics","Well Laid Plans","A Thousand Cuts","Riddle With Holes"],"special_seed":0,"relics":["Ring of the Snake","Bottled Tornado","Pantograph","Pandora\u0027s Box","SsserpentHead"],"potions_floor_usage":[],"damage_taken":[{"damage":3.0,"enemies":"Cultist","floor":1.0,"turns":4.0},{"damage":3.0,"enemies":"2 Louse","floor":2.0,"turns":3.0},{"damage":0.0,"enemies":"Small Slimes","floor":3.0,"turns":4.0},{"damage":4.0,"enemies":"Red Slaver","floor":4.0,"turns":5.0},{"damage":9.0,"enemies":"Blue Slaver","floor":5.0,"turns":5.0},{"damage":1.0,"enemies":"Gremlin Nob","floor":6.0,"turns":4.0},{"damage":35.0,"enemies":"3 Sentries","floor":8.0,"turns":10.0},{"damage":9.0,"enemies":"Large Slime","floor":11.0,"turns":11.0},{"damage":3.0,"enemies":"Gremlin Gang","floor":12.0,"turns":4.0},{"damage":0.0,"enemies":"Looter","floor":13.0,"turns":5.0},{"damage":0.0,"enemies":"Blue Slaver","floor":14.0,"turns":3.0},{"damage":19.0,"enemies":"The Guardian","floor":16.0,"turns":14.0},{"damage":35.0,"enemies":"Shell Parasite","floor":18.0,"turns":5.0},{"damage":0.0,"enemies":"3 Byrds","floor":21.0,"turns":4.0},{"damage":65,"enemies":"Slavers","floor":25,"turns":5}],"seed_played":"-4911399806576908258","potions_obtained":[{"floor":3.0,"key":"LiquidBronze"},{"floor":5.0,"key":"GhostInAJar"},{"floor":6.0,"key":"GamblersBrew"},{"floor":8.0,"key":"Swift Potion"},{"floor":11.0,"key":"Fire Potion"},{"floor":13.0,"key":"AttackPotion"}],"is_trial":false,"path_per_floor":["M","M","M","M","M","E","R","E","T","R","M","M","M","M","R","B",null,"M","?","?","M","?","R","?","E"],"character_chosen":"THE_SILENT","items_purchased":[],"campfire_rested":2,"item_purchase_floors":[],"current_hp_per_floor":[56,53,53,49,40,39,39,4,4,23,14,11,11,11,11,17,54,19,1,1,1,1,22,81,16],"gold":515,"neow_bonus":"REMOVE_TWO","is_prod":false,"is_daily":false,"chose_seed":false,"campfire_upgraded":2,"win_rate":0,"timestamp":1554129952,"path_taken":["M","M","M","M","M","E","R","E","T","R","M","?","M","M","R","BOSS","M","?","?","?","?","R","?","E"],"build_version":"2019-01-23","purchased_purges":0,"victory":false,"max_hp_per_floor":[66,66,66,66,66,66,66,66,66,66,66,66,66,66,66,66,66,66,71,71,71,71,71,81,81],"card_choices":[{"not_picked":["Blade Dance","Dodge and Roll"],"picked":"Bouncing Flask","floor":1.0},{"not_picked":["Deadly Poison","Backflip"],"picked":"Quick Slash","floor":2.0},{"not_picked":["Prepared","Accuracy"],"picked":"Flying Knee","floor":3.0},{"not_picked":["Skewer","Slice"],"picked":"Burst","floor":4.0},{"not_picked":["PiercingWail","Blade Dance"],"picked":"Footwork","floor":5.0},{"not_picked":["Predator","Blade Dance"],"picked":"Acrobatics","floor":6.0},{"not_picked":["Slice","Cloak And Dagger"],"picked":"All Out Attack","floor":8.0},{"not_picked":["Deadly Poison","Poisoned Stab"],"picked":"Deflect","floor":11.0},{"not_picked":["Outmaneuver","Riddle With Holes"],"picked":"Underhanded Strike","floor":12.0},{"not_picked":["Cloak And Dagger","Slice"],"picked":"Backflip","floor":13.0},{"not_picked":["Doppelganger","Predator"],"picked":"Cloak And Dagger","floor":14.0},{"not_picked":["Storm of Steel","Night Terror"],"picked":"Envenom","floor":16.0},{"not_picked":["Sucker Punch","Skewer"],"picked":"Acrobatics","floor":18.0},{"not_picked":["Slice","Dagger Throw"],"picked":"Well Laid Plans","floor":21.0}],"player_experience":4673448,"relics_obtained":[{"floor":6.0,"key":"Bottled Tornado"},{"floor":8.0,"key":"Pantograph"}],"event_choices":[{"damage_healed":0.0,"max_hp_gain":5.0,"max_hp_loss":0.0,"gold_gain":0.0,"event_name":"Forgotten Altar","player_choice":"Shed Blood","floor":19.0,"gold_loss":0.0,"damage_taken":23.0},{"damage_healed":0.0,"max_hp_gain":0.0,"max_hp_loss":0.0,"gold_gain":0.0,"event_name":"FaceTrader","player_choice":"Trade","floor":20.0,"gold_loss":0.0,"damage_taken":0.0,"relics_obtained":["SsserpentHead"]},{"damage_healed":0.0,"max_hp_gain":0.0,"max_hp_loss":0.0,"gold_gain":0.0,"cards_transformed":["Bane","Unload"],"event_name":"Drug Dealer","player_choice":"Became Test Subject","floor":22.0,"gold_loss":0.0,"damage_taken":0.0,"cards_obtained":["A Thousand Cuts","Riddle With Holes"]},{"cards_removed":["Doppelganger"],"damage_healed":49.0,"max_hp_gain":10.0,"max_hp_loss":0.0,"gold_gain":0.0,"event_name":"Bonfire Elementals","player_choice":"Offered Rare","floor":24.0,"gold_loss":0.0,"damage_taken":0.0}],"is_beta":false,"boss_relics":[{"not_picked":["Coffee Dripper","White Beast Statue"],"picked":"Pandora\u0027s Box"}],"items_purged_floors":[],"is_endless":false,"potions_floor_spawned":[3,5,6,8,11,13,14],"killed_by":"Slavers","ascension_level":20}