{"gold_per_floor":[110,110,129,144,69,69,79,104,104,134,134,160,160,176,176,276,326,340,350,350,350,54,54,80,27,53,71,87,87,4,4,4,4],"floor_reached":33,"playtime":1571,"items_purged":["Defend_B"],"score":298,"play_id":"31b17342-a165-4a1d-aeb7-9caec86d098d","local_time":"20190717213333","is_ascension_mode":false,"campfire_choices":[{"data":"Recycle","floor":6,"key":"SMITH"},{"floor":11,"key":"REST"},{"floor":15,"key":"REST"},{"floor":23,"key":"REST"},{"floor":32,"key":"REST"}],"neow_cost":"PERCENT_DAMAGE","seed_source_timestamp":616547946576700,"circlet_count":0,"master_deck":["Defend_B+1","Zap","Dualcast","Hyperbeam","Sunder","Recycle+1","Ball Lightning","Reinforced Body","Capacitor","Reinforced Body","White Noise","Cold Snap+1","Core Surge+1","Fusion","Storm+1","Force Field+1","RitualDagger+1","Scrape+1","Cold Snap+1","Tempest","Scrape+1","Jack Of All Trades"],"relics":["Cracked Core","Molten Egg 2","Shuriken","Gremlin Horn","StoneCalendar","Tiny House","Incense Burner","Darkstone Periapt","Juzu Bracelet"],"potions_floor_usage":[8,8,24,24,33],"damage_taken":[{"damage":0,"enemies":"2 Louse","floor":1,"turns":1},{"damage":6,"enemies":"Jaw Worm","floor":3,"turns":2},{"damage":0,"enemies":"Small Slimes","floor":4,"turns":1},{"damage":11,"enemies":"Exordium Wildlife","floor":7,"turns":2},{"damage":0,"enemies":"Gremlin Nob","floor":8,"turns":3},{"damage":13,"enemies":"3 Sentries","floor":12,"turns":4},{"damage":0,"enemies":"3 Louse","floor":14,"turns":1},{"damage":38,"enemies":"Slime Boss","floor":16,"turns":7},{"damage":24,"enemies":"Shell Parasite","floor":18,"turns":6},{"damage":21,"enemies":"2 Thieves","floor":19,"turns":4},{"damage":14,"enemies":"Gremlin Leader","floor":24,"turns":7},{"damage":19,"enemies":"Snake Plant","floor":27,"turns":4},{"damage":12,"enemies":"Centurion and Healer","floor":28,"turns":5},{"damage":47,"enemies":"Automaton","floor":33,"turns":6}],"seed_played":"-7794460061014877028","potions_obtained":[{"floor":3,"key":"Dexterity Potion"},{"floor":4,"key":"FearPotion"},{"floor":17,"key":"FearPotion"},{"floor":19,"key":"EssenceOfSteel"},{"floor":28,"key":"Poison Potion"}],"is_trial":false,"path_per_floor":["M","?","M","M","$","R","M","E","T","?","R","E","?","M","R","B",null,"M","M","?","?","$","R","E","$","T","M","M","?","$","?","R","B"],"character_chosen":"DEFECT","items_purchased":["Incense Burner","Cold Snap+1","Jack Of All Trades"],"campfire_rested":4,"item_purchase_floors":[22,25,30],"current_hp_per_floor":[54,54,48,48,48,48,37,37,37,37,59,46,39,39,61,23,80,56,35,29,29,29,53,39,39,39,20,8,8,8,8,32,0],"gold":4,"neow_bonus":"TRANSFORM_TWO_CARDS","is_prod":false,"is_daily":false,"chose_seed":false,"campfire_upgraded":1,"win_rate":0.0,"timestamp":1563417213,"path_taken":["M","?","M","M","$","R","M","E","T","?","R","E","?","?","R","BOSS","M","M","?","?","?","R","E","$","T","M","M","?","$","?","R","BOSS"],"build_version":"2019-07-05","purchased_purges":1,"victory":false,"max_hp_per_floor":[75,75,75,75,75,75,75,75,75,75,75,75,75,75,75,75,80,80,80,80,80,80,80,80,80,80,80,80,80,80,80,80,80],"card_choices":[{"not_picked":["Leap","Capacitor"],"picked":"Recycle","floor":1},{"not_picked":["Steam","Leap"],"picked":"Ball Lightning","floor":3},{"not_picked":["Redo","Barrage"],"picked":"Reinforced Body","floor":4},{"not_picked":["Streamline","Leap"],"picked":"Capacitor","floor":7},{"not_picked":["Fission","Sweeping Beam"],"picked":"Reinforced Body","floor":8},{"not_picked":["Heatsinks","Stack"],"picked":"White Noise","floor":12},{"not_picked":["Chaos","Redo"],"picked":"Cold Snap+1","floor":14},{"not_picked":["Fission","Creative AI"],"picked":"Core Surge+1","floor":16},{"not_picked":["Consume","Turbo"],"picked":"Fusion","floor":17},{"not_picked":["Auto Shields+1","Blizzard+1"],"picked":"Storm+1","floor":18},{"not_picked":["Redo","Ball Lightning+1"],"picked":"Force Field+1","floor":19},{"not_picked":["Leap","Go for the Eyes+1"],"picked":"Scrape+1","floor":24},{"not_picked":["Sweeping Beam+1","Coolheaded"],"picked":"Tempest","floor":27},{"not_picked":["Reinforced Body","Beam Cell+1"],"picked":"Scrape+1","floor":28}],"player_experience":81294,"relics_obtained":[{"floor":8,"key":"Molten Egg 2"},{"floor":9,"key":"Shuriken"},{"floor":12,"key":"StoneCalendar"},{"floor":24,"key":"Darkstone Periapt"},{"floor":26,"key":"Juzu Bracelet"}],"event_choices":[{"cards_removed":["Defend_B"],"damage_healed":0,"gold_gain":0,"player_choice":"Forget","damage_taken":0,"max_hp_gain":0,"max_hp_loss":0,"event_name":"Living Wall","floor":2,"gold_loss":0},{"damage_healed":0,"gold_gain":30,"player_choice":"Searched \u00272\u0027 times","damage_taken":0,"relics_obtained":["Gremlin Horn"],"max_hp_gain":0,"max_hp_loss":0,"event_name":"Dead Adventurer","floor":10,"gold_loss":0},{"cards_removed":["Strike_B"],"damage_healed":0,"gold_gain":0,"player_choice":"Card Removal","damage_taken":7,"max_hp_gain":0,"max_hp_loss":0,"event_name":"Golden Wing","floor":13,"gold_loss":0},{"damage_healed":0,"gold_gain":0,"player_choice":"Joined the Cult","damage_taken":6,"max_hp_gain":0,"max_hp_loss":0,"event_name":"Nest","floor":20,"gold_loss":0,"cards_obtained":["RitualDagger"]},{"cards_removed":["Strike_B"],"damage_healed":0,"gold_gain":0,"player_choice":"Elegance","damage_taken":0,"max_hp_gain":0,"max_hp_loss":0,"event_name":"Back to Basics","floor":21,"gold_loss":0},{"damage_healed":0,"gold_gain":0,"player_choice":"Ignored","damage_taken":0,"max_hp_gain":0,"max_hp_loss":0,"event_name":"NoteForYourself","floor":29,"gold_loss":0},{"cards_removed":["Strike_B"],"damage_healed":0,"gold_gain":0,"player_choice":"Purged","damage_taken":0,"max_hp_gain":0,"max_hp_loss":0,"event_name":"Purifier","floor":31,"gold_loss":0}],"is_beta":false,"boss_relics":[{"not_picked":["Coffee Dripper","White Beast Statue"],"picked":"Tiny House"}],"items_purged_floors":[5],"is_endless":false,"potions_floor_spawned":[3,4,19,28],"killed_by":"Automaton","ascension_level":0}