{"gold_per_floor":[109,161,171,183,183,183,183,200,200,220,238,238,264,41,41,146,146,156,56,76,76,86,86,86,86,86,86,86,97,117,117,117,117],"floor_reached":33,"playtime":877,"items_purged":["Strike_R","Strike_R"],"score":334,"play_id":"2d56c809-e9e0-46f8-8500-1077c4d23f42","local_time":"20190706141641","is_ascension_mode":true,"campfire_choices":[{"data":"Headbutt","floor":6,"key":"SMITH"},{"data":"Flame Barrier","floor":12,"key":"SMITH"},{"floor":15,"key":"REST"},{"floor":23,"key":"REST"},{"data":"Double Tap","floor":25,"key":"SMITH"},{"data":"1","floor":28,"key":"LIFT"},{"floor":32,"key":"REST"}],"neow_cost":"NONE","seed_source_timestamp":1300502101299983,"circlet_count":0,"master_deck":["Strike_R+1","Strike_R","Defend_R","Defend_R","Defend_R","Defend_R","Bash+1","Headbutt+1","Flame Barrier+1","Dropkick","Fire Breathing","Double Tap+1"],"relics":["Burning Blood","Orichalcum","Pen Nib","Dead Branch","Busted Crown","MutagenicStrength","Girya"],"potions_floor_usage":[16,16,31,33,33],"damage_taken":[{"damage":1,"enemies":"Cultist","floor":1,"turns":4},{"damage":3,"enemies":"2 Louse","floor":3,"turns":3},{"damage":7,"enemies":"Small Slimes","floor":4,"turns":3},{"damage":6,"enemies":"Looter","floor":8,"turns":3},{"damage":8,"enemies":"Red Slaver","floor":10,"turns":2},{"damage":17,"enemies":"Exordium Thugs","floor":11,"turns":5},{"damage":17,"enemies":"3 Sentries","floor":13,"turns":8},{"damage":31,"enemies":"Slime Boss","floor":16,"turns":6},{"damage":6,"enemies":"Chosen","floor":18,"turns":3},{"damage":8,"enemies":"Shell Parasite","floor":20,"turns":3},{"damage":41,"enemies":"Sentry and Sphere","floor":22,"turns":6},{"damage":30,"enemies":"Snake Plant","floor":29,"turns":4},{"damage":6,"enemies":"Chosen and Byrds","floor":30,"turns":4},{"damage":0,"enemies":"Slavers","floor":31,"turns":1},{"damage":69,"enemies":"Champ","floor":33,"turns":10}],"seed_played":"-7093646562561331259","potions_obtained":[{"floor":4,"key":"SmokeBomb"},{"floor":10,"key":"Swift Potion"},{"floor":11,"key":"Dexterity Potion"},{"floor":29,"key":"Energy Potion"},{"floor":30,"key":"SpeedPotion"}],"is_trial":false,"path_per_floor":["M","T","M","M","?","R","?","M","T","M","M","R","E","$","R","B",null,"M","$","M","?","M","R","?","R","T","$","R","M","M","E","R","B"],"character_chosen":"IRONCLAD","items_purchased":["Dropkick","Fire Breathing"],"campfire_rested":3,"item_purchase_floors":[14,14],"current_hp_per_floor":[80,80,80,79,63,63,63,63,63,61,50,50,39,39,63,38,70,70,70,68,53,18,43,43,43,43,43,43,19,19,25,50,0],"gold":117,"neow_bonus":"REMOVE_CARD","is_prod":false,"is_daily":false,"chose_seed":false,"campfire_upgraded":3,"win_rate":0,"timestamp":1562419001,"path_taken":["M","?","M","?","?","R","?","M","T","M","M","R","E","$","R","BOSS","M","$","M","?","M","R","?","R","T","$","R","M","M","E","R","BOSS"],"build_version":"2019-07-05","purchased_purges":2,"victory":false,"max_hp_per_floor":[80,80,80,80,80,80,80,80,80,80,80,80,80,80,80,80,80,80,80,80,85,85,85,85,85,85,85,85,85,85,85,85,85],"card_choices":[{"not_picked":["Bloodletting","Wild Strike"],"picked":"Headbutt","floor":1},{"not_picked":["Corruption","Battle Trance","Inflame"],"picked":"SKIP","floor":3},{"not_picked":["Wild Strike","Body Slam","Sever Soul"],"picked":"SKIP","floor":4},{"not_picked":["Blood for Blood","Sword Boomerang","True Grit"],"picked":"SKIP","floor":8},{"not_picked":["Warcry","Combust"],"picked":"Flame Barrier","floor":10},{"not_picked":["Evolve","Bloodletting","Twin Strike"],"picked":"SKIP","floor":11},{"not_picked":["Sword Boomerang","Rupture","Demon Form"],"picked":"SKIP","floor":13},{"not_picked":["Berserk","Bludgeon"],"picked":"Double Tap","floor":16},{"not_picked":["Body Slam"],"picked":"SKIP","floor":18},{"not_picked":["Iron Wave"],"picked":"SKIP","floor":20},{"not_picked":["Intimidate"],"picked":"SKIP","floor":22},{"not_picked":["Flex"],"picked":"SKIP","floor":29},{"not_picked":["Rampage"],"picked":"SKIP","floor":30}],"player_experience":180407,"relics_obtained":[{"floor":2,"key":"Orichalcum"},{"floor":9,"key":"Pen Nib"},{"floor":13,"key":"Dead Branch"},{"floor":26,"key":"Girya"}],"event_choices":[{"damage_healed":0,"gold_gain":0,"player_choice":"Entered Light","damage_taken":16,"max_hp_gain":0,"max_hp_loss":0,"event_name":"Shining Light","floor":5,"gold_loss":0,"cards_upgraded":["Bash","Strike_R"]},{"damage_healed":0,"gold_gain":0,"player_choice":"Ignored","damage_taken":0,"max_hp_gain":0,"max_hp_loss":0,"event_name":"Liars Game","floor":7,"gold_loss":0},{"damage_healed":0,"gold_gain":0,"player_choice":"Shed Blood","damage_taken":20,"max_hp_gain":5,"max_hp_loss":0,"event_name":"Forgotten Altar","floor":21,"gold_loss":0},{"damage_healed":0,"gold_gain":0,"player_choice":"Inject Mutagens","damage_taken":0,"relics_obtained":["MutagenicStrength"],"max_hp_gain":0,"max_hp_loss":0,"event_name":"Drug Dealer","floor":24,"gold_loss":0}],"is_beta":false,"boss_relics":[{"not_picked":["Runic Dome","Cursed Key"],"picked":"Busted Crown"}],"items_purged_floors":[14,19],"is_endless":false,"potions_floor_spawned":[4,10,11,29,30,31],"killed_by":"Champ","ascension_level":5}