{"gold_per_floor":[113,127,143,160,160,160,194,194,194,215,146,60,104,104,104,198,198,218,143,163,53,53],"floor_reached":22,"playtime":578,"items_purged":["Strike_G"],"score":388,"play_id":"c6b6d9b8-342e-458c-9d14-c0dc4da2ab46","local_time":"20190419022401","is_ascension_mode":true,"campfire_choices":[{"data":"Dagger Spray","floor":6.0,"key":"SMITH"},{"data":"Neutralize","floor":8.0,"key":"SMITH"},{"floor":15,"key":"REST"}],"neow_cost":"NONE","seed_source_timestamp":180714648533700,"circlet_count":0,"master_deck":["AscendersBane","Defend_G","Defend_G","Defend_G","Strike_G","Strike_G","Strike_G","Survivor","Neutralize+1","Dagger Throw","Quick Slash","Dagger Spray+1","Footwork","Dash","Backflip","Calculated Gamble","Die Die Die","Crippling Poison","Dodge and Roll+1"],"special_seed":0,"relics":["Ring of the Snake","Golden Idol","Ice Cream","Unceasing Top","Nunchaku","Sozu"],"potions_floor_usage":[13],"damage_taken":[{"damage":0.0,"enemies":"2 Louse","floor":1.0,"turns":4.0},{"damage":1.0,"enemies":"Small Slimes","floor":2.0,"turns":4.0},{"damage":2.0,"enemies":"Jaw Worm","floor":3.0,"turns":4.0},{"damage":0.0,"enemies":"2 Fungi Beasts","floor":4.0,"turns":3.0},{"damage":18.0,"enemies":"Lagavulin","floor":7.0,"turns":7.0},{"damage":18.0,"enemies":"Large Slime","floor":10.0,"turns":5.0},{"damage":6,"enemies":"Gremlin Nob","floor":13,"turns":3},{"damage":30,"enemies":"The Guardian","floor":16,"turns":17},{"damage":12,"enemies":"Spheric Guardian","floor":18,"turns":4},{"damage":19,"enemies":"2 Thieves","floor":20,"turns":3},{"damage":17,"enemies":"Snake Plant","floor":22,"turns":6}],"seed_played":"-1439498259089262708","potions_obtained":[{"floor":1.0,"key":"Strength Potion"},{"floor":10.0,"key":"FearPotion"},{"floor":16,"key":"EssenceOfSteel"}],"is_trial":false,"path_per_floor":["M","M","M","M","?","R","E","R","T","M","?","$","E","?","R","B",null,"M","$","M","?","M"],"character_chosen":"THE_SILENT","items_purchased":["Dash"],"campfire_rested":1,"item_purchase_floors":[12],"current_hp_per_floor":[59,58,56,56,56,56,38,38,38,20,20,20,14,14,32,2,46,34,34,15,15,0],"gold":53,"neow_bonus":"REMOVE_CARD","is_prod":false,"is_daily":false,"chose_seed":false,"campfire_upgraded":2,"win_rate":0,"timestamp":1555608241,"path_taken":["M","M","M","M","?","R","E","R","T","M","?","?","E","?","R","BOSS","M","$","M","?","?"],"build_version":"2019-01-23","purchased_purges":1,"victory":false,"max_hp_per_floor":[66,66,66,66,60,60,60,60,60,60,60,60,60,60,60,60,60,60,60,60,60,60],"card_choices":[{"not_picked":["Flechettes","Blur"],"picked":"Dagger Throw","floor":1.0},{"not_picked":["Accuracy","Backflip"],"picked":"Quick Slash","floor":2.0},{"not_picked":["Flying Knee","Eviscerate"],"picked":"Dagger Spray","floor":3.0},{"not_picked":["Bane","Blade Dance"],"picked":"Footwork","floor":4.0},{"not_picked":["Eviscerate","Slice","Choke"],"picked":"SKIP","floor":7.0},{"not_picked":["Poisoned Stab","Catalyst","Quick Slash"],"picked":"SKIP","floor":10.0},{"not_picked":["Tools of the Trade","Flechettes"],"picked":"Backflip","floor":13},{"not_picked":["Grand Finale","Night Terror"],"picked":"Die Die Die","floor":16},{"not_picked":["Prepared","Endless Agony"],"picked":"Crippling Poison","floor":18},{"not_picked":["All Out Attack","Dagger Throw"],"picked":"Dodge and Roll","floor":20}],"player_experience":4840378,"relics_obtained":[{"floor":7.0,"key":"Ice Cream"},{"floor":9.0,"key":"Unceasing Top"},{"floor":13,"key":"Nunchaku"}],"event_choices":[{"damage_healed":0.0,"max_hp_gain":0.0,"max_hp_loss":6.0,"gold_gain":0.0,"event_name":"Golden Idol","player_choice":"Lose Max HP","floor":5.0,"gold_loss":0.0,"damage_taken":0.0,"relics_obtained":["Golden Idol"]},{"damage_healed":0.0,"max_hp_gain":0.0,"max_hp_loss":0.0,"gold_gain":0.0,"event_name":"World of Goop","player_choice":"Left Gold","floor":11.0,"gold_loss":69.0,"damage_taken":0.0},{"damage_healed":0,"gold_gain":0,"cards_transformed":["Strike_G"],"player_choice":"Change","damage_taken":0,"max_hp_gain":0,"max_hp_loss":0,"event_name":"Living Wall","floor":14,"gold_loss":0,"cards_obtained":["Calculated Gamble"]},{"cards_removed":["Defend_G"],"damage_healed":0,"gold_gain":0,"player_choice":"Upgrade and Remove","damage_taken":0,"max_hp_gain":0,"max_hp_loss":0,"event_name":"Designer","floor":21,"gold_loss":110,"cards_upgraded":["Dodge and Roll"]}],"is_beta":false,"boss_relics":[{"not_picked":["Lizard Tail","Busted Crown"],"picked":"Sozu"}],"items_purged_floors":[19],"is_endless":false,"potions_floor_spawned":[1,10,16,18],"killed_by":"Snake Plant","ascension_level":20}