{"gold_per_floor":[113,133,146,157,167,167,195,195,195,229,241,241,256,271,271,342,342,360,198,212,229,52,52,68,68,94,148,168,43,57,57,57,134,134,154,154,154,173,184,184],"floor_reached":40,"playtime":1714,"items_purged":["Strike_G","Strike_G","Strike_G"],"score":833,"play_id":"91e70407-3e91-46a5-b675-54552da57b98","local_time":"20190509031043","is_ascension_mode":true,"campfire_choices":[{"data":"Masterful Stab","floor":6,"key":"SMITH"},{"floor":8,"key":"REST"},{"floor":12,"key":"REST"},{"data":"Blade Dance","floor":15,"key":"SMITH"},{"data":"Malaise","floor":23,"key":"SMITH"},{"floor":32,"key":"REST"}],"neow_cost":"NONE","seed_source_timestamp":290807792308200,"circlet_count":0,"master_deck":["AscendersBane","Defend_G","Defend_G","Defend_G","Defend_G","Defend_G","Strike_G","Strike_G","Survivor","Neutralize","Slice","After Image","Bane","Underhanded Strike","Masterful Stab+1","Burst","Blade Dance+1","Endless Agony","Dash","Well Laid Plans","Malaise+1","Backstab+1","Adrenaline","PiercingWail+1","Well Laid Plans+1","Infinite Blades","Bouncing Flask","A Thousand Cuts","Setup+1","Wraith Form v2","Cloak And Dagger+1","Blind","Secret Weapon","Secret Weapon","Dodge and Roll+1","Sucker Punch+1"],"relics":["Ring of the Snake","Boot","Potion Belt","Kunai","Turnip","White Beast Statue","Omamori","Happy Flower","Letter Opener","WristBlade"],"potions_floor_usage":[4,7,16,24,28,28,28,28,30,33,39,39,39,40],"damage_taken":[{"damage":1,"enemies":"Cultist","floor":1,"turns":4},{"damage":9,"enemies":"Jaw Worm","floor":2,"turns":7},{"damage":0,"enemies":"Small Slimes","floor":3,"turns":4},{"damage":2,"enemies":"Blue Slaver","floor":4,"turns":5},{"damage":6,"enemies":"2 Fungi Beasts","floor":5,"turns":4},{"damage":28,"enemies":"3 Sentries","floor":7,"turns":11},{"damage":30,"enemies":"Gremlin Nob","floor":10,"turns":5},{"damage":6,"enemies":"Exordium Wildlife","floor":11,"turns":6},{"damage":0,"enemies":"Blue Slaver","floor":13,"turns":4},{"damage":0,"enemies":"Looter","floor":14,"turns":3},{"damage":21,"enemies":"Slime Boss","floor":16,"turns":13},{"damage":3,"enemies":"3 Byrds","floor":18,"turns":6},{"damage":10,"enemies":"Chosen","floor":20,"turns":7},{"damage":9,"enemies":"Snake Plant","floor":21,"turns":6},{"damage":8,"enemies":"Snecko","floor":24,"turns":6},{"damage":1,"enemies":"Cultist and Chosen","floor":28,"turns":7},{"damage":0,"enemies":"Snake Plant","floor":30,"turns":4},{"damage":29,"enemies":"Collector","floor":33,"turns":12},{"damage":6,"enemies":"3 Shapes","floor":35,"turns":4},{"damage":9,"enemies":"Orb Walker","floor":38,"turns":3},{"damage":4,"enemies":"Transient","floor":39,"turns":6},{"damage":34,"enemies":"Reptomancer","floor":40,"turns":2}],"seed_played":"-2175040350380688801","potions_obtained":[{"floor":3,"key":"SpeedPotion"},{"floor":4,"key":"Fruit Juice"},{"floor":10,"key":"SteroidPotion"},{"floor":18,"key":"PowerPotion"},{"floor":20,"key":"Block Potion"},{"floor":21,"key":"EntropicBrew"},{"floor":24,"key":"LiquidBronze"},{"floor":28,"key":"AttackPotion"},{"floor":30,"key":"Explosive Potion"},{"floor":33,"key":"SpeedPotion"},{"floor":38,"key":"SkillPotion"},{"floor":39,"key":"LiquidBronze"}],"is_trial":false,"path_per_floor":["M","M","M","M","M","R","E","R","T","E","M","R","M","M","R","B",null,"M","$","M","M","$","R","M","?","T","T","M","$","M","?","R","B",null,"M","?","?","M","M","E"],"character_chosen":"THE_SILENT","items_purchased":["Adrenaline","Infinite Blades"],"campfire_rested":3,"item_purchase_floors":[19,22],"current_hp_per_floor":[58,49,49,52,46,46,18,39,39,9,3,24,24,24,24,3,54,51,51,41,32,32,32,24,24,24,24,23,23,23,23,44,15,57,51,41,41,32,28,0],"gold":184,"neow_bonus":"RANDOM_COMMON_RELIC","is_prod":false,"is_daily":false,"chose_seed":false,"campfire_upgraded":3,"win_rate":0,"timestamp":1557339043,"path_taken":["M","M","M","M","M","R","E","R","T","E","M","R","M","M","R","BOSS","M","$","M","M","$","R","M","?","T","?","M","?","M","?","R","BOSS","M","?","?","?","M","E"],"build_version":"2019-01-23","purchased_purges":3,"victory":false,"max_hp_per_floor":[66,66,66,71,71,71,71,71,71,71,71,71,71,71,71,71,71,71,71,71,71,71,71,71,71,71,71,71,71,71,71,71,71,71,71,71,71,71,71,71],"card_choices":[{"not_picked":["Outmaneuver","Dodge and Roll"],"picked":"Slice","floor":1},{"not_picked":["Masterful Stab","Poisoned Stab"],"picked":"After Image","floor":2},{"not_picked":["Setup","Outmaneuver"],"picked":"Bane","floor":3},{"not_picked":["Expertise","Dodge and Roll"],"picked":"Underhanded Strike","floor":4},{"not_picked":["Reflex","Bouncing Flask"],"picked":"Masterful Stab","floor":5},{"not_picked":["Deflect","Bane"],"picked":"Burst","floor":7},{"not_picked":["Quick Slash","Sucker Punch"],"picked":"Blade Dance","floor":10},{"not_picked":["Underhanded Strike","Quick Slash"],"picked":"Endless Agony","floor":11},{"not_picked":["Slice","Prepared"],"picked":"Dash","floor":13},{"not_picked":["Outmaneuver","Concentrate"],"picked":"Well Laid Plans","floor":14},{"not_picked":["Venomology","Burst"],"picked":"Malaise","floor":16},{"not_picked":["Cloak And Dagger","Outmaneuver+1"],"picked":"Backstab+1","floor":18},{"not_picked":["Endless Agony","Outmaneuver"],"picked":"PiercingWail+1","floor":20},{"not_picked":["Calculated Gamble","Cloak And Dagger"],"picked":"Well Laid Plans+1","floor":21},{"not_picked":["Blade Dance","Dagger Throw"],"picked":"Bouncing Flask","floor":24},{"not_picked":["Bouncing Flask","Bane+1"],"picked":"A Thousand Cuts","floor":28},{"not_picked":["Predator","Slice"],"picked":"Setup+1","floor":30},{"not_picked":["Doppelganger","Bullet Time"],"picked":"Wraith Form v2","floor":33},{"not_picked":["Crippling Poison","Sucker Punch"],"picked":"Cloak And Dagger+1","floor":35},{"not_picked":["Deep Breath","Swift Strike"],"picked":"Blind","floor":36},{"not_picked":["Madness","Sadistic Nature"],"picked":"Secret Weapon","floor":36},{"not_picked":["Metamorphosis","Blind"],"picked":"Secret Weapon","floor":36},{"not_picked":["Quick Slash+1","Outmaneuver"],"picked":"Dodge and Roll+1","floor":38},{"not_picked":["Poisoned Stab","Underhanded Strike"],"picked":"Sucker Punch+1","floor":39}],"player_experience":4959267,"relics_obtained":[{"floor":7,"key":"Potion Belt"},{"floor":9,"key":"Kunai"},{"floor":10,"key":"Turnip"},{"floor":26,"key":"Omamori"},{"floor":27,"key":"Happy Flower"}],"event_choices":[{"damage_healed":0,"gold_gain":0,"player_choice":"Opened","damage_taken":0,"relics_obtained":["Letter Opener"],"max_hp_gain":0,"max_hp_loss":0,"event_name":"The Mausoleum","floor":31,"gold_loss":0,"cards_obtained":["Writhe"]},{"damage_healed":0,"gold_gain":0,"player_choice":"Memory 3","damage_taken":10,"max_hp_gain":0,"max_hp_loss":0,"event_name":"SensoryStone","floor":36,"gold_loss":0},{"damage_healed":0,"gold_gain":0,"player_choice":"Ignored","damage_taken":0,"max_hp_gain":0,"max_hp_loss":0,"event_name":"Tomb of Lord Red Mask","floor":37,"gold_loss":0}],"is_beta":false,"boss_relics":[{"not_picked":["Eternal Feather","Empty Cage"],"picked":"White Beast Statue"},{"not_picked":["Philosopher\u0027s Stone","Busted Crown"],"picked":"WristBlade"}],"items_purged_floors":[19,22,29],"is_endless":false,"potions_floor_spawned":[3,4,10,18,20,21,24,28,30,33,35,38,39],"killed_by":"Reptomancer","ascension_level":20}