{"gold_per_floor":[119,135,135,147,159,159,159,172,172,172,197,197,197,197,197,197],"floor_reached":16,"playtime":179,"items_purged":[],"score":200,"play_id":"39386af5-8219-4273-90ba-a8b5236dec45","local_time":"20190326001302","is_ascension_mode":true,"campfire_choices":[{"data":"Blade Dance","floor":6,"key":"SMITH"},{"data":"Neutralize","floor":10,"key":"SMITH"},{"data":"Cloak And Dagger","floor":13,"key":"SMITH"},{"floor":15,"key":"REST"}],"neow_cost":"NONE","seed_source_timestamp":1038477162657200,"circlet_count":0,"master_deck":["AscendersBane","Defend_G","Defend_G+1","Defend_G","Defend_G","Defend_G","Strike_G","Strike_G","Strike_G","Strike_G","Survivor","Neutralize+1","Deadly Poison","Blade Dance+1","After Image+1","Accuracy","Dagger Spray","Dash","Cloak And Dagger+1"],"relics":["Ring of the Snake","NeowsBlessing","PreservedInsect","Boot","Golden Idol","Bag of Marbles"],"potions_floor_usage":[8,16],"damage_taken":[{"damage":0,"enemies":"Cultist","floor":1,"turns":1},{"damage":0,"enemies":"Jaw Worm","floor":2,"turns":1},{"damage":0,"enemies":"Small Slimes","floor":4,"turns":1},{"damage":6,"enemies":"Looter","floor":5,"turns":5},{"damage":1,"enemies":"Large Slime","floor":8,"turns":7},{"damage":25,"enemies":"Gremlin Nob","floor":11,"turns":4},{"damage":29,"enemies":"The Guardian","floor":16,"turns":5}],"seed_played":"7686352524810429498","potions_obtained":[{"floor":5,"key":"Energy Potion"},{"floor":8,"key":"Strength Potion"}],"is_trial":false,"path_per_floor":["M","M","?","M","M","R","?","M","T","R","E","?","R","T","R","B"],"character_chosen":"THE_SILENT","items_purchased":[],"campfire_rested":1,"item_purchase_floors":[],"current_hp_per_floor":[59,59,59,59,53,53,33,32,32,32,7,7,7,7,25,0],"gold":197,"neow_bonus":"THREE_ENEMY_KILL","is_prod":false,"is_daily":false,"chose_seed":false,"campfire_upgraded":3,"win_rate":0,"timestamp":1553526782,"path_taken":["M","?","?","M","?","R","?","M","T","R","E","?","R","?","R","BOSS"],"build_version":"2019-01-23","purchased_purges":0,"victory":false,"max_hp_per_floor":[66,66,66,66,66,66,66,66,66,66,66,60,60,60,60,60],"card_choices":[{"not_picked":["Quick Slash","Predator"],"picked":"Deadly Poison","floor":1},{"not_picked":["Eviscerate","Deflect"],"picked":"Blade Dance","floor":2},{"not_picked":["Dodge and Roll","Skewer"],"picked":"Accuracy","floor":4},{"not_picked":["Quick Slash","Acrobatics"],"picked":"Dagger Spray","floor":5},{"not_picked":["Underhanded Strike","Poisoned Stab"],"picked":"Dash","floor":8},{"not_picked":["Underhanded Strike","Prepared"],"picked":"Cloak And Dagger","floor":11}],"player_experience":4624001,"relics_obtained":[{"floor":9,"key":"PreservedInsect"},{"floor":11,"key":"Boot"},{"floor":14,"key":"Bag of Marbles"}],"event_choices":[{"damage_healed":0,"gold_gain":0,"cards_transformed":["Strike_G"],"player_choice":"Transformed","damage_taken":0,"max_hp_gain":0,"max_hp_loss":0,"event_name":"Transmorgrifier","floor":3,"gold_loss":0,"cards_obtained":["After Image"]},{"damage_healed":0,"gold_gain":0,"player_choice":"Entered Light","damage_taken":20,"max_hp_gain":0,"max_hp_loss":0,"event_name":"Shining Light","floor":7,"gold_loss":0,"cards_upgraded":["After Image","Defend_G"]},{"damage_healed":0,"gold_gain":0,"player_choice":"Lose Max HP","damage_taken":0,"relics_obtained":["Golden Idol"],"max_hp_gain":0,"max_hp_loss":6,"event_name":"Golden Idol","floor":12,"gold_loss":0}],"is_beta":false,"boss_relics":[],"items_purged_floors":[],"is_endless":false,"potions_floor_spawned":[5,8],"killed_by":"The Guardian","ascension_level":20}