{"gold_per_floor":[111,123,138,158,169,169,198,198,198,198,198,198,212,25,25,103,103,114,37,49,49,62,95,95,115,141,141,166,181,194,194,194,269,269,284,284,330,330,341,341,341,83,162,174,201,201,18,37,37,37,37],"floor_reached":52,"playtime":2244,"items_purged":["Strike_G","Strike_G"],"score":1848,"play_id":"62099450-d0ec-4043-9ea4-577491f272ff","local_time":"20190411004411","is_ascension_mode":true,"campfire_choices":[{"data":"Dagger Spray","floor":6.0,"key":"SMITH"},{"data":"Cloak And Dagger","floor":12.0,"key":"SMITH"},{"floor":15.0,"key":"REST"},{"floor":24.0,"key":"REST"},{"floor":27.0,"key":"REST"},{"floor":32.0,"key":"REST"},{"floor":40.0,"key":"REST"},{"floor":41.0,"key":"REST"},{"floor":46,"key":"REST"},{"floor":49,"key":"REST"}],"neow_cost":"NONE","seed_source_timestamp":711913647281500,"circlet_count":0,"master_deck":["AscendersBane","Defend_G","Defend_G","Defend_G","Strike_G","Survivor","Neutralize+1","Well Laid Plans","Cloak And Dagger+1","Terror+1","Quick Slash","Dagger Spray+1","Leg Sweep+1","Dash","Apotheosis+1","Burst+1","After Image","Crippling Poison+1","PiercingWail+1","Deadly Poison+1","PiercingWail+1","Envenom","Footwork","Escape Plan+1","Phantasmal Killer+1","Skewer+1","Deflect+1","Quick Slash","Backflip+1","Prepared+1","Catalyst+1","Noxious Fumes","Acrobatics+1","Footwork"],"special_seed":0,"relics":["Ring of the Snake","Toxic Egg 2","WingedGreaves","Runic Dome","Mercury Hourglass","Bag of Marbles","Ice Cream","Empty Cage","FossilizedHelix","Letter Opener","Centennial Puzzle"],"potions_floor_usage":[45,45,50,51],"damage_taken":[{"damage":0.0,"enemies":"Cultist","floor":1.0,"turns":4.0},{"damage":0.0,"enemies":"Jaw Worm","floor":2.0,"turns":6.0},{"damage":8.0,"enemies":"Small Slimes","floor":3.0,"turns":5.0},{"damage":2.0,"enemies":"Red Slaver","floor":4.0,"turns":5.0},{"damage":0.0,"enemies":"Blue Slaver","floor":5.0,"turns":6.0},{"damage":27.0,"enemies":"Gremlin Nob","floor":7.0,"turns":4.0},{"damage":4.0,"enemies":"Exordium Thugs","floor":10.0,"turns":4.0},{"damage":0.0,"enemies":"3 Louse","floor":13.0,"turns":2.0},{"damage":15.0,"enemies":"Slime Boss","floor":16.0,"turns":8.0},{"damage":8.0,"enemies":"Chosen","floor":18.0,"turns":5.0},{"damage":6.0,"enemies":"Spheric Guardian","floor":20.0,"turns":6.0},{"damage":0.0,"enemies":"Snake Plant","floor":22.0,"turns":5.0},{"damage":22.0,"enemies":"Book of Stabbing","floor":23.0,"turns":6.0},{"damage":3.0,"enemies":"Centurion and Healer","floor":25.0,"turns":6.0},{"damage":32.0,"enemies":"Gremlin Leader","floor":28.0,"turns":7.0},{"damage":0.0,"enemies":"Cultist and Chosen","floor":29.0,"turns":3.0},{"damage":3.0,"enemies":"Snake Plant","floor":30.0,"turns":5.0},{"damage":20.0,"enemies":"Automaton","floor":33.0,"turns":10.0},{"damage":0.0,"enemies":"Orb Walker","floor":35.0,"turns":3.0},{"damage":30.0,"enemies":"2 Orb Walkers","floor":37.0,"turns":5.0},{"damage":8.0,"enemies":"3 Shapes","floor":39.0,"turns":5.0},{"damage":14.0,"enemies":"Maw","floor":44.0,"turns":7.0},{"damage":36,"enemies":"Reptomancer","floor":45,"turns":7},{"damage":0,"enemies":"Sphere and 2 Shapes","floor":48,"turns":5},{"damage":1,"enemies":"Donu and Deca","floor":50,"turns":11},{"damage":24,"enemies":"Awakened One","floor":51,"turns":16}],"seed_played":"-1814146862247378662","potions_obtained":[{"floor":2.0,"key":"Swift Potion"},{"floor":3.0,"key":"Energy Potion"},{"floor":8.0,"key":"SmokeBomb"},{"floor":13.0,"key":"PowerPotion"},{"floor":16.0,"key":"FearPotion"},{"floor":20.0,"key":"Ancient Potion"},{"floor":23.0,"key":"Fire Potion"},{"floor":28.0,"key":"SkillPotion"},{"floor":30.0,"key":"PowerPotion"},{"floor":33.0,"key":"Block Potion"},{"floor":39.0,"key":"Block Potion"},{"floor":44.0,"key":"Dexterity Potion"},{"floor":45,"key":"Fire Potion"},{"floor":48,"key":"GamblersBrew"}],"is_trial":false,"path_per_floor":["M","M","M","M","M","R","E","?","T","M","?","R","M","$","R","B",null,"M","$","M","T","M","E","R","M","T","R","E","M","M","?","R","B",null,"M","?","?","?","M","R","R","$","T","M","E","R","$","M","R","B","B",null],"character_chosen":"THE_SILENT","items_purchased":["Apotheosis+1","After Image","Prepared+1","Catalyst+1","Noxious Fumes","Footwork"],"campfire_rested":8,"item_purchase_floors":[14,19,42,42,42,47],"current_hp_per_floor":[59,59,51,49,49,49,22,22,22,18,18,18,18,18,37,22,55,47,47,41,41,41,19,38,35,35,54,22,22,19,19,38,18,54,54,54,24,24,16,35,54,54,54,40,4,23,23,23,42,41,17],"gold":37,"neow_bonus":"UPGRADE_CARD","is_prod":false,"is_daily":false,"chose_seed":false,"campfire_upgraded":2,"win_rate":0,"timestamp":1554911051,"path_taken":["M","M","M","?","M","R","E","?","T","?","?","R","M","$","R","BOSS","M","$","M","?","M","E","R","M","T","R","E","M","M","?","R","BOSS","M","?","?","?","?","R","R","?","T","M","E","R","?","M","R","BOSS","BOSS"],"build_version":"2019-01-23","purchased_purges":2,"victory":true,"max_hp_per_floor":[66,66,66,66,66,66,66,66,66,66,66,66,66,66,66,66,66,66,66,66,66,66,66,66,66,66,66,66,66,66,66,66,66,66,66,66,66,66,66,66,66,66,66,66,66,66,66,66,66,66,66],"card_choices":[{"not_picked":["Slice","Eviscerate"],"picked":"Well Laid Plans","floor":1.0},{"not_picked":["Leg Sweep","Prepared"],"picked":"Cloak And Dagger","floor":2.0},{"not_picked":["Well Laid Plans","Dagger Spray"],"picked":"Terror","floor":3.0},{"not_picked":["Sucker Punch","Deadly Poison"],"picked":"Quick Slash","floor":4.0},{"not_picked":["Tools of the Trade","Outmaneuver"],"picked":"Dagger Spray","floor":5.0},{"not_picked":["Heel Hook","Sucker Punch"],"picked":"Leg Sweep","floor":7.0},{"not_picked":["Quick Slash","Masterful Stab"],"picked":"Dash","floor":13.0},{"not_picked":["Doppelganger+1","After Image"],"picked":"Burst+1","floor":16.0},{"not_picked":["Dagger Throw","Well Laid Plans+1"],"picked":"Acrobatics+1","floor":18.0},{"not_picked":["Dagger Spray","Quick Slash","Blade Dance+1"],"picked":"SKIP","floor":20.0},{"not_picked":["Footwork","Underhanded Strike"],"picked":"Crippling Poison+1","floor":22.0},{"not_picked":["Tools of the Trade","Slice"],"picked":"PiercingWail+1","floor":23.0},{"not_picked":["Calculated Gamble+1","Accuracy"],"picked":"Deadly Poison+1","floor":25.0},{"not_picked":["Acrobatics+1","Infinite Blades"],"picked":"PiercingWail+1","floor":28.0},{"not_picked":["Sucker Punch","Leg Sweep+1"],"picked":"Envenom","floor":29.0},{"not_picked":["Underhanded Strike","Blade Dance+1"],"picked":"Footwork","floor":30.0},{"not_picked":["A Thousand Cuts","Grand Finale"],"picked":"Phantasmal Killer+1","floor":33.0},{"not_picked":["Slice+1","Dagger Throw+1"],"picked":"Skewer+1","floor":35.0},{"not_picked":["Flying Knee","Accuracy"],"picked":"Deflect+1","floor":37.0},{"not_picked":["Slice","Acrobatics+1"],"picked":"Backflip+1","floor":39.0},{"not_picked":["Prepared+1","Dagger Spray"],"picked":"Acrobatics+1","floor":44.0},{"not_picked":["Well Laid Plans","Flying Knee","Finisher"],"picked":"SKIP","floor":45},{"not_picked":["Blade Dance+1","Caltrops","Backstab"],"picked":"SKIP","floor":48}],"player_experience":4747270,"relics_obtained":[{"floor":7.0,"key":"Toxic Egg 2"},{"floor":9.0,"key":"WingedGreaves"},{"floor":23.0,"key":"Mercury Hourglass"},{"floor":26.0,"key":"Bag of Marbles"},{"floor":28.0,"key":"Ice Cream"},{"floor":37.0,"key":"FossilizedHelix"},{"floor":43.0,"key":"Letter Opener"},{"floor":45,"key":"Centennial Puzzle"}],"event_choices":[{"damage_healed":0.0,"max_hp_gain":0.0,"max_hp_loss":0.0,"gold_gain":0.0,"event_name":"Lab","player_choice":"Got Potions","floor":8.0,"gold_loss":0.0,"damage_taken":0.0},{"damage_healed":0.0,"max_hp_gain":0.0,"max_hp_loss":0.0,"gold_gain":0.0,"event_name":"Upgrade Shrine","player_choice":"Upgraded","floor":11.0,"gold_loss":0.0,"damage_taken":0.0,"cards_upgraded":["Terror"]},{"damage_healed":0.0,"max_hp_gain":0.0,"max_hp_loss":0.0,"gold_gain":0.0,"cards_transformed":["Strike_G"],"event_name":"Transmorgrifier","player_choice":"Transformed","floor":31.0,"gold_loss":0.0,"damage_taken":0.0,"cards_obtained":["Escape Plan"]},{"cards_removed":["Acrobatics"],"damage_healed":0.0,"max_hp_gain":0.0,"max_hp_loss":0.0,"gold_gain":0.0,"event_name":"Falling","player_choice":"Removed Skill","floor":36.0,"gold_loss":0.0,"damage_taken":0.0},{"damage_healed":0.0,"max_hp_gain":0.0,"max_hp_loss":0.0,"gold_gain":0.0,"event_name":"Mysterious Sphere","player_choice":"Fight","floor":37.0,"gold_loss":0.0,"damage_taken":0.0},{"damage_healed":0.0,"max_hp_gain":0.0,"max_hp_loss":0.0,"gold_gain":0.0,"cards_transformed":["Defend_G"],"event_name":"Transmorgrifier","player_choice":"Transformed","floor":38.0,"gold_loss":0.0,"damage_taken":0.0,"cards_obtained":["Quick Slash"]}],"is_beta":false,"boss_relics":[{"not_picked":["Ectoplasm","Calling Bell"],"picked":"Runic Dome"},{"not_picked":["WristBlade","Velvet Choker"],"picked":"Empty Cage"}],"items_purged_floors":[42,47],"is_endless":false,"potions_floor_spawned":[2,3,5,10,13,16,20,23,28,30,33,39,44,45,48],"ascension_level":20}