{"gold_per_floor":[114,126,145,160,178,203,203,233,280,280,310,325,49,67,67,146,196,211,211,16,16,15,15,15],"floor_reached":24,"playtime":780,"items_purged":["Strike_R","Strike_R+1"],"score":436,"play_id":"046964db-7425-465c-b870-be5f44fa5313","local_time":"20190719011928","is_ascension_mode":true,"campfire_choices":[{"data":"Juggernaut","floor":7,"key":"SMITH"},{"data":"Seeing Red","floor":10,"key":"SMITH"},{"data":"True Grit","floor":15,"key":"SMITH"},{"data":"Armaments","floor":23,"key":"SMITH"}],"neow_cost":"NONE","seed_source_timestamp":718007524083400,"circlet_count":0,"master_deck":["AscendersBane","Strike_R+1","Strike_R+1","Strike_R+1","Defend_R+1","Defend_R+1","Defend_R+1","Defend_R+1","Bash","Anger","Wild Strike","Thunderclap","Carnage","Juggernaut+1","Seeing Red+1","Pummel","True Grit+1","Feel No Pain","Feel No Pain","Armaments+1","Shrug It Off","Body Slam+1","Disarm+1","Finesse","Power Through"],"relics":["Burning Blood","Omamori","Sundial","Juzu Bracelet","Gremlin Horn","Nloth\u0027s Gift"],"potions_floor_usage":[6,8,14,24],"damage_taken":[{"damage":1,"enemies":"Small Slimes","floor":1,"turns":4},{"damage":4,"enemies":"Jaw Worm","floor":2,"turns":5},{"damage":1,"enemies":"Cultist","floor":3,"turns":3},{"damage":6,"enemies":"Exordium Wildlife","floor":4,"turns":4},{"damage":7,"enemies":"Exordium Thugs","floor":5,"turns":4},{"damage":8,"enemies":"Gremlin Nob","floor":6,"turns":3},{"damage":20,"enemies":"Lagavulin","floor":8,"turns":5},{"damage":35,"enemies":"3 Sentries","floor":11,"turns":6},{"damage":4,"enemies":"Red Slaver","floor":12,"turns":2},{"damage":26,"enemies":"Lots of Slimes","floor":14,"turns":3},{"damage":35,"enemies":"The Guardian","floor":16,"turns":13},{"damage":16,"enemies":"Chosen","floor":18,"turns":5},{"damage":15,"enemies":"2 Thieves","floor":22,"turns":4},{"damage":52,"enemies":"Gremlin Leader","floor":24,"turns":9}],"seed_played":"3668128941833810161","potions_obtained":[{"floor":2,"key":"FearPotion"},{"floor":3,"key":"AttackPotion"},{"floor":6,"key":"BloodPotion"},{"floor":17,"key":"Strength Potion"}],"is_trial":false,"path_per_floor":["M","M","M","M","M","E","R","E","T","R","E","M","$","M","R","B",null,"M","?","$","?","M","R","E"],"character_chosen":"IRONCLAD","items_purchased":["Feel No Pain","Armaments","Shrug It Off","Body Slam","Finesse"],"campfire_rested":0,"item_purchase_floors":[13,13,13,13,20],"current_hp_per_floor":[80,82,82,82,81,79,79,65,65,65,36,38,38,38,38,9,69,59,59,59,59,50,50,0],"gold":15,"neow_bonus":"TEN_PERCENT_HP_BONUS","is_prod":false,"is_daily":false,"chose_seed":false,"campfire_upgraded":4,"win_rate":0,"timestamp":1563466768,"path_taken":["M","M","M","M","M","E","R","E","T","R","E","M","$","M","R","BOSS","M","?","$","?","M","R","E"],"build_version":"2019-07-17","purchased_purges":2,"victory":false,"max_hp_per_floor":[82,82,82,82,82,82,82,82,82,82,82,82,82,82,82,82,87,87,87,87,87,87,87,87],"card_choices":[{"not_picked":["Shrug It Off","Sentinel"],"picked":"Anger","floor":1},{"not_picked":["Heavy Blade","Dropkick"],"picked":"Wild Strike","floor":2},{"not_picked":["Cleave","Dual Wield"],"picked":"Thunderclap","floor":3},{"not_picked":["Warcry","True Grit"],"picked":"Carnage","floor":4},{"not_picked":["Headbutt","Uppercut"],"picked":"Juggernaut","floor":5},{"not_picked":["Heavy Blade","Perfected Strike"],"picked":"Seeing Red","floor":6},{"not_picked":["Warcry","Havoc"],"picked":"Pummel","floor":8},{"not_picked":["Blood for Blood","Iron Wave"],"picked":"True Grit","floor":11},{"not_picked":["Body Slam","Cleave"],"picked":"Feel No Pain","floor":12},{"not_picked":["Cleave","Pommel Strike","Flex"],"picked":"SKIP","floor":14},{"not_picked":["Hemokinesis","Spot Weakness"],"picked":"Disarm+1","floor":18},{"not_picked":["Feel No Pain","Armaments+1"],"picked":"Power Through","floor":22}],"player_experience":5740624,"relics_obtained":[{"floor":6,"key":"Omamori"},{"floor":8,"key":"Sundial"},{"floor":9,"key":"Juzu Bracelet"},{"floor":11,"key":"Gremlin Horn"}],"event_choices":[{"damage_healed":0,"gold_gain":0,"player_choice":"Simplicity","damage_taken":0,"max_hp_gain":0,"max_hp_loss":0,"event_name":"Back to Basics","floor":19,"gold_loss":0,"cards_upgraded":["Strike_R","Strike_R","Strike_R","Strike_R","Defend_R","Defend_R","Defend_R","Defend_R"]},{"damage_healed":0,"gold_gain":0,"player_choice":"Traded Relic","damage_taken":0,"relics_obtained":["Nloth\u0027s Gift"],"max_hp_gain":0,"max_hp_loss":0,"event_name":"N\u0027loth","floor":21,"relics_lost":["Tiny House"],"gold_loss":0}],"is_beta":false,"boss_relics":[{"not_picked":["Snecko Eye","Eternal Feather"],"picked":"Tiny House"}],"items_purged_floors":[13,20],"is_endless":false,"potions_floor_spawned":[2,3,5,6],"killed_by":"Gremlin Leader","ascension_level":20}