{"gold_per_floor":[116,132,143,160,170,198,198,216,268,193,208,208,20,39,39,116,116,128,128,142,142,142],"floor_reached":22,"playtime":666,"items_purged":["Injury","Strike_B"],"score":380,"play_id":"c1d76aad-d0c4-42f6-b341-04699781c1b9","local_time":"20190708013336","is_ascension_mode":true,"campfire_choices":[{"floor":7,"key":"REST"},{"floor":15,"key":"REST"}],"neow_cost":"CURSE","seed_source_timestamp":441433977045500,"circlet_count":0,"master_deck":["AscendersBane","Strike_B","Strike_B","Defend_B","Defend_B","Defend_B","Zap","Dualcast","White Noise","Self Repair","Coolheaded","Storm","Hello World","Consume","Amplify","Lockon","White Noise","Cold Snap","Capacitor","Rainbow","Electrodynamics","Core Surge","Conserve Battery","Conserve Battery","Leap","Ball Lightning","Defragment","Heatsinks"],"special_seed":0,"relics":["Cracked Core","StoneCalendar","Bag of Preparation","Potion Belt","Orrery","Nilry\u0027s Codex"],"potions_floor_usage":[6,11],"damage_taken":[{"damage":20.0,"enemies":"Small Slimes","floor":1.0,"turns":2.0},{"damage":0.0,"enemies":"Cultist","floor":2.0,"turns":4.0},{"damage":12.0,"enemies":"Jaw Worm","floor":3.0,"turns":4.0},{"damage":16.0,"enemies":"3 Louse","floor":4.0,"turns":3.0},{"damage":18.0,"enemies":"Blue Slaver","floor":5.0,"turns":4.0},{"damage":41,"enemies":"Gremlin Nob","floor":6,"turns":4},{"damage":16,"enemies":"2 Fungi Beasts","floor":8,"turns":3},{"damage":12,"enemies":"Looter","floor":11,"turns":4},{"damage":6,"enemies":"Exordium Wildlife","floor":14,"turns":4},{"damage":5,"enemies":"The Guardian","floor":16,"turns":7},{"damage":6,"enemies":"3 Byrds","floor":18,"turns":2},{"damage":17,"enemies":"Shell Parasite","floor":20,"turns":4},{"damage":35,"enemies":"Snake Plant","floor":22,"turns":2}],"seed_played":"-6924145930078258809","potions_obtained":[{"floor":5.0,"key":"Regen Potion"},{"floor":6,"key":"Dexterity Potion"},{"floor":8,"key":"Fire Potion"},{"floor":11,"key":"LiquidBronze"},{"floor":14,"key":"Dexterity Potion"}],"is_trial":false,"path_per_floor":["M","M","M","M","M","E","R","M","T","$","M","?","$","M","R","B",null,"M","?","M","?","M"],"character_chosen":"DEFECT","items_purchased":["Capacitor"],"campfire_rested":2,"item_purchase_floors":[13],"current_hp_per_floor":[51,65,60,51,40,18,39,30,30,30,25,25,25,26,47,49,66,60,60,50,29,0],"gold":142,"neow_bonus":"TRANSFORM_TWO_CARDS","is_prod":false,"is_daily":false,"chose_seed":false,"campfire_upgraded":0,"win_rate":0,"timestamp":1562517216,"path_taken":["M","M","M","M","M","E","R","M","T","$","M","?","$","?","R","BOSS","M","?","M","?","M"],"build_version":"2019-07-05","purchased_purges":2,"victory":false,"max_hp_per_floor":[71,71,71,71,71,71,71,71,71,71,71,71,71,71,71,71,71,71,71,71,71,71],"card_choices":[{"not_picked":["Turbo","Compile Driver"],"picked":"Coolheaded","floor":1.0},{"not_picked":["Capacitor","Fusion"],"picked":"Storm","floor":2.0},{"not_picked":["Turbo","Go for the Eyes"],"picked":"Hello World","floor":3.0},{"not_picked":["Redo","Cold Snap"],"picked":"Consume","floor":4.0},{"not_picked":["Beam Cell","Streamline"],"picked":"Amplify","floor":5.0},{"not_picked":["Genetic Algorithm","Compile Driver"],"picked":"Lockon","floor":6},{"not_picked":["Force Field","Leap"],"picked":"White Noise","floor":8},{"not_picked":["Hologram","Gash"],"picked":"Cold Snap","floor":11},{"not_picked":["Go for the Eyes","Stack"],"picked":"Rainbow","floor":14},{"not_picked":["Amplify","Core Surge"],"picked":"Electrodynamics","floor":16},{"not_picked":["Sunder","Steam"],"picked":"Core Surge","floor":17},{"not_picked":["Streamline","Hello World"],"picked":"Conserve Battery","floor":17},{"not_picked":["Beam Cell","Rebound"],"picked":"Conserve Battery","floor":17},{"not_picked":["Double Energy","Sweeping Beam"],"picked":"Leap","floor":17},{"not_picked":["Beam Cell","Stack"],"picked":"Ball Lightning","floor":18},{"not_picked":["Coolheaded","Cold Snap"],"picked":"Heatsinks","floor":20}],"player_experience":5613643,"relics_obtained":[{"floor":6,"key":"StoneCalendar"},{"floor":9,"key":"Bag of Preparation"},{"floor":21,"key":"Nilry\u0027s Codex"}],"event_choices":[{"damage_healed":0,"gold_gain":0,"player_choice":"Gave Potion","damage_taken":0,"relics_obtained":["Potion Belt"],"max_hp_gain":0,"max_hp_loss":0,"event_name":"WeMeetAgain","floor":12,"gold_loss":0},{"damage_healed":0,"gold_gain":0,"player_choice":"Read","damage_taken":0,"max_hp_gain":0,"max_hp_loss":0,"event_name":"The Library","floor":19,"gold_loss":0,"cards_obtained":["Defragment"]},{"damage_healed":0,"gold_gain":0,"player_choice":"Obtained Book","damage_taken":21,"max_hp_gain":0,"max_hp_loss":0,"event_name":"Cursed Tome","floor":21,"gold_loss":0}],"is_beta":false,"boss_relics":[{"not_picked":["Black Star","White Beast Statue"],"picked":"Orrery"}],"items_purged_floors":[10,13],"is_endless":false,"potions_floor_spawned":[5,6,8,11,14],"killed_by":"Snake Plant","ascension_level":20}