{"gold_per_floor":[111,126,126,76,76,112,112,112,181,5,28,28,46,79,79,205,205,219,265,19,39,39,39,79,91,103,178,190,10,10,10,10,135,135,156,175,275,299,209,209,249,273,296,311,311,83,116,0,0,0,0,0,0,33,33],"floor_reached":55,"playtime":3402,"items_purged":["Strike_B"],"score":942,"play_id":"2931f855-d4a5-4d38-818b-ba31f28d97be","local_time":"20190725035720","is_ascension_mode":false,"campfire_choices":[{"data":"Dualcast","floor":8.0,"key":"SMITH"},{"data":"Zap","floor":12.0,"key":"SMITH"},{"data":"Barrage","floor":15.0,"key":"SMITH"},{"data":"Buffer","floor":23.0,"key":"SMITH"},{"data":"Hologram","floor":25.0,"key":"SMITH"},{"data":"Seek","floor":30.0,"key":"SMITH"},{"floor":32.0,"key":"REST"},{"floor":40.0,"key":"REST"},{"data":"Defragment","floor":45.0,"key":"SMITH"},{"floor":49.0,"key":"RECALL"},{"data":"Coolheaded","floor":52,"key":"SMITH"}],"neow_cost":"NONE","seed_source_timestamp":0,"circlet_count":0,"master_deck":["Strike_B","Defend_B","Defend_B","Defend_B+1","Defend_B","Zap+1","Dualcast+1","Conserve Battery+1","Redo+1","Melter+1","Coolheaded+1","Coolheaded","Barrage+1","Buffer+1","Defragment+1","Conserve Battery","FTL","Hologram+1","Loop","Seek+1","Electrodynamics","Skim+1","Beam Cell+1","Darkness+1","Defragment+1","Compile Driver+1","Defragment+1","Self Repair","Fusion+1"],"special_seed":0,"relics":["Cracked Core","NeowsBlessing","Golden Idol","FossilizedHelix","Mummified Hand","Sundial","Nuclear Battery","War Paint","Lantern","MawBank","Blue Candle","Tiny Chest","Dodecahedron","Runic Capacitor","Toxic Egg 2","Gremlin Horn","Medical Kit","Bag of Preparation","Red Mask","Bag of Marbles"],"potions_floor_usage":[],"damage_taken":[{"damage":0.0,"enemies":"Cultist","floor":1.0,"turns":1.0},{"damage":0.0,"enemies":"Small Slimes","floor":2.0,"turns":1.0},{"damage":0.0,"enemies":"Lagavulin","floor":6.0,"turns":1.0},{"damage":0.0,"enemies":"2 Louse","floor":11.0,"turns":2.0},{"damage":0.0,"enemies":"Red Slaver","floor":13.0,"turns":4.0},{"damage":2.0,"enemies":"3 Sentries","floor":14.0,"turns":7.0},{"damage":9.0,"enemies":"The Guardian","floor":16.0,"turns":14.0},{"damage":19.0,"enemies":"2 Thieves","floor":18.0,"turns":5.0},{"damage":0.0,"enemies":"Chosen","floor":21.0,"turns":6.0},{"damage":0.0,"enemies":"Gremlin Leader","floor":24.0,"turns":12.0},{"damage":0.0,"enemies":"Book of Stabbing","floor":27.0,"turns":7.0},{"damage":0.0,"enemies":"Automaton","floor":33.0,"turns":13.0},{"damage":0.0,"enemies":"Orb Walker","floor":35.0,"turns":3.0},{"damage":0.0,"enemies":"3 Shapes","floor":36.0,"turns":3.0},{"damage":8.0,"enemies":"3 Darklings","floor":38.0,"turns":4.0},{"damage":0.0,"enemies":"Giant Head","floor":41.0,"turns":7.0},{"damage":0.0,"enemies":"Transient","floor":42.0,"turns":5.0},{"damage":0.0,"enemies":"Spire Growth","floor":44.0,"turns":4.0},{"damage":0.0,"enemies":"Reptomancer","floor":47.0,"turns":3.0},{"damage":40,"enemies":"Awakened One","floor":50,"turns":11},{"damage":67,"enemies":"Shield and Spear","floor":54,"turns":6},{"damage":15,"enemies":"The Heart","floor":55,"turns":3}],"seed_played":"-7949337040792138265","potions_obtained":[{"floor":2.0,"key":"Fire Potion"},{"floor":13.0,"key":"GamblersBrew"},{"floor":16.0,"key":"Dexterity Potion"},{"floor":35.0,"key":"FearPotion"},{"floor":41.0,"key":"PowerPotion"},{"floor":42.0,"key":"AttackPotion"},{"floor":44.0,"key":"Ancient Potion"},{"floor":47.0,"key":"SteroidPotion"},{"floor":54,"key":"Energy Potion"}],"is_trial":false,"path_per_floor":["M","M","?","?","?","E","?","R","T","$","M","R","M","E","R","B",null,"M","T","$","M","?","R","E","R","T","E","?","$","R","T","R","B",null,"M","M","?","M","?","R","E","M","T","M","R","$","E","?","R","B",null,"R","$","E","B"],"character_chosen":"DEFECT","items_purchased":["Coolheaded","Fire Potion","Lantern","Conserve Battery","FTL","Runic Capacitor","Medical Kit","Self Repair"],"campfire_rested":2,"item_purchase_floors":[10,10,20,20,20,29,46,46],"current_hp_per_floor":[75,75,75,75,57,57,57,57,57,57,57,57,57,55,55,46,75,56,56,56,56,56,56,56,56,56,56,56,56,56,56,75,75,75,75,75,75,67,67,75,75,75,75,75,75,75,75,75,75,42,75,75,75,15,0],"gold":33,"neow_bonus":"THREE_ENEMY_KILL","is_prod":false,"is_daily":false,"chose_seed":false,"campfire_upgraded":8,"win_rate":0,"timestamp":1564019840,"path_taken":["M","?","?","?","?","E","?","R","T","$","M","R","M","E","R","BOSS","M","?","$","M","?","R","E","R","T","E","?","$","R","?","R","BOSS","M","M","?","?","?","R","E","?","T","M","R","?","E","?","R","BOSS","R","$","E","BOSS"],"build_version":"2019-07-17","purchased_purges":1,"victory":false,"max_hp_per_floor":[75,75,75,75,75,75,75,75,75,75,75,75,75,75,75,75,75,75,75,75,75,75,75,75,75,75,75,75,75,75,75,75,75,75,75,75,75,75,75,75,75,75,75,75,75,75,75,75,75,75,75,75,75,75,75],"card_choices":[{"not_picked":["Stack","Blizzard"],"picked":"Conserve Battery","floor":1.0},{"not_picked":["Aggregate","Sweeping Beam"],"picked":"Redo","floor":2.0},{"not_picked":["Gash","Chaos"],"picked":"Melter","floor":6.0},{"not_picked":["Static Discharge","Cold Snap"],"picked":"Coolheaded","floor":11.0},{"not_picked":["Static Discharge","Gash","Hyperbeam"],"picked":"SKIP","floor":13.0},{"not_picked":["Consume","Steam Power"],"picked":"Barrage","floor":14.0},{"not_picked":["Thunder Strike","Meteor Strike"],"picked":"Buffer","floor":16.0},{"not_picked":["Compile Driver","Beam Cell"],"picked":"Defragment+1","floor":18.0},{"not_picked":["Compile Driver+1","Steam"],"picked":"Hologram","floor":21.0},{"not_picked":["Ball Lightning+1","Redo+1"],"picked":"Loop","floor":24.0},{"not_picked":["Gash","Steam"],"picked":"Seek","floor":27.0},{"not_picked":["Hyperbeam","Thunder Strike"],"picked":"Electrodynamics","floor":33.0},{"not_picked":["Sweeping Beam+1","Coolheaded+1"],"picked":"Skim+1","floor":35.0},{"not_picked":["Turbo+1","Hologram+1"],"picked":"Beam Cell+1","floor":36.0},{"not_picked":["Auto Shields+1","Steam Power+1"],"picked":"Darkness+1","floor":38.0},{"not_picked":["FTL","Turbo+1"],"picked":"Defragment+1","floor":41.0},{"not_picked":["Conserve Battery+1","Coolheaded+1"],"picked":"Compile Driver+1","floor":42.0},{"not_picked":["Static Discharge+1","Storm"],"picked":"Defragment","floor":44.0},{"not_picked":["All For One","Genetic Algorithm+1","Steam Power+1"],"picked":"SKIP","floor":47.0},{"not_picked":["Ball Lightning+1","Turbo+1"],"picked":"Fusion+1","floor":54}],"player_experience":301897,"relics_obtained":[{"floor":6.0,"key":"FossilizedHelix"},{"floor":9.0,"key":"Mummified Hand"},{"floor":14.0,"key":"Sundial"},{"floor":19.0,"key":"War Paint"},{"floor":24.0,"key":"MawBank"},{"floor":26.0,"key":"Blue Candle"},{"floor":27.0,"key":"Tiny Chest"},{"floor":31.0,"key":"Toxic Egg 2"},{"floor":41.0,"key":"Gremlin Horn"},{"floor":47.0,"key":"Bag of Preparation"},{"floor":54,"key":"Bag of Marbles"}],"event_choices":[{"damage_healed":0.0,"max_hp_gain":0.0,"max_hp_loss":0.0,"gold_gain":0.0,"event_name":"Living Wall","player_choice":"Grow","floor":3.0,"gold_loss":0.0,"damage_taken":0.0,"cards_upgraded":["Conserve Battery"]},{"cards_removed":["Strike_B"],"damage_healed":0.0,"max_hp_gain":0.0,"max_hp_loss":0.0,"gold_gain":0.0,"event_name":"The Cleric","player_choice":"Card Removal","floor":4.0,"gold_loss":50.0,"damage_taken":0.0},{"damage_healed":0.0,"max_hp_gain":0.0,"max_hp_loss":0.0,"gold_gain":0.0,"event_name":"Golden Idol","player_choice":"Take Damage","floor":5.0,"gold_loss":0.0,"damage_taken":18.0,"relics_obtained":["Golden Idol"]},{"damage_healed":0.0,"max_hp_gain":0.0,"max_hp_loss":0.0,"gold_gain":0.0,"event_name":"NoteForYourself","player_choice":"Ignored","floor":7.0,"gold_loss":0.0,"damage_taken":0.0},{"cards_removed":["Strike_B"],"damage_healed":0.0,"max_hp_gain":0.0,"max_hp_loss":0.0,"gold_gain":0.0,"event_name":"Back to Basics","player_choice":"Elegance","floor":22.0,"gold_loss":0.0,"damage_taken":0.0},{"damage_healed":0.0,"max_hp_gain":0.0,"max_hp_loss":0.0,"gold_gain":0.0,"event_name":"The Mausoleum","player_choice":"Opened","floor":28.0,"gold_loss":0.0,"damage_taken":0.0,"relics_obtained":["Dodecahedron"],"cards_obtained":["Writhe"]},{"damage_healed":0.0,"max_hp_gain":0.0,"max_hp_loss":0.0,"gold_gain":100.0,"event_name":"Golden Shrine","player_choice":"Pray","floor":37.0,"gold_loss":0.0,"damage_taken":0.0},{"cards_removed":["Writhe"],"damage_healed":0.0,"max_hp_gain":0.0,"max_hp_loss":0.0,"gold_gain":0.0,"event_name":"Designer","player_choice":"Upgrade and Remove","floor":39.0,"gold_loss":90.0,"damage_taken":0.0,"cards_upgraded":["Melter"]},{"damage_healed":0.0,"max_hp_gain":0.0,"max_hp_loss":0.0,"gold_gain":0.0,"event_name":"Tomb of Lord Red Mask","player_choice":"Paid","floor":48.0,"gold_loss":116.0,"damage_taken":0.0,"relics_obtained":["Red Mask"]}],"is_beta":false,"boss_relics":[{"not_picked":["Astrolabe","Eternal Feather"],"picked":"Nuclear Battery"},{"not_picked":["Calling Bell","Snecko Eye","Velvet Choker"]}],"items_purged_floors":[10],"is_endless":false,"potions_floor_spawned":[2,13,16,35,41,42,44,47,54],"killed_by":"The Heart","ascension_level":0}