{"gold_per_floor":[111,111,186,186,199,199,229,249,249,22,39,39,39,49,49,49],"floor_reached":16,"playtime":404,"items_purged":[],"score":105,"play_id":"9b38a77a-d3b6-4374-8132-d17874439cb6","local_time":"20190720172631","is_ascension_mode":true,"campfire_choices":[{"floor":6,"key":"RECALL"},{"floor":12,"key":"REST"},{"floor":15,"key":"REST"}],"neow_cost":"NONE","seed_source_timestamp":862094129350600,"circlet_count":0,"master_deck":["Strike_B","Strike_B","Strike_B","Defend_B","Defend_B","Defend_B","Zap","Dualcast","Blizzard","Turbo","FTL","Doom and Gloom","Self Repair","Heatsinks","Sunder","Double Energy","Double Energy","Defragment"],"relics":["Cracked Core","Darkstone Periapt","Shuriken"],"potions_floor_usage":[7,16],"damage_taken":[{"damage":5,"enemies":"Small Slimes","floor":1,"turns":3},{"damage":5,"enemies":"2 Louse","floor":5,"turns":2},{"damage":16,"enemies":"Lagavulin","floor":7,"turns":6},{"damage":1,"enemies":"Jaw Worm","floor":8,"turns":3},{"damage":11,"enemies":"Red Slaver","floor":11,"turns":3},{"damage":9,"enemies":"2 Fungi Beasts","floor":14,"turns":3},{"damage":68,"enemies":"Hexaghost","floor":16,"turns":7}],"seed_played":"8254234848349455523","potions_obtained":[{"floor":1,"key":"PowerPotion"},{"floor":11,"key":"LiquidBronze"}],"is_trial":false,"path_per_floor":["M","?","?","?","M","R","E","M","T","$","M","R","?","M","R","B"],"character_chosen":"DEFECT","items_purchased":["Heatsinks","Sunder","Double Energy"],"campfire_rested":2,"item_purchase_floors":[10,10,10],"current_hp_per_floor":[77,59,48,48,43,43,27,26,26,26,22,46,46,44,68,0],"gold":49,"neow_bonus":"TEN_PERCENT_HP_BONUS","is_prod":false,"is_daily":false,"chose_seed":false,"campfire_upgraded":0,"win_rate":0,"timestamp":1563661591,"path_taken":["M","?","?","?","M","R","E","?","T","?","M","R","?","M","R","BOSS"],"build_version":"2019-07-17","purchased_purges":0,"victory":false,"max_hp_per_floor":[82,82,82,82,82,82,82,82,82,82,82,82,82,82,82,82],"card_choices":[{"not_picked":["Stack","Ball Lightning"],"picked":"Blizzard","floor":1},{"not_picked":["Auto Shields","Beam Cell"],"picked":"FTL","floor":5},{"not_picked":["Turbo","Redo"],"picked":"Doom and Gloom","floor":7},{"not_picked":["Turbo","Biased Cognition"],"picked":"Self Repair","floor":8},{"not_picked":["Ball Lightning","Chaos"],"picked":"Double Energy","floor":11},{"not_picked":["Sunder","Barrage"],"picked":"Defragment","floor":14}],"player_experience":120489,"relics_obtained":[{"floor":7,"key":"Shuriken"}],"event_choices":[{"damage_healed":0,"gold_gain":0,"player_choice":"Success","damage_taken":18,"relics_obtained":["Darkstone Periapt"],"max_hp_gain":0,"max_hp_loss":0,"event_name":"Scrap Ooze","floor":2,"gold_loss":0},{"damage_healed":0,"gold_gain":75,"player_choice":"Gather Gold","damage_taken":11,"max_hp_gain":0,"max_hp_loss":0,"event_name":"World of Goop","floor":3,"gold_loss":0},{"damage_healed":0,"gold_gain":0,"cards_transformed":["Strike_B"],"player_choice":"Change","damage_taken":0,"max_hp_gain":0,"max_hp_loss":0,"event_name":"Living Wall","floor":4,"gold_loss":0,"cards_obtained":["Turbo"]},{"cards_removed":["Defend_B"],"damage_healed":0,"gold_gain":0,"player_choice":"Purged","damage_taken":0,"max_hp_gain":0,"max_hp_loss":0,"event_name":"Purifier","floor":13,"gold_loss":0}],"is_beta":false,"boss_relics":[],"items_purged_floors":[],"is_endless":false,"potions_floor_spawned":[1,11],"killed_by":"Hexaghost","ascension_level":1}