{"gold_per_floor":[110,120,120,120,120,155,171,171,171,171,198,213,233,233],"floor_reached":14,"playtime":296,"items_purged":[],"score":250,"play_id":"fc37956b-6e3b-4468-b5ac-93676bec3a13","local_time":"20190401001258","is_ascension_mode":true,"campfire_choices":[{"data":"Neutralize","floor":8,"key":"SMITH"},{"floor":10,"key":"REST"}],"neow_cost":"NONE","seed_source_timestamp":1556769916868300,"circlet_count":0,"master_deck":["AscendersBane","Defend_G","Defend_G","Defend_G","Defend_G","Defend_G","Strike_G","Strike_G","Strike_G","Strike_G","Survivor","Neutralize+1","Flying Knee","Flying Knee","Terror","Cloak And Dagger","Skewer","Tactician","Backflip"],"relics":["Ring of the Snake","NeowsBlessing","Matryoshka","Letter Opener","Vajra","Question Card","Unceasing Top"],"potions_floor_usage":[11],"damage_taken":[{"damage":0,"enemies":"Small Slimes","floor":1,"turns":1},{"damage":0,"enemies":"2 Louse","floor":2,"turns":1},{"damage":0,"enemies":"3 Sentries","floor":6,"turns":1},{"damage":0,"enemies":"Jaw Worm","floor":7,"turns":3},{"damage":3,"enemies":"Gremlin Nob","floor":11,"turns":3},{"damage":14,"enemies":"3 Louse","floor":12,"turns":4},{"damage":18,"enemies":"Exordium Thugs","floor":13,"turns":5},{"damage":26,"enemies":"Lagavulin","floor":14,"turns":7}],"seed_played":"-7729632803121641926","potions_obtained":[{"floor":7,"key":"AttackPotion"},{"floor":12,"key":"Ancient Potion"}],"is_trial":false,"path_per_floor":["M","M","?","?","?","E","M","R","T","R","E","M","M","E"],"character_chosen":"THE_SILENT","items_purchased":[],"campfire_rested":1,"item_purchase_floors":[],"current_hp_per_floor":[59,59,64,57,39,39,39,39,39,60,57,43,25,0],"gold":233,"neow_bonus":"THREE_ENEMY_KILL","is_prod":false,"is_daily":false,"chose_seed":false,"campfire_upgraded":1,"win_rate":0,"timestamp":1554045178,"path_taken":["M","M","?","?","?","E","M","R","T","R","E","M","M","E"],"build_version":"2019-01-23","purchased_purges":0,"victory":false,"max_hp_per_floor":[66,66,71,71,71,71,71,71,71,71,71,71,71,71],"card_choices":[{"not_picked":["Dodge and Roll","PiercingWail"],"picked":"Flying Knee","floor":1},{"not_picked":["Accuracy","PiercingWail"],"picked":"Flying Knee","floor":2},{"not_picked":["Blade Dance","Setup"],"picked":"Terror","floor":6},{"not_picked":["Sucker Punch","Terror"],"picked":"Cloak And Dagger","floor":7},{"not_picked":["Venomology","Bane","Deadly Poison"],"picked":"Skewer","floor":11},{"not_picked":["Flying Knee","Predator","Expertise"],"picked":"Tactician","floor":12},{"not_picked":["Backflip","Sucker Punch","Leg Sweep","Caltrops"],"picked":"SKIP","floor":13},{"not_picked":["Sucker Punch","Leg Sweep","Caltrops"],"picked":"Backflip","floor":13}],"player_experience":4670733,"relics_obtained":[{"floor":6,"key":"Letter Opener"},{"floor":9,"key":"Vajra"},{"floor":9,"key":"Question Card"},{"floor":11,"key":"Unceasing Top"}],"event_choices":[{"damage_healed":0,"gold_gain":0,"player_choice":"Donut","damage_taken":0,"max_hp_gain":5,"max_hp_loss":0,"event_name":"Big Fish","floor":3,"gold_loss":0},{"cards_removed":["Strike_G"],"damage_healed":0,"gold_gain":0,"player_choice":"Card Removal","damage_taken":7,"max_hp_gain":0,"max_hp_loss":0,"event_name":"Golden Wing","floor":4,"gold_loss":0},{"damage_healed":0,"gold_gain":0,"player_choice":"Success","damage_taken":18,"relics_obtained":["Matryoshka"],"max_hp_gain":0,"max_hp_loss":0,"event_name":"Scrap Ooze","floor":5,"gold_loss":0}],"is_beta":false,"boss_relics":[],"items_purged_floors":[],"is_endless":false,"potions_floor_spawned":[7,12],"killed_by":"Lagavulin","ascension_level":20}