{"gold_per_floor":[112,128,138,138,149,149,119,144,144,144,176,15,34,45,45,122,122,142,142,168,218,89,116,133,133,186,82,140,140,90,118,118,195,195,208,225,447,53,153,153,188,200,200,211,211,238,238,249,249,249,249,249,249,38,69,69],"floor_reached":56,"playtime":2700,"items_purged":["Strike_B","Strike_B","Strike_B","Defend_B","Hyperbeam+1"],"score":2117,"play_id":"93bf64a1-e95e-4bc7-b6c5-e2967b831836","local_time":"20190622013836","is_ascension_mode":true,"campfire_choices":[{"data":"Hyperbeam","floor":6.0,"key":"SMITH"},{"data":"Barrage","floor":10.0,"key":"SMITH"},{"data":"White Noise","floor":15.0,"key":"SMITH"},{"data":"Double Energy","floor":25.0,"key":"SMITH"},{"data":"Dualcast","floor":29.0,"key":"SMITH"},{"data":"Darkness","floor":32.0,"key":"SMITH"},{"data":"Undo","floor":40.0,"key":"SMITH"},{"floor":45.0,"key":"RECALL"},{"data":"Skim","floor":47.0,"key":"SMITH"},{"data":"Conserve Battery","floor":49.0,"key":"SMITH"},{"data":"Multi-Cast","floor":53.0,"key":"SMITH"}],"neow_cost":"NONE","seed_source_timestamp":281716509260600,"circlet_count":0,"master_deck":["AscendersBane","Defend_B","Defend_B+1","Defend_B","Zap","Dualcast+1","Double Energy+1","Cold Snap","Barrage+1","Conserve Battery+1","Chill+1","FTL","Undo+1","White Noise+1","Rainbow","Clumsy","FTL","Self Repair+1","Coolheaded","Multi-Cast+1","Compile Driver","Darkness+1","Echo Form+1","Hologram","Skim+1","Loop+1","Hologram+1"],"special_seed":0,"relics":["Cracked Core","Omamori","War Paint","Meat on the Bone","PreservedInsect","Calling Bell","Bag of Preparation","Frozen Egg 2","Ice Cream","Red Mask","StoneCalendar","Smiling Mask","Tiny Chest","Darkstone Periapt","Philosopher\u0027s Stone","Calipers","Turnip","Happy Flower","Bottled Tornado","Strawberry","Orichalcum"],"potions_floor_usage":[55,56],"damage_taken":[{"damage":0.0,"enemies":"2 Louse","floor":1.0,"turns":2.0},{"damage":2.0,"enemies":"Small Slimes","floor":2.0,"turns":3.0},{"damage":0.0,"enemies":"Cultist","floor":3.0,"turns":2.0},{"damage":5.0,"enemies":"3 Louse","floor":5.0,"turns":5.0},{"damage":24.0,"enemies":"Lagavulin","floor":8.0,"turns":6.0},{"damage":1.0,"enemies":"Gremlin Nob","floor":11.0,"turns":3.0},{"damage":0.0,"enemies":"2 Fungi Beasts","floor":13.0,"turns":1.0},{"damage":4.0,"enemies":"Blue Slaver","floor":14.0,"turns":3.0},{"damage":0.0,"enemies":"The Guardian","floor":16.0,"turns":13.0},{"damage":18.0,"enemies":"Chosen","floor":18.0,"turns":6.0},{"damage":35.0,"enemies":"Masked Bandits","floor":20.0,"turns":5.0},{"damage":25.0,"enemies":"Book of Stabbing","floor":23.0,"turns":5.0},{"damage":0.0,"enemies":"Shell Parasite","floor":24.0,"turns":7.0},{"damage":10.0,"enemies":"Slavers","floor":28.0,"turns":3.0},{"damage":0.0,"enemies":"Gremlin Leader","floor":31.0,"turns":5.0},{"damage":5.0,"enemies":"Collector","floor":33.0,"turns":4.0},{"damage":10.0,"enemies":"Orb Walker","floor":35.0,"turns":4.0},{"damage":16.0,"enemies":"3 Darklings","floor":36.0,"turns":5.0},{"damage":41.0,"enemies":"Mind Bloom Boss Battle","floor":39.0,"turns":5.0},{"damage":0.0,"enemies":"Giant Head","floor":41.0,"turns":7.0},{"damage":0.0,"enemies":"4 Shapes","floor":42.0,"turns":4.0},{"damage":11.0,"enemies":"Spire Growth","floor":44.0,"turns":4.0},{"damage":1.0,"enemies":"Nemesis","floor":46.0,"turns":7.0},{"damage":0.0,"enemies":"3 Darklings","floor":48.0,"turns":2.0},{"damage":68.0,"enemies":"Awakened One","floor":50.0,"turns":17.0},{"damage":14.0,"enemies":"Time Eater","floor":51.0,"turns":11.0},{"damage":50,"enemies":"Shield and Spear","floor":55,"turns":8},{"damage":58,"enemies":"The Heart","floor":56,"turns":3}],"seed_played":"-8605291414775652166","potions_obtained":[{"floor":2.0,"key":"EssenceOfSteel"},{"floor":3.0,"key":"SpeedPotion"},{"floor":5.0,"key":"GamblersBrew"},{"floor":7.0,"key":"Fruit Juice"},{"floor":7.0,"key":"Explosive Potion"},{"floor":13.0,"key":"Poison Potion"},{"floor":14.0,"key":"Poison Potion"},{"floor":18.0,"key":"Dexterity Potion"},{"floor":33.0,"key":"Ancient Potion"},{"floor":36.0,"key":"LiquidBronze"},{"floor":46.0,"key":"FocusPotion"}],"is_trial":false,"path_per_floor":["M","M","M","?","M","R","?","E","T","R","E","$","M","M","R","B",null,"M","?","?","?","$","E","M","R","T","$","E","R","$","E","R","B",null,"M","M","?","$","?","R","E","M","T","M","R","E","R","M","R","B","B",null,"R","$","E","B"],"character_chosen":"DEFECT","items_purchased":["PreservedInsect","Coolheaded","Swift Potion","Calipers","Strawberry"],"campfire_rested":0,"item_purchase_floors":[12,22,27,38,54],"current_hp_per_floor":[64,62,62,55,50,50,55,31,31,31,30,30,42,50,50,50,70,52,52,29,29,29,16,38,38,38,38,50,50,50,60,60,55,71,71,75,75,75,66,66,76,76,76,75,75,76,76,76,76,20,38,67,67,74,56,0],"gold":69,"neow_bonus":"THREE_CARDS","is_prod":false,"is_daily":false,"chose_seed":false,"campfire_upgraded":10,"win_rate":0,"timestamp":1561135116,"path_taken":["M","M","M","?","M","R","?","E","T","R","E","$","M","M","R","BOSS","M","?","?","?","?","E","?","R","T","$","E","R","?","E","R","BOSS","M","M","?","$","?","R","E","M","T","M","R","E","R","M","R","BOSS","BOSS","R","$","E","BOSS"],"build_version":"2019-01-23","purchased_purges":5,"victory":false,"max_hp_per_floor":[71,71,71,71,71,71,76,76,76,76,76,76,76,76,76,76,76,76,76,76,76,76,76,76,76,76,76,76,76,76,76,76,76,76,76,76,76,76,76,76,76,76,76,76,76,76,76,76,76,76,76,76,76,83,83,83],"card_choices":[{"not_picked":["Stack","Turbo"],"picked":"Double Energy","floor":0.0},{"not_picked":["Barrage","Fusion"],"picked":"Cold Snap","floor":1.0},{"not_picked":["Turbo","Hologram"],"picked":"Barrage","floor":2.0},{"not_picked":["Sweeping Beam","Compile Driver"],"picked":"Conserve Battery","floor":3.0},{"not_picked":["Ball Lightning","Stack"],"picked":"Hyperbeam","floor":5.0},{"not_picked":["Storm","Static Discharge"],"picked":"Chill","floor":8.0},{"not_picked":["Force Field","Machine Learning"],"picked":"FTL","floor":11.0},{"not_picked":["Beam Cell","Leap"],"picked":"Undo","floor":13.0},{"not_picked":["Rebound","Gash"],"picked":"White Noise","floor":14.0},{"not_picked":["Reboot","Seek"],"picked":"Rainbow","floor":16.0},{"not_picked":["Sweeping Beam","Gash"],"picked":"FTL","floor":18.0},{"not_picked":["Rebound","Blizzard"],"picked":"Self Repair+1","floor":20.0},{"not_picked":["Sweeping Beam","Beam Cell+1"],"picked":"Multi-Cast","floor":23.0},{"not_picked":["Steam Power","Rip and Tear+1"],"picked":"Compile Driver","floor":24.0},{"not_picked":["Consume","Go for the Eyes+1"],"picked":"Darkness","floor":28.0},{"not_picked":["Blizzard","Scrape","Barrage"],"picked":"SKIP","floor":31.0},{"not_picked":["Blizzard","Scrape","Barrage"],"picked":"SKIP","floor":31.0},{"not_picked":["Blizzard","Scrape","Barrage"],"picked":"SKIP","floor":31.0},{"not_picked":["Rainbow","All For One"],"picked":"Echo Form+1","floor":33.0},{"not_picked":["Rebound","Genetic Algorithm","Gash"],"picked":"SKIP","floor":35.0},{"not_picked":["Go for the Eyes","Streamline","Compile Driver"],"picked":"SKIP","floor":36.0},{"not_picked":["Reprogram","Sunder"],"picked":"Hologram","floor":39.0},{"not_picked":["Static Discharge+1","FTL","Gash+1"],"picked":"SKIP","floor":41.0},{"not_picked":["Steam Power","Redo"],"picked":"Skim","floor":42.0},{"not_picked":["Turbo","Amplify","Gash"],"picked":"SKIP","floor":44.0},{"not_picked":["Electrodynamics+1","Gash"],"picked":"Loop+1","floor":46.0},{"not_picked":["BootSequence","Coolheaded"],"picked":"Hologram+1","floor":48.0},{"not_picked":["Cold Snap+1","Melter","Stack+1"],"picked":"SKIP","floor":55}],"player_experience":5441672,"relics_obtained":[{"floor":8.0,"key":"Omamori"},{"floor":9.0,"key":"War Paint"},{"floor":11.0,"key":"Meat on the Bone"},{"floor":17.0,"key":"Bag of Preparation"},{"floor":17.0,"key":"Frozen Egg 2"},{"floor":17.0,"key":"Ice Cream"},{"floor":20.0,"key":"Red Mask"},{"floor":23.0,"key":"StoneCalendar"},{"floor":26.0,"key":"Smiling Mask"},{"floor":28.0,"key":"Tiny Chest"},{"floor":31.0,"key":"Darkstone Periapt"},{"floor":39.0,"key":"Turnip"},{"floor":41.0,"key":"Happy Flower"},{"floor":46.0,"key":"Bottled Tornado"},{"floor":55,"key":"Orichalcum"}],"event_choices":[{"cards_removed":["Strike_B"],"damage_healed":0.0,"max_hp_gain":0.0,"max_hp_loss":0.0,"gold_gain":0.0,"event_name":"Golden Wing","player_choice":"Card Removal","floor":4.0,"gold_loss":0.0,"damage_taken":7.0},{"damage_healed":0.0,"max_hp_gain":0.0,"max_hp_loss":0.0,"gold_gain":0.0,"event_name":"The Woman in Blue","player_choice":"Bought 2 Potions","floor":7.0,"gold_loss":0.0,"damage_taken":0.0},{"damage_healed":0.0,"max_hp_gain":0.0,"max_hp_loss":0.0,"gold_gain":0.0,"event_name":"Ghosts","player_choice":"Ignored","floor":19.0,"gold_loss":0.0,"damage_taken":0.0},{"damage_healed":0.0,"max_hp_gain":0.0,"max_hp_loss":0.0,"gold_gain":0.0,"event_name":"Masked Bandits","player_choice":"Fought Bandits","floor":20.0,"gold_loss":0.0,"damage_taken":0.0},{"damage_healed":0.0,"max_hp_gain":0.0,"max_hp_loss":0.0,"gold_gain":50.0,"event_name":"Nest","player_choice":"Stole From Cult","floor":21.0,"gold_loss":0.0,"damage_taken":0.0},{"damage_healed":0.0,"max_hp_gain":0.0,"max_hp_loss":0.0,"gold_gain":222.0,"event_name":"Tomb of Lord Red Mask","player_choice":"Wore Mask","floor":37.0,"gold_loss":0.0,"damage_taken":0.0},{"damage_healed":0.0,"max_hp_gain":0.0,"max_hp_loss":0.0,"gold_gain":0.0,"event_name":"MindBloom","player_choice":"Fight","floor":39.0,"gold_loss":0.0,"damage_taken":0.0}],"is_beta":false,"boss_relics":[{"not_picked":["Runic Pyramid","Fusion Hammer"],"picked":"Calling Bell"},{"not_picked":["Velvet Choker","Astrolabe"],"picked":"Philosopher\u0027s Stone"}],"items_purged_floors":[22,27,30,38,54],"is_endless":false,"potions_floor_spawned":[2,3,5,13,14,18,33,36,46],"killed_by":"The Heart","ascension_level":20}