{"gold_per_floor":[19,19,31,31,106,139,139,139,139,139,139],"floor_reached":11,"playtime":186,"items_purged":[],"score":138,"play_id":"3540a34b-99e3-4260-8ccb-2e9c3ff399b8","local_time":"20190701011623","is_ascension_mode":true,"campfire_choices":[{"floor":8,"key":"REST"},{"data":"Masterful Stab","floor":10,"key":"SMITH"}],"neow_cost":"NO_GOLD","seed_source_timestamp":1060870121986900,"circlet_count":0,"master_deck":["AscendersBane","Defend_G","Defend_G","Defend_G","Defend_G","Strike_G","Strike_G","Strike_G","Survivor","Neutralize","Masterful Stab+1","Poisoned Stab","Parasite"],"relics":["Ring of the Snake","Snake Skull","Mummified Hand"],"potions_floor_usage":[6],"damage_taken":[{"damage":4,"enemies":"Cultist","floor":1,"turns":6},{"damage":2,"enemies":"Jaw Worm","floor":3,"turns":3},{"damage":33,"enemies":"Lagavulin","floor":6,"turns":9},{"damage":32,"enemies":"3 Sentries","floor":11,"turns":8}],"seed_played":"1611852917498926430","potions_obtained":[{"floor":1,"key":"SpeedPotion"}],"is_trial":false,"path_per_floor":["M","$","M","?","?","E","?","R","T","R","E"],"character_chosen":"THE_SILENT","items_purchased":[],"campfire_rested":1,"item_purchase_floors":[],"current_hp_per_floor":[55,55,53,46,35,2,18,37,37,37,5],"gold":139,"neow_bonus":"REMOVE_TWO","is_prod":false,"is_daily":false,"chose_seed":false,"campfire_upgraded":1,"win_rate":0,"timestamp":1561911383,"path_taken":["M","?","M","?","?","E","?","R","T","R","E"],"build_version":"2019-01-23","purchased_purges":0,"victory":false,"max_hp_per_floor":[66,66,66,66,66,66,66,66,66,66,66],"card_choices":[{"not_picked":["Bouncing Flask","Bane"],"picked":"Masterful Stab","floor":1},{"not_picked":["Slice","Caltrops"],"picked":"Poisoned Stab","floor":3},{"not_picked":["Riddle With Holes","Underhanded Strike","Dagger Spray"],"picked":"SKIP","floor":6}],"player_experience":5538317,"relics_obtained":[{"floor":6,"key":"Snake Skull"},{"floor":9,"key":"Mummified Hand"}],"event_choices":[{"cards_removed":["Strike_G"],"damage_healed":0,"gold_gain":0,"player_choice":"Card Removal","damage_taken":7,"max_hp_gain":0,"max_hp_loss":0,"event_name":"Golden Wing","floor":4,"gold_loss":0},{"damage_healed":0,"gold_gain":75,"player_choice":"Gather Gold","damage_taken":11,"max_hp_gain":0,"max_hp_loss":0,"event_name":"World of Goop","floor":5,"gold_loss":0},{"damage_healed":16,"gold_gain":0,"player_choice":"Healed and dodged fight","damage_taken":0,"max_hp_gain":0,"max_hp_loss":0,"event_name":"Mushrooms","floor":7,"gold_loss":0,"cards_obtained":["Parasite"]}],"is_beta":false,"boss_relics":[],"items_purged_floors":[],"is_endless":false,"potions_floor_spawned":[1],"killed_by":"3 Sentries","ascension_level":20}