{"gold_per_floor":[111,111,131,21,38,72,87,87,160,180,210,160,185,199,199,295,295,307,340,340,353,373,401,37,48,73,87,101,126,151,163,163,260,260,279,379,394,412,412,447,447,457,457,202,202],"floor_reached":45,"playtime":2614,"items_purged":["Strike_R","Defend_R"],"score":587,"play_id":"e4318eb1-d975-4067-bedf-31aac41a3b74","local_time":"20190724234845","is_ascension_mode":true,"campfire_choices":[{"floor":8,"key":"RECALL"},{"floor":15,"key":"REST"},{"floor":32,"key":"REST"},{"data":"Flex","floor":41,"key":"SMITH"}],"neow_cost":"NONE","seed_source_timestamp":1228421608617600,"circlet_count":0,"master_deck":["Strike_R","Strike_R+1","Defend_R","Defend_R","Bash","Power Through","Feel No Pain","Metallicize","Inflame","Infernal Blade","Immolate+1","Body Slam","Armaments","Blood for Blood","Flame Barrier","Barricade","Flame Barrier","Rage+1","Wild Strike","Hemokinesis","Twin Strike+1","Carnage","Inflame","Spot Weakness","Immolate","Flex+1","Offering","Body Slam+1","Fiend Fire","Armaments+1"],"relics":["Burning Blood","Pocketwatch","Gremlin Horn","Whetstone","Red Skull","Mark of Pain","Red Mask","Dodecahedron","Ginger","Bag of Preparation","Self Forming Clay","Black Star","Magic Flower","Gambling Chip","Omamori","Ice Cream","Pen Nib"],"potions_floor_usage":[6,10,11,33,33,40,40,45],"damage_taken":[{"damage":12,"enemies":"Small Slimes","floor":1,"turns":3},{"damage":5,"enemies":"Cultist","floor":3,"turns":4},{"damage":10,"enemies":"Jaw Worm","floor":5,"turns":4},{"damage":27,"enemies":"Gremlin Nob","floor":6,"turns":5},{"damage":13,"enemies":"Large Slime","floor":7,"turns":6},{"damage":8,"enemies":"Blue Slaver","floor":10,"turns":5},{"damage":10,"enemies":"Lagavulin","floor":11,"turns":6},{"damage":19,"enemies":"3 Sentries","floor":13,"turns":3},{"damage":5,"enemies":"Exordium Wildlife","floor":14,"turns":2},{"damage":23,"enemies":"Slime Boss","floor":16,"turns":8},{"damage":0,"enemies":"Chosen","floor":18,"turns":5},{"damage":32,"enemies":"Masked Bandits","floor":19,"turns":5},{"damage":11,"enemies":"2 Thieves","floor":21,"turns":3},{"damage":3,"enemies":"Cultist and Chosen","floor":22,"turns":4},{"damage":33,"enemies":"Book of Stabbing","floor":23,"turns":8},{"damage":3,"enemies":"Centurion and Healer","floor":25,"turns":3},{"damage":10,"enemies":"Snecko","floor":27,"turns":5},{"damage":17,"enemies":"Snake Plant","floor":28,"turns":5},{"damage":8,"enemies":"Slavers","floor":30,"turns":3},{"damage":13,"enemies":"Centurion and Healer","floor":31,"turns":3},{"damage":3,"enemies":"Champ","floor":33,"turns":12},{"damage":27,"enemies":"3 Darklings","floor":35,"turns":4},{"damage":25,"enemies":"Mind Bloom Boss Battle","floor":36,"turns":7},{"damage":21,"enemies":"Orb Walker","floor":37,"turns":5},{"damage":20,"enemies":"Maw","floor":38,"turns":7},{"damage":59,"enemies":"Giant Head","floor":40,"turns":8},{"damage":12,"enemies":"4 Shapes","floor":42,"turns":5},{"damage":28,"enemies":"Transient","floor":45,"turns":2}],"seed_played":"-8043689538799267377","potions_obtained":[{"floor":1,"key":"FairyPotion"},{"floor":5,"key":"Explosive Potion"},{"floor":7,"key":"EssenceOfSteel"},{"floor":10,"key":"Fruit Juice"},{"floor":18,"key":"Energy Potion"},{"floor":21,"key":"Ancient Potion"},{"floor":37,"key":"LiquidBronze"},{"floor":38,"key":"Poison Potion"},{"floor":42,"key":"Dexterity Potion"}],"is_trial":false,"path_per_floor":["M","?","M","$","M","E","M","R","T","M","E","$","E","M","R","B",null,"M","?","?","M","M","E","$","M","T","M","M","T","E","M","R","B",null,"M","?","M","M","?","E","R","M","T","$","M"],"character_chosen":"IRONCLAD","items_purchased":["Metallicize","Armaments","Ginger","Inflame","Pen Nib"],"campfire_rested":2,"item_purchase_floors":[4,12,24,24,44],"current_hp_per_floor":[82,82,83,83,79,58,51,51,51,54,50,50,37,38,65,48,93,93,67,67,62,65,38,38,41,41,37,26,26,24,17,44,47,93,72,53,41,30,30,23,23,20,20,20,0],"gold":202,"neow_bonus":"TEN_PERCENT_HP_BONUS","is_prod":false,"is_daily":false,"chose_seed":false,"campfire_upgraded":1,"win_rate":0,"timestamp":1564030125,"path_taken":["M","?","?","?","M","E","?","R","T","M","E","$","E","M","R","BOSS","M","?","?","M","M","E","$","M","T","M","M","?","E","?","R","BOSS","M","?","M","M","?","E","R","M","T","?","M"],"build_version":"2019-07-17","purchased_purges":2,"victory":false,"max_hp_per_floor":[88,88,88,88,88,88,88,88,88,93,93,93,93,93,93,93,93,93,93,93,93,93,93,93,93,93,93,93,93,93,93,93,93,93,93,93,93,93,93,93,93,93,93,93,93],"card_choices":[{"not_picked":["Thunderclap","Intimidate"],"picked":"Power Through","floor":1},{"not_picked":["Thunderclap","Wild Strike"],"picked":"Feel No Pain","floor":3},{"not_picked":["Wild Strike","Havoc"],"picked":"Inflame","floor":5},{"not_picked":["Evolve","Twin Strike"],"picked":"Infernal Blade","floor":6},{"not_picked":["Headbutt","Power Through"],"picked":"Immolate","floor":7},{"not_picked":["Reckless Charge","Havoc","Cleave"],"picked":"SKIP","floor":10},{"not_picked":["Shrug It Off","Corruption"],"picked":"Body Slam","floor":11},{"not_picked":["Sword Boomerang","Body Slam"],"picked":"Blood for Blood","floor":13},{"not_picked":["Sword Boomerang","Shrug It Off"],"picked":"Flame Barrier","floor":14},{"not_picked":["Dark Embrace","Juggernaut"],"picked":"Barricade","floor":16},{"not_picked":["Clothesline","Anger"],"picked":"Flame Barrier","floor":18},{"not_picked":["Clash","Dropkick"],"picked":"Rage+1","floor":19},{"not_picked":["Cleave","Sword Boomerang","Clothesline"],"picked":"SKIP","floor":21},{"not_picked":["Brutality","Cleave"],"picked":"Twin Strike+1","floor":22},{"not_picked":["Heavy Blade","Sentinel"],"picked":"Carnage","floor":23},{"not_picked":["Perfected Strike","Shrug It Off","Armaments"],"picked":"SKIP","floor":25},{"not_picked":["Havoc+1","Fiend Fire"],"picked":"Spot Weakness","floor":27},{"not_picked":["Armaments","Heavy Blade","Perfected Strike"],"picked":"SKIP","floor":28},{"not_picked":["Feel No Pain","Headbutt"],"picked":"Immolate","floor":30},{"not_picked":["Clash","Wild Strike"],"picked":"Flex","floor":31},{"not_picked":["Fiend Fire","Exhume"],"picked":"Offering","floor":33},{"not_picked":["Intimidate+1","Thunderclap"],"picked":"Body Slam+1","floor":35},{"not_picked":["Clash","Headbutt+1","Sword Boomerang"],"picked":"SKIP","floor":37},{"not_picked":["Twin Strike+1","Rampage","Iron Wave"],"picked":"SKIP","floor":38},{"not_picked":["Feel No Pain","Headbutt+1"],"picked":"Fiend Fire","floor":40},{"not_picked":["Rampage","Hemokinesis+1"],"picked":"Armaments+1","floor":42}],"player_experience":176984,"relics_obtained":[{"floor":6,"key":"Pocketwatch"},{"floor":9,"key":"Gremlin Horn"},{"floor":11,"key":"Whetstone"},{"floor":13,"key":"Red Skull"},{"floor":19,"key":"Red Mask"},{"floor":23,"key":"Dodecahedron"},{"floor":29,"key":"Bag of Preparation"},{"floor":30,"key":"Self Forming Clay"},{"floor":36,"key":"Magic Flower"},{"floor":40,"key":"Gambling Chip"},{"floor":40,"key":"Omamori"},{"floor":43,"key":"Ice Cream"}],"event_choices":[{"damage_healed":0,"gold_gain":0,"player_choice":"Ignored","damage_taken":0,"max_hp_gain":0,"max_hp_loss":0,"event_name":"NoteForYourself","floor":2,"gold_loss":0},{"damage_healed":0,"gold_gain":0,"player_choice":"Fought Bandits","damage_taken":0,"max_hp_gain":0,"max_hp_loss":0,"event_name":"Masked Bandits","floor":19,"gold_loss":0},{"damage_healed":0,"gold_gain":0,"cards_transformed":["Defend_R","Strike_R"],"player_choice":"Became Test Subject","damage_taken":0,"max_hp_gain":0,"max_hp_loss":0,"event_name":"Drug Dealer","floor":20,"gold_loss":0,"cards_obtained":["Wild Strike","Hemokinesis"]},{"damage_healed":0,"gold_gain":0,"player_choice":"Fight","damage_taken":0,"max_hp_gain":0,"max_hp_loss":0,"event_name":"MindBloom","floor":36,"gold_loss":0},{"cards_removed":["Strike_R"],"damage_healed":0,"gold_gain":0,"player_choice":"Removed Attack","damage_taken":0,"max_hp_gain":0,"max_hp_loss":0,"event_name":"Falling","floor":39,"gold_loss":0}],"is_beta":false,"boss_relics":[{"not_picked":["Fusion Hammer","Eternal Feather"],"picked":"Mark of Pain"},{"not_picked":["Cursed Key","Sozu"],"picked":"Black Star"}],"items_purged_floors":[4,44],"is_endless":false,"potions_floor_spawned":[1,5,7,10,18,21,22,30,31,37,38,42],"killed_by":"Transient","ascension_level":1}