{"gold_per_floor":[117,134,134,134,144,144,163,163,163,173,205,205,205,218,218,292,292,312,13,33,46,59,59,77,77,77,91,122,122],"floor_reached":29,"playtime":986,"items_purged":["Strike_R"],"score":498,"play_id":"5cb54a9f-d70c-40c8-9799-c8373e256fee","local_time":"20190715004136","is_ascension_mode":true,"campfire_choices":[{"data":"Body Slam","floor":6,"key":"SMITH"},{"data":"Body Slam","floor":13,"key":"SMITH"},{"data":"Flame Barrier","floor":15,"key":"SMITH"},{"data":"Offering","floor":23,"key":"SMITH"},{"data":"Body Slam","floor":25,"key":"SMITH"}],"neow_cost":"TEN_PERCENT_HP_LOSS","seed_source_timestamp":369921108049300,"circlet_count":0,"master_deck":["AscendersBane","Strike_R","Strike_R+1","Defend_R","Defend_R","Defend_R","Bash","Exhume+1","Body Slam+1","Cleave","Ghostly Armor","Body Slam+1","Impervious","Flame Barrier+1","Offering+1","Feel No Pain","Body Slam+1","Evolve","Corruption"],"relics":["Burning Blood","Kunai","Meat on the Bone","Black Star","Strange Spoon","Bag of Preparation","Blood Vial"],"potions_floor_usage":[7,16,16,21,24,28],"damage_taken":[{"damage":2,"enemies":"2 Louse","floor":1,"turns":4},{"damage":9,"enemies":"Jaw Worm","floor":2,"turns":7},{"damage":7,"enemies":"Small Slimes","floor":5,"turns":4},{"damage":0,"enemies":"Gremlin Gang","floor":7,"turns":4},{"damage":7,"enemies":"Exordium Wildlife","floor":10,"turns":4},{"damage":27,"enemies":"Lagavulin","floor":11,"turns":8},{"damage":16,"enemies":"Exordium Thugs","floor":14,"turns":5},{"damage":12,"enemies":"The Guardian","floor":16,"turns":11},{"damage":31,"enemies":"Chosen","floor":18,"turns":4},{"damage":6,"enemies":"Shell Parasite","floor":20,"turns":4},{"damage":38,"enemies":"3 Cultists","floor":21,"turns":6},{"damage":0,"enemies":"Centurion and Healer","floor":22,"turns":8},{"damage":14,"enemies":"Snake Plant","floor":24,"turns":4},{"damage":30,"enemies":"3 Cultists","floor":27,"turns":5},{"damage":29,"enemies":"Gremlin Leader","floor":28,"turns":5},{"damage":27,"enemies":"Shelled Parasite and Fungi","floor":29,"turns":2}],"seed_played":"4147066094244287582","potions_obtained":[{"floor":2,"key":"SkillPotion"},{"floor":10,"key":"Energy Potion"},{"floor":12,"key":"Weak Potion"},{"floor":14,"key":"BloodPotion"},{"floor":16,"key":"Block Potion"},{"floor":18,"key":"Weak Potion"},{"floor":22,"key":"Energy Potion"},{"floor":27,"key":"Poison Potion"}],"is_trial":false,"path_per_floor":["M","M","?","?","M","R","M","?","T","M","E","?","R","M","R","B",null,"M","$","M","M","M","R","M","R","T","M","E","M"],"character_chosen":"IRONCLAD","items_purchased":["Strange Spoon"],"campfire_rested":0,"item_purchase_floors":[19],"current_hp_per_floor":[68,65,65,58,57,57,63,43,43,42,21,21,21,23,23,46,63,50,50,50,30,48,48,52,52,52,40,29,4],"gold":122,"neow_bonus":"TRANSFORM_TWO_CARDS","is_prod":false,"is_daily":false,"chose_seed":false,"campfire_upgraded":5,"win_rate":0,"timestamp":1563118896,"path_taken":["M","M","?","?","M","R","M","?","T","M","E","?","R","M","R","BOSS","M","$","M","M","M","R","M","R","T","M","E","?"],"build_version":"2019-07-05","purchased_purges":1,"victory":false,"max_hp_per_floor":[68,68,68,68,68,68,68,68,68,68,68,68,68,68,68,68,68,68,68,68,68,68,68,68,68,68,68,68,68],"card_choices":[{"not_picked":["Sword Boomerang","Flex"],"picked":"Cleave","floor":1},{"not_picked":["Burning Pact","Anger"],"picked":"Ghostly Armor","floor":2},{"not_picked":["Thunderclap","Cleave"],"picked":"Body Slam","floor":5},{"not_picked":["Flame Barrier","Anger"],"picked":"Impervious","floor":7},{"not_picked":["Shockwave","Heavy Blade","Clash"],"picked":"SKIP","floor":10},{"not_picked":["Dark Embrace","Clash","Flame Barrier"],"picked":"SKIP","floor":11},{"not_picked":["Dark Embrace","Clash"],"picked":"Flame Barrier","floor":11},{"not_picked":["Reckless Charge","Perfected Strike","Carnage"],"picked":"SKIP","floor":14},{"not_picked":["Brutality","Reaper"],"picked":"Offering","floor":16},{"not_picked":["Anger","Clash","Rage"],"picked":"SKIP","floor":18},{"not_picked":["Twin Strike","Flame Barrier"],"picked":"Feel No Pain","floor":20},{"not_picked":["Whirlwind+1","Armaments"],"picked":"Body Slam","floor":21},{"not_picked":["Perfected Strike","Sever Soul","Heavy Blade"],"picked":"SKIP","floor":22},{"not_picked":["Flame Barrier","Fire Breathing"],"picked":"Evolve","floor":24},{"not_picked":["Flex","Combust"],"picked":"Corruption","floor":27},{"not_picked":["Double Tap","Sentinel","Rupture"],"picked":"SKIP","floor":28}],"player_experience":5688127,"relics_obtained":[{"floor":9,"key":"Kunai"},{"floor":11,"key":"Meat on the Bone"},{"floor":28,"key":"Bag of Preparation"},{"floor":28,"key":"Blood Vial"}],"event_choices":[{"damage_healed":0,"gold_gain":0,"player_choice":"Ignored","damage_taken":0,"max_hp_gain":0,"max_hp_loss":0,"event_name":"Liars Game","floor":3,"gold_loss":0},{"cards_removed":["Defend_R"],"damage_healed":0,"gold_gain":0,"player_choice":"Card Removal","damage_taken":7,"max_hp_gain":0,"max_hp_loss":0,"event_name":"Golden Wing","floor":4,"gold_loss":0},{"damage_healed":0,"gold_gain":0,"player_choice":"Entered Light","damage_taken":20,"max_hp_gain":0,"max_hp_loss":0,"event_name":"Shining Light","floor":8,"gold_loss":0,"cards_upgraded":["Strike_R","Exhume"]},{"damage_healed":0,"gold_gain":0,"player_choice":"Got Potions","damage_taken":0,"max_hp_gain":0,"max_hp_loss":0,"event_name":"Lab","floor":12,"gold_loss":0}],"is_beta":false,"boss_relics":[{"not_picked":["Orrery","Mark of Pain"],"picked":"Black Star"}],"items_purged_floors":[19],"is_endless":false,"potions_floor_spawned":[2,10,14,16,18,20,22,27],"killed_by":"Shelled Parasite and Fungi","ascension_level":20}