{"gold_per_floor":[116,8,8,8,18,45,57,74,144,144,109,121,121,121,121,194,244,255,255,255,272,42,42],"floor_reached":23,"playtime":575,"items_purged":[],"score":532,"play_id":"f5b37792-c656-42ff-8c28-3ad14dda660d","local_time":"20190720053303","is_ascension_mode":true,"campfire_choices":[{"data":"Bash","floor":10,"key":"SMITH"},{"data":"Perfected Strike","floor":13,"key":"SMITH"},{"data":"Shrug It Off","floor":15,"key":"SMITH"}],"neow_cost":"NONE","seed_source_timestamp":2475400209223494,"circlet_count":0,"master_deck":["AscendersBane","Strike_R","Strike_R","Strike_R","Strike_R","Strike_R","Defend_R","Defend_R+1","Defend_R","Defend_R","Bash+1","Uppercut+1","Cleave","Shrug It Off+1","Cleave","Perfected Strike+1","Wild Strike","Twin Strike","Reaper","Shrug It Off","Wild Strike","Flame Barrier"],"relics":["Burning Blood","NeowsBlessing","FossilizedHelix","Oddly Smooth Stone","Darkstone Periapt","Tiny House","Medical Kit"],"potions_floor_usage":[19],"damage_taken":[{"damage":0,"enemies":"2 Louse","floor":1,"turns":1},{"damage":0,"enemies":"Cultist","floor":5,"turns":1},{"damage":0,"enemies":"Gremlin Nob","floor":6,"turns":1},{"damage":0,"enemies":"Jaw Worm","floor":7,"turns":3},{"damage":29,"enemies":"Large Slime","floor":8,"turns":5},{"damage":13,"enemies":"Exordium Thugs","floor":12,"turns":5},{"damage":0,"enemies":"Slime Boss","floor":16,"turns":7},{"damage":49,"enemies":"Shell Parasite","floor":18,"turns":7},{"damage":0,"enemies":"2 Thieves","floor":19,"turns":1},{"damage":24,"enemies":"Centurion and Healer","floor":21,"turns":11},{"damage":49,"enemies":"Gremlin Leader","floor":23,"turns":3}],"seed_played":"-7464779788601984120","potions_obtained":[{"floor":7,"key":"Dexterity Potion"},{"floor":8,"key":"EssenceOfSteel"},{"floor":16,"key":"BloodPotion"},{"floor":17,"key":"SmokeBomb"}],"is_trial":false,"path_per_floor":["M","$","?","?","M","E","M","M","T","R","?","M","R","?","R","B",null,"M","M","?","M","$","E"],"character_chosen":"IRONCLAD","items_purchased":["Cleave","Shrug It Off","Medical Kit"],"campfire_rested":0,"item_purchase_floors":[2,2,22],"current_hp_per_floor":[74,74,69,69,75,75,75,52,52,52,70,63,63,63,63,69,79,38,44,60,46,46,0],"gold":42,"neow_bonus":"THREE_ENEMY_KILL","is_prod":false,"is_daily":false,"chose_seed":false,"campfire_upgraded":3,"win_rate":0,"timestamp":1563593583,"path_taken":["M","$","?","?","?","E","M","M","T","R","?","M","R","?","R","BOSS","M","M","?","M","$","E"],"build_version":"2019-07-17","purchased_purges":0,"victory":false,"max_hp_per_floor":[75,75,75,75,75,75,75,75,75,75,75,75,75,75,75,75,80,80,80,80,80,80,80],"card_choices":[{"not_picked":["Clash","Sever Soul"],"picked":"Uppercut","floor":1},{"not_picked":["Entrench","Pommel Strike"],"picked":"Cleave","floor":5},{"not_picked":["Searing Blow","Ghostly Armor"],"picked":"Perfected Strike","floor":6},{"not_picked":["Flex","Sword Boomerang"],"picked":"Wild Strike","floor":7},{"not_picked":["Havoc","True Grit","Power Through"],"picked":"SKIP","floor":8},{"not_picked":["Heavy Blade","Iron Wave"],"picked":"Twin Strike","floor":12},{"not_picked":["Offering","Demon Form"],"picked":"Reaper","floor":16},{"not_picked":["Reckless Charge","Heavy Blade"],"picked":"Shrug It Off","floor":17},{"not_picked":["Power Through","Dual Wield+1"],"picked":"Wild Strike","floor":18},{"not_picked":["Spot Weakness","Burning Pact"],"picked":"Flame Barrier","floor":21}],"player_experience":518944,"relics_obtained":[{"floor":6,"key":"Oddly Smooth Stone"},{"floor":9,"key":"Darkstone Periapt"}],"event_choices":[{"damage_healed":0,"gold_gain":0,"player_choice":"Success","damage_taken":5,"relics_obtained":["FossilizedHelix"],"max_hp_gain":0,"max_hp_loss":0,"event_name":"Scrap Ooze","floor":3,"gold_loss":0},{"damage_healed":0,"gold_gain":0,"player_choice":"Ignored","damage_taken":0,"max_hp_gain":0,"max_hp_loss":0,"event_name":"Transmorgrifier","floor":4,"gold_loss":0},{"damage_healed":18,"gold_gain":0,"player_choice":"Healed","damage_taken":0,"max_hp_gain":0,"max_hp_loss":0,"event_name":"The Cleric","floor":11,"gold_loss":35},{"damage_healed":0,"gold_gain":0,"player_choice":"Forge","damage_taken":0,"max_hp_gain":0,"max_hp_loss":0,"event_name":"Accursed Blacksmith","floor":14,"gold_loss":0,"cards_upgraded":["Uppercut"]},{"damage_healed":16,"gold_gain":0,"player_choice":"Heal","damage_taken":0,"max_hp_gain":0,"max_hp_loss":0,"event_name":"The Library","floor":20,"gold_loss":0}],"is_beta":false,"boss_relics":[{"not_picked":["Calling Bell","Pandora\u0027s Box"],"picked":"Tiny House"}],"items_purged_floors":[],"is_endless":false,"potions_floor_spawned":[7,8,12,16,18],"killed_by":"Gremlin Leader","ascension_level":20}