{"gold_per_floor":[119,119,119,142,155,155,191,191,191,191,116,116,141,14,14,104,104,119,135,158,158],"floor_reached":21,"playtime":552,"items_purged":["Strike_R"],"score":358,"play_id":"e7bffb97-7814-4ea7-9875-27d6a1dc6b0c","local_time":"20190505002300","is_ascension_mode":true,"campfire_choices":[{"data":"Armaments","floor":6,"key":"SMITH"},{"data":"Body Slam","floor":8,"key":"SMITH"},{"data":"Corruption","floor":12,"key":"SMITH"},{"data":"Flame Barrier","floor":15,"key":"SMITH"}],"neow_cost":"PERCENT_DAMAGE","seed_source_timestamp":1199788051981700,"circlet_count":0,"master_deck":["AscendersBane","Defend_R","Defend_R","Defend_R","Defend_R","Armaments+1","Sword Boomerang","Body Slam+1","Corruption+1","Intimidate","Flame Barrier+1","Seeing Red","Dark Embrace","Spot Weakness","Clash","Shrug It Off"],"relics":["Burning Blood","Golden Idol","NlothsMask","Bird Faced Urn","Empty Cage"],"potions_floor_usage":[7,16,19,20,21],"damage_taken":[{"damage":2,"enemies":"2 Louse","floor":1,"turns":4},{"damage":5,"enemies":"Small Slimes","floor":4,"turns":6},{"damage":1,"enemies":"Cultist","floor":5,"turns":3},{"damage":31,"enemies":"3 Sentries","floor":7,"turns":12},{"damage":0,"enemies":"3 Louse","floor":13,"turns":3},{"damage":13,"enemies":"The Guardian","floor":16,"turns":16},{"damage":0,"enemies":"Spheric Guardian","floor":18,"turns":3},{"damage":36,"enemies":"Chosen","floor":19,"turns":6},{"damage":9,"enemies":"Shelled Parasite and Fungi","floor":20,"turns":4},{"damage":54,"enemies":"Cultist and Chosen","floor":21,"turns":4}],"seed_played":"-8875576153750946970","potions_obtained":[{"floor":5,"key":"Fire Potion"},{"floor":13,"key":"PowerPotion"},{"floor":16,"key":"Block Potion"},{"floor":19,"key":"BloodPotion"},{"floor":20,"key":"Dexterity Potion"}],"is_trial":false,"path_per_floor":["M","?","?","M","M","R","E","R","T","?","$","R","M","$","R","B",null,"M","M","M","M"],"character_chosen":"IRONCLAD","items_purchased":["Flame Barrier","Seeing Red"],"campfire_rested":0,"item_purchase_floors":[14,14],"current_hp_per_floor":[54,54,54,55,60,60,35,35,35,28,28,28,36,36,36,31,59,68,38,45,0],"gold":158,"neow_bonus":"REMOVE_TWO","is_prod":false,"is_daily":false,"chose_seed":false,"campfire_upgraded":4,"win_rate":0,"timestamp":1556983380,"path_taken":["M","?","?","?","M","R","E","R","T","?","?","R","M","$","R","BOSS","M","M","M","M"],"build_version":"2019-01-23","purchased_purges":1,"victory":false,"max_hp_per_floor":[75,68,68,68,68,68,68,68,68,68,68,68,68,68,68,68,68,68,68,68,68],"card_choices":[{"not_picked":["Perfected Strike","Clash"],"picked":"Armaments","floor":1},{"not_picked":["Hemokinesis","Iron Wave"],"picked":"Sword Boomerang","floor":4},{"not_picked":["Hemokinesis","Dual Wield"],"picked":"Body Slam","floor":5},{"not_picked":["Twin Strike","Thunderclap"],"picked":"Corruption","floor":7},{"not_picked":["Pummel","Perfected Strike"],"picked":"Intimidate","floor":13},{"not_picked":["Impervious","Berserk"],"picked":"Dark Embrace","floor":16},{"not_picked":["Twin Strike","Thunderclap"],"picked":"Spot Weakness","floor":18},{"not_picked":["Whirlwind","Combust+1"],"picked":"Clash","floor":19},{"not_picked":["Fire Breathing","Dropkick"],"picked":"Shrug It Off","floor":20}],"player_experience":4911221,"relics_obtained":[{"floor":7,"key":"Bird Faced Urn"}],"event_choices":[{"damage_healed":0,"gold_gain":0,"player_choice":"Lose Max HP","damage_taken":0,"relics_obtained":["Golden Idol"],"max_hp_gain":0,"max_hp_loss":7,"event_name":"Golden Idol","floor":2,"gold_loss":0},{"damage_healed":0,"gold_gain":0,"player_choice":"Trade","damage_taken":0,"relics_obtained":["NlothsMask"],"max_hp_gain":0,"max_hp_loss":0,"event_name":"FaceTrader","floor":3,"gold_loss":0},{"cards_removed":["Strike_R"],"damage_healed":0,"gold_gain":0,"player_choice":"Card Removal","damage_taken":7,"max_hp_gain":0,"max_hp_loss":0,"event_name":"Golden Wing","floor":10,"gold_loss":0}],"is_beta":false,"boss_relics":[{"not_picked":["Black Star","Busted Crown"],"picked":"Empty Cage"}],"items_purged_floors":[11],"is_endless":false,"potions_floor_spawned":[5,13,16,19,20],"killed_by":"Cultist and Chosen","ascension_level":20}