{"gold_per_floor":[99,99,99,99,16,16,0,0,0,0,0,0,0,0,0,0],"floor_reached":16,"playtime":321,"items_purged":[],"score":184,"play_id":"8811660e-8b8b-46ee-b353-1f1a94426ff3","local_time":"20190518002805","is_ascension_mode":true,"campfire_choices":[{"floor":6,"key":"RECALL"}],"neow_cost":"","seed_source_timestamp":52528458332000,"circlet_count":0,"master_deck":["AscendersBane","Strike_R","Strike_R","Strike_R","Strike_R","Defend_R","Defend_R","Defend_R","Defend_R","Bash","Clothesline","Iron Wave","Burning Pact","Searing Blow","Writhe","Burning Pact"],"relics":["Burning Blood","Mark of Pain","Dodecahedron","Runic Dome","HoveringKite","Velvet Choker","Busted Crown","Sozu","Ectoplasm","Cursed Key","Coffee Dripper","Fusion Hammer","Philosopher\u0027s Stone","Nuclear Battery","Bottled Flame","Odd Mushroom"],"potions_floor_usage":[],"damage_taken":[{"damage":13,"enemies":"2 Louse","floor":1,"turns":3},{"damage":0,"enemies":"Small Slimes","floor":2,"turns":2},{"damage":11,"enemies":"Jaw Worm","floor":3,"turns":3},{"damage":32,"enemies":"Exordium Thugs","floor":7,"turns":5},{"damage":41,"enemies":"The Mushroom Lair","floor":11,"turns":5},{"damage":5,"enemies":"Blue Slaver","floor":12,"turns":2},{"damage":8,"enemies":"2 Fungi Beasts","floor":14,"turns":2},{"damage":22,"enemies":"The Guardian","floor":16,"turns":5}],"seed_played":"6739478952869337824","potions_obtained":[],"is_trial":true,"path_per_floor":["M","M","M","?","$","R","M","?","T","?","?","M","R","M","R","B"],"character_chosen":"IRONCLAD","items_purchased":["Searing Blow"],"campfire_rested":0,"item_purchase_floors":[5],"current_hp_per_floor":[61,67,62,55,55,55,29,29,29,54,19,20,20,18,18,0],"gold":0,"neow_bonus":"","is_prod":false,"is_daily":false,"chose_seed":false,"campfire_upgraded":0,"win_rate":0,"timestamp":1558106885,"path_taken":["M","M","M","?","$","R","M","?","T","?","?","?","R","M","R","BOSS"],"build_version":"2019-01-23","purchased_purges":0,"victory":false,"max_hp_per_floor":[75,75,75,75,75,75,75,75,75,75,75,75,75,75,75,75],"card_choices":[{"not_picked":[],"picked":"Clothesline","floor":1},{"not_picked":[],"picked":"Iron Wave","floor":2},{"not_picked":[],"picked":"Burning Pact","floor":3},{"not_picked":["Body Slam"],"picked":"SKIP","floor":7},{"not_picked":["Flex"],"picked":"SKIP","floor":12},{"not_picked":[],"picked":"Burning Pact","floor":14}],"player_experience":5059995,"relics_obtained":[{"floor":9,"key":"Bottled Flame"},{"floor":11,"key":"Odd Mushroom"}],"event_choices":[{"cards_removed":["Strike_R"],"damage_healed":0,"gold_gain":0,"player_choice":"Card Removal","damage_taken":7,"max_hp_gain":0,"max_hp_loss":0,"event_name":"Golden Wing","floor":4,"gold_loss":0},{"damage_healed":0,"gold_gain":0,"player_choice":"Ignored","damage_taken":0,"max_hp_gain":0,"max_hp_loss":0,"event_name":"Liars Game","floor":8,"gold_loss":0},{"damage_healed":25,"gold_gain":0,"player_choice":"Banana","damage_taken":0,"max_hp_gain":0,"max_hp_loss":0,"event_name":"Big Fish","floor":10,"gold_loss":0},{"damage_healed":0,"gold_gain":0,"player_choice":"Fought Mushrooms","damage_taken":0,"max_hp_gain":0,"max_hp_loss":0,"event_name":"Mushrooms","floor":11,"gold_loss":0}],"is_beta":false,"boss_relics":[],"items_purged_floors":[],"is_endless":false,"potions_floor_spawned":[2,3,7],"killed_by":"The Guardian","ascension_level":20}