{"gold_per_floor":[116,291,305,66,366,366,1,26,104,116,24,36,70,85,85,185,185,196,121,121,71,89,119,133,133,133,48,64,77,77,2,2,105,105,118,134,1133,1153,1163,1189,594,606,633,633,633,652,687,704,704,704],"floor_reached":51,"playtime":5880,"items_purged":["Doubt","Strike_G"],"score":804,"play_id":"7e70bbb0-fc8a-48fd-8ffc-de4b1084a24b","local_time":"20190711232813","is_ascension_mode":false,"campfire_choices":[{"data":"Survivor","floor":6.0,"key":"SMITH"},{"floor":15,"key":"REST"},{"floor":25,"key":"REST"},{"floor":30,"key":"REST"},{"floor":32,"key":"REST"},{"floor":44,"key":"REST"},{"floor":49,"key":"REST"}],"neow_cost":"NONE","seed_source_timestamp":0,"circlet_count":0,"master_deck":["Strike_G","Strike_G","Strike_G+1","Defend_G","Defend_G","Survivor+1","Neutralize","Venomology","Predator+1","Escape Plan","Infinite Blades","Deflect+1","Enlightenment+1","Footwork","Catalyst+1","Dagger Throw","Corpse Explosion+1","Blur+1","Die Die Die+1","PiercingWail+1","Bane+1","Acrobatics+1","Slice+1","Underhanded Strike","Jack Of All Trades+1","Burst+1","Deflect+1","Venomology+1","All Out Attack+1","Crippling Poison+1","Endless Agony","Terror+1","Flying Knee","Dramatic Entrance","Envenom","Heel Hook","Skewer"],"special_seed":0,"relics":["Ring of the Snake","Toxic Egg 2","Old Coin","Anchor","Snake Skull","Whetstone","Shuriken","PreservedInsect","Astrolabe","Enchiridion","Omamori","Gremlin Horn","Philosopher\u0027s Stone","Dream Catcher","Ninja Scroll","Ancient Tea Set","Oddly Smooth Stone","Meat on the Bone","Lantern"],"potions_floor_usage":[16,16,16,16,18,22,22,23,29,33,33,33,38,39,40,40,40,40,40,47,47,47,47,47,47,47,48,50,50,50],"damage_taken":[{"damage":0.0,"enemies":"2 Louse","floor":1.0,"turns":2.0},{"damage":0.0,"enemies":"Jaw Worm","floor":3.0,"turns":6.0},{"damage":6.0,"enemies":"Small Slimes","floor":10.0,"turns":3.0},{"damage":9.0,"enemies":"Exordium Thugs","floor":12.0,"turns":5.0},{"damage":51.0,"enemies":"Gremlin Nob","floor":13.0,"turns":6.0},{"damage":5.0,"enemies":"Exordium Wildlife","floor":14.0,"turns":6.0},{"damage":20,"enemies":"The Guardian","floor":16,"turns":7},{"damage":8,"enemies":"3 Byrds","floor":18,"turns":4},{"damage":30,"enemies":"Spheric Guardian","floor":22,"turns":5},{"damage":7,"enemies":"Book of Stabbing","floor":23,"turns":4},{"damage":0,"enemies":"Cultist and Chosen","floor":24,"turns":4},{"damage":16,"enemies":"Shelled Parasite and Fungi","floor":28,"turns":3},{"damage":9,"enemies":"Snake Plant","floor":29,"turns":5},{"damage":47,"enemies":"Collector","floor":33,"turns":6},{"damage":10,"enemies":"3 Darklings","floor":35,"turns":4},{"damage":3,"enemies":"3 Shapes","floor":36,"turns":2},{"damage":42,"enemies":"Maw","floor":38,"turns":6},{"damage":0,"enemies":"3 Darklings","floor":39,"turns":2},{"damage":0,"enemies":"Giant Head","floor":40,"turns":5},{"damage":4,"enemies":"Transient","floor":42,"turns":5},{"damage":0,"enemies":"Sphere and 2 Shapes","floor":46,"turns":2},{"damage":30,"enemies":"Nemesis","floor":47,"turns":5},{"damage":31,"enemies":"Spire Growth","floor":48,"turns":4},{"damage":18,"enemies":"Donu and Deca","floor":50,"turns":6}],"seed_played":"-7920983325659054722","potions_obtained":[{"floor":13.0,"key":"Weak Potion"},{"floor":14.0,"key":"SkillPotion"},{"floor":16,"key":"PowerPotion"},{"floor":24,"key":"Strength Potion"},{"floor":28,"key":"Regen Potion"},{"floor":35,"key":"Block Potion"},{"floor":39,"key":"AttackPotion"},{"floor":40,"key":"SteroidPotion"},{"floor":48,"key":"PowerPotion"}],"is_trial":false,"path_per_floor":["M","?","M","$","?","R","$","T","T","M","$","M","E","M","R","B",null,"M","?","?","?","M","E","M","R","T","$","M","M","R","$","R","B",null,"M","M","?","M","M","E","$","M","T","R","T","M","E","M","R","B",null],"character_chosen":"THE_SILENT","items_purchased":["Toxic Egg 2","Anchor","Snake Skull","Infinite Blades","Enlightenment+1","Jack Of All Trades+1","Dramatic Entrance","Ninja Scroll","Ancient Tea Set"],"campfire_rested":6,"item_purchase_floors":[4,7,7,7,11,27,41,41,41],"current_hp_per_floor":[70,70,70,70,67,67,67,67,67,61,61,52,1,11,32,12,70,62,62,46,46,16,9,9,30,30,30,14,17,38,38,59,12,70,60,57,57,15,15,15,15,11,11,32,32,44,26,19,40,34],"gold":704,"neow_bonus":"ONE_RANDOM_RARE_CARD","is_prod":false,"is_daily":false,"chose_seed":false,"campfire_upgraded":1,"win_rate":0.0,"timestamp":1562905693,"path_taken":["M","?","M","$","?","R","?","?","T","M","?","M","E","M","R","BOSS","M","?","?","?","M","E","M","R","T","$","M","?","R","$","R","BOSS","M","M","?","M","M","E","$","M","T","R","?","?","E","M","R","BOSS"],"build_version":"2019-07-05","purchased_purges":2,"victory":true,"max_hp_per_floor":[70,70,70,70,70,70,70,70,70,70,70,70,70,70,70,70,70,70,70,70,70,70,70,70,70,70,70,70,70,70,70,70,70,70,70,70,70,70,70,70,70,70,70,70,70,70,70,70,70,70],"card_choices":[{"not_picked":["Underhanded Strike","Sucker Punch"],"picked":"Predator","floor":1.0},{"not_picked":["Deflect","Poisoned Stab"],"picked":"Escape Plan","floor":3.0},{"not_picked":["Eviscerate","Flying Knee"],"picked":"Deflect+1","floor":10.0},{"not_picked":["Dagger Throw","Underhanded Strike"],"picked":"Footwork","floor":12.0},{"not_picked":["Dagger Spray","Dodge and Roll+1"],"picked":"Catalyst+1","floor":13.0},{"not_picked":["Acrobatics+1","Slice"],"picked":"Dagger Throw","floor":14.0},{"not_picked":["Tools of the Trade","Glass Knife"],"picked":"Corpse Explosion+1","floor":16},{"not_picked":["Underhanded Strike+1","Blade Dance+1"],"picked":"Bane+1","floor":18},{"not_picked":["Caltrops+1","Calculated Gamble+1"],"picked":"Acrobatics+1","floor":22},{"not_picked":["Flying Knee","Bane"],"picked":"Slice+1","floor":23},{"not_picked":["Dagger Throw","Predator+1"],"picked":"Underhanded Strike","floor":24},{"not_picked":["Poisoned Stab+1","Prepared+1"],"picked":"Burst+1","floor":28},{"not_picked":["Quick Slash","Slice"],"picked":"Deflect+1","floor":29},{"not_picked":["Unload","Burst+1"],"picked":"Venomology+1","floor":33},{"not_picked":["Dagger Spray+1","Flying Knee+1"],"picked":"All Out Attack+1","floor":35},{"not_picked":["Reflex+1","Quick Slash"],"picked":"Crippling Poison+1","floor":36},{"not_picked":["Prepared+1","All Out Attack"],"picked":"Endless Agony","floor":38},{"not_picked":["Blade Dance+1","Backflip+1"],"picked":"Terror+1","floor":39},{"not_picked":["Quick Slash","Slice+1"],"picked":"Flying Knee","floor":40},{"not_picked":["Blade Dance+1","Acrobatics+1"],"picked":"Envenom","floor":42},{"not_picked":["Dodge and Roll+1","Flying Knee","Leg Sweep+1"],"picked":"SKIP","floor":46},{"not_picked":["Wraith Form v2","Terror+1"],"picked":"Heel Hook","floor":47},{"not_picked":["Dagger Spray","Underhanded Strike","PiercingWail+1"],"picked":"SKIP","floor":48},{"not_picked":["Dodge and Roll+1","Calculated Gamble+1"],"picked":"Skewer","floor":49}],"player_experience":26197,"relics_obtained":[{"floor":8.0,"key":"Whetstone"},{"floor":9.0,"key":"Shuriken"},{"floor":13.0,"key":"PreservedInsect"},{"floor":20,"key":"Enchiridion"},{"floor":23,"key":"Omamori"},{"floor":26,"key":"Gremlin Horn"},{"floor":40,"key":"Dream Catcher"},{"floor":43,"key":"Oddly Smooth Stone"},{"floor":45,"key":"Meat on the Bone"},{"floor":47,"key":"Lantern"}],"event_choices":[{"damage_healed":0.0,"max_hp_gain":0.0,"max_hp_loss":0.0,"gold_gain":175.0,"event_name":"Liars Game","player_choice":"AGREE","floor":2.0,"gold_loss":0.0,"damage_taken":0.0,"cards_obtained":["Doubt"]},{"damage_healed":0.0,"max_hp_gain":0.0,"max_hp_loss":0.0,"gold_gain":0.0,"event_name":"Scrap Ooze","player_choice":"Success","floor":5.0,"gold_loss":0.0,"damage_taken":3.0,"relics_obtained":["Old Coin"]},{"cards_removed":["Defend_G"],"damage_healed":0,"gold_gain":0,"player_choice":"Gave Gold","damage_taken":0,"max_hp_gain":0,"max_hp_loss":0,"event_name":"Beggar","floor":19,"gold_loss":75},{"damage_healed":0,"gold_gain":0,"player_choice":"Obtained Book","damage_taken":16,"max_hp_gain":0,"max_hp_loss":0,"event_name":"Cursed Tome","floor":20,"gold_loss":0},{"damage_healed":0,"gold_gain":0,"player_choice":"Bet on Murderer","damage_taken":0,"max_hp_gain":0,"max_hp_loss":0,"event_name":"The Joust","floor":21,"gold_loss":50},{"damage_healed":0,"gold_gain":999,"player_choice":"Gold","damage_taken":0,"max_hp_gain":0,"max_hp_loss":0,"event_name":"MindBloom","floor":37,"gold_loss":0,"cards_obtained":["Normality","Normality"]}],"is_beta":false,"boss_relics":[{"not_picked":["Coffee Dripper","Eternal Feather"],"picked":"Astrolabe"},{"not_picked":["Velvet Choker","Snecko Eye"],"picked":"Philosopher\u0027s Stone"}],"items_purged_floors":[31,41],"is_endless":false,"potions_floor_spawned":[13,14,16,24,28,35,39,40,48],"ascension_level":0}