{"gold_per_floor":[110,128,148,167,177,177,209,209,290,319,319,319,345,371,371,371],"floor_reached":16,"playtime":405,"items_purged":[],"score":290,"play_id":"d09a5989-1c21-4337-8d25-1f378afd7296","local_time":"20190512234948","is_ascension_mode":true,"campfire_choices":[{"data":"Dash","floor":6,"key":"SMITH"},{"data":"Neutralize","floor":8,"key":"SMITH"},{"floor":11,"key":"REST"},{"data":"Deadly Poison","floor":15,"key":"SMITH"}],"neow_cost":"NONE","seed_source_timestamp":625659578547100,"circlet_count":0,"master_deck":["AscendersBane","Defend_G","Defend_G","Defend_G","Defend_G","Strike_G","Strike_G","Strike_G+1","Strike_G","Strike_G+1","Survivor","Neutralize+1","Cloak And Dagger","Flying Knee","Deadly Poison+1","Dash+1","Masterful Stab","Backstab","Night Terror","Blur"],"special_seed":0,"relics":["Ring of the Snake","Blue Candle","Bottled Lightning","Tingsha","Vajra"],"potions_floor_usage":[4,7,13],"damage_taken":[{"damage":0,"enemies":"Small Slimes","floor":1,"turns":4},{"damage":0,"enemies":"Jaw Worm","floor":2,"turns":6},{"damage":1,"enemies":"Cultist","floor":3,"turns":5},{"damage":9,"enemies":"Lots of Slimes","floor":4,"turns":4},{"damage":3,"enemies":"Blue Slaver","floor":5,"turns":4},{"damage":9,"enemies":"Lagavulin","floor":7,"turns":5},{"damage":20,"enemies":"3 Sentries","floor":10,"turns":8},{"damage":0,"enemies":"Gremlin Nob","floor":13,"turns":3},{"damage":29,"enemies":"The Guardian","floor":16,"turns":7}],"seed_played":"5023652543848865305","potions_obtained":[{"floor":1,"key":"Energy Potion"},{"floor":5,"key":"AttackPotion"},{"floor":10,"key":"PowerPotion"}],"is_trial":false,"path_per_floor":["M","M","M","M","M","R","E","R","T","E","R","?","E","T","R","B"],"character_chosen":"THE_SILENT","items_purchased":[],"campfire_rested":1,"item_purchase_floors":[],"current_hp_per_floor":[59,59,58,49,46,46,37,37,37,17,36,16,16,16,16,0],"gold":371,"neow_bonus":"REMOVE_CARD","is_prod":false,"is_daily":false,"chose_seed":false,"campfire_upgraded":3,"win_rate":0,"timestamp":1557672588,"path_taken":["M","M","M","M","M","R","E","R","T","E","R","?","E","?","R","BOSS"],"build_version":"2019-01-23","purchased_purges":0,"victory":false,"max_hp_per_floor":[66,66,66,66,66,66,66,66,66,66,66,66,66,66,66,66],"card_choices":[{"not_picked":["Distraction","Underhanded Strike"],"picked":"Cloak And Dagger","floor":1},{"not_picked":["Calculated Gamble","Dodge and Roll"],"picked":"Flying Knee","floor":2},{"not_picked":["PiercingWail","Prepared"],"picked":"Deadly Poison","floor":3},{"not_picked":["Slice","Blade Dance"],"picked":"Dash","floor":4},{"not_picked":["Endless Agony","Dodge and Roll"],"picked":"Masterful Stab","floor":5},{"not_picked":["Finisher","Poisoned Stab"],"picked":"Backstab","floor":7},{"not_picked":["Quick Slash","Sucker Punch"],"picked":"Night Terror","floor":10},{"not_picked":["Cloak And Dagger","Accuracy"],"picked":"Blur","floor":13}],"player_experience":4999533,"relics_obtained":[{"floor":7,"key":"Blue Candle"},{"floor":9,"key":"Bottled Lightning"},{"floor":10,"key":"Tingsha"},{"floor":13,"key":"Vajra"}],"event_choices":[{"damage_healed":0,"gold_gain":0,"player_choice":"Entered Light","damage_taken":20,"max_hp_gain":0,"max_hp_loss":0,"event_name":"Shining Light","floor":12,"gold_loss":0,"cards_upgraded":["Strike_G","Strike_G"]}],"is_beta":false,"boss_relics":[],"items_purged_floors":[],"is_endless":false,"potions_floor_spawned":[1,5,10],"killed_by":"The Guardian","ascension_level":20}