{"gold_per_floor":[110,110,121,131,206,78,78,103,103,103,103,116,144,144,144,247,247,262,275,288,307,307],"floor_reached":22,"playtime":2069,"items_purged":[],"score":186,"play_id":"0b536b12-3286-4aad-8c82-d7572e4118cc","local_time":"20190629140134","is_ascension_mode":false,"campfire_choices":[{"data":"Rampage","floor":7,"key":"SMITH"},{"floor":10,"key":"REST"},{"floor":15,"key":"REST"}],"neow_cost":"","seed_source_timestamp":304619346323944,"circlet_count":0,"master_deck":["Strike_R","Strike_R","Strike_R","Strike_R","Strike_R","Defend_R","Defend_R","Bash","Shrug It Off","Infernal Blade","Shockwave","Rampage+1","Anger+1","Jack Of All Trades","Shrug It Off","Iron Wave","Dropkick","Impervious","Armaments","Anger","Searing Blow","Warcry","Pommel Strike","Clothesline","Pommel Strike+1","Uppercut+1","Rage"],"relics":["Burning Blood","Shuriken","Mercury Hourglass","Odd Mushroom","Orrery"],"potions_floor_usage":[16,19,20],"damage_taken":[{"damage":15,"enemies":"Cultist","floor":1,"turns":4},{"damage":7,"enemies":"Small Slimes","floor":3,"turns":3},{"damage":0,"enemies":"2 Louse","floor":4,"turns":3},{"damage":39,"enemies":"Lagavulin","floor":8,"turns":6},{"damage":15,"enemies":"Lots of Slimes","floor":12,"turns":2},{"damage":4,"enemies":"The Mushroom Lair","floor":13,"turns":3},{"damage":37,"enemies":"The Guardian","floor":16,"turns":8},{"damage":22,"enemies":"Shell Parasite","floor":18,"turns":4},{"damage":29,"enemies":"2 Thieves","floor":19,"turns":4},{"damage":18,"enemies":"Snecko","floor":20,"turns":5},{"damage":20,"enemies":"Cultist and Chosen","floor":21,"turns":6}],"seed_played":"4390858661748548798","potions_obtained":[{"floor":1,"key":"LiquidBronze"},{"floor":8,"key":"Explosive Potion"},{"floor":16,"key":"AttackPotion"},{"floor":18,"key":"FearPotion"},{"floor":20,"key":"SteroidPotion"}],"is_trial":false,"path_per_floor":["M","?","M","M","?","$","R","E","T","R","?","M","?","?","R","B",null,"M","M","M","M","?"],"character_chosen":"IRONCLAD","items_purchased":["Anger","Jack Of All Trades"],"campfire_rested":2,"item_purchase_floors":[6,6],"current_hp_per_floor":[71,71,70,76,65,65,65,32,32,56,49,40,42,42,66,35,80,64,41,29,15,0],"gold":307,"neow_bonus":"","is_prod":false,"is_daily":false,"chose_seed":false,"campfire_upgraded":1,"win_rate":0.0,"timestamp":1561809694,"path_taken":["M","?","M","M","?","$","R","E","T","R","?","M","?","?","R","BOSS","M","M","?","M","?"],"build_version":"2019-01-23","purchased_purges":0,"victory":false,"max_hp_per_floor":[80,80,80,80,80,80,80,80,80,80,80,80,80,80,80,80,80,80,80,80,80,80],"card_choices":[{"not_picked":["Power Through","Metallicize"],"picked":"Shrug It Off","floor":1},{"not_picked":["True Grit","Battle Trance"],"picked":"Shockwave","floor":3},{"not_picked":["Clash","Combust"],"picked":"Rampage","floor":4},{"not_picked":["Clash","Warcry"],"picked":"Shrug It Off","floor":8},{"not_picked":["Pommel Strike","Anger"],"picked":"Iron Wave","floor":12},{"not_picked":["Armaments","Iron Wave"],"picked":"Dropkick","floor":13},{"not_picked":["Berserk","Dark Embrace"],"picked":"Impervious","floor":16},{"not_picked":["Power Through","Thunderclap"],"picked":"Armaments","floor":17},{"not_picked":["Metallicize","Rupture"],"picked":"Anger","floor":17},{"not_picked":["Anger","Clash"],"picked":"Searing Blow","floor":17},{"not_picked":["Barricade","Flame Barrier"],"picked":"Warcry","floor":17},{"not_picked":["Bloodletting","Headbutt"],"picked":"Pommel Strike","floor":17},{"not_picked":["Blood for Blood","Bloodletting"],"picked":"Clothesline","floor":18},{"not_picked":["Perfected Strike+1","Shrug It Off"],"picked":"Pommel Strike+1","floor":19},{"not_picked":["Armaments","Twin Strike+1"],"picked":"Uppercut+1","floor":20},{"not_picked":["Body Slam","Armaments"],"picked":"Rage","floor":21}],"player_experience":0,"relics_obtained":[{"floor":8,"key":"Shuriken"},{"floor":9,"key":"Mercury Hourglass"},{"floor":13,"key":"Odd Mushroom"}],"event_choices":[{"damage_healed":0,"gold_gain":0,"cards_transformed":["Defend_R"],"player_choice":"Change","damage_taken":0,"max_hp_gain":0,"max_hp_loss":0,"event_name":"Living Wall","floor":2,"gold_loss":0,"cards_obtained":["Infernal Blade"]},{"damage_healed":0,"gold_gain":75,"player_choice":"Gather Gold","damage_taken":11,"max_hp_gain":0,"max_hp_loss":0,"event_name":"World of Goop","floor":5,"gold_loss":0},{"cards_removed":["Defend_R"],"damage_healed":0,"gold_gain":0,"player_choice":"Card Removal","damage_taken":7,"max_hp_gain":0,"max_hp_loss":0,"event_name":"Golden Wing","floor":11,"gold_loss":0},{"damage_healed":0,"gold_gain":0,"player_choice":"Fought Mushrooms","damage_taken":0,"max_hp_gain":0,"max_hp_loss":0,"event_name":"Mushrooms","floor":13,"gold_loss":0},{"damage_healed":0,"gold_gain":0,"player_choice":"Forge","damage_taken":0,"max_hp_gain":0,"max_hp_loss":0,"event_name":"Accursed Blacksmith","floor":14,"gold_loss":0,"cards_upgraded":["Anger"]}],"is_beta":false,"boss_relics":[{"not_picked":["Empty Cage","White Beast Statue"],"picked":"Orrery"}],"items_purged_floors":[],"is_endless":false,"potions_floor_spawned":[1,8,16,18,20],"ascension_level":0}