{"gold_per_floor":[117,117,137,287,16,16,50,50,73,73,98,113,128,141,141,218,218,229,144,144,96,8,8,26,26,26,26,45,57,12,24,24,96,96,116,127,64,0,10,10,10,10,10,40,55,55,89,103,103,103,103,103,103,28,28],"floor_reached":55,"playtime":2339,"items_purged":["Doubt","Strike_B","Defend_B","Defend_B"],"score":1974,"play_id":"fd57969c-0cde-4151-8be7-ca9c33ed6795","local_time":"20190712031848","is_ascension_mode":true,"campfire_choices":[{"floor":6.0,"key":"REST"},{"data":"Defragment","floor":10.0,"key":"SMITH"},{"data":"Zap","floor":15.0,"key":"SMITH"},{"data":"Go for the Eyes","floor":23.0,"key":"SMITH"},{"data":"Heatsinks","floor":25.0,"key":"SMITH"},{"floor":27.0,"key":"REST"},{"data":"Defragment","floor":32.0,"key":"SMITH"},{"data":"Skim","floor":40.0,"key":"SMITH"},{"floor":42.0,"key":"REST"},{"floor":46,"key":"RECALL"},{"data":"Buffer","floor":49,"key":"SMITH"},{"data":"Coolheaded","floor":53,"key":"SMITH"}],"neow_cost":"NONE","seed_source_timestamp":118789685889400,"circlet_count":0,"master_deck":["AscendersBane","Strike_B","Strike_B","Defend_B","Defend_B","Zap+1","Dualcast","Glacier","Streamline","Defragment+1","Echo Form","Reinforced Body","Hologram","Doom and Gloom","Coolheaded+1","Echo Form","Go for the Eyes+1","Chill","Heatsinks+1","Leap+1","Self Repair+1","Defragment+1","Skim+1","Buffer+1","Double Energy+1","Decay","Skim","Glacier+1","Capacitor+1"],"special_seed":0,"relics":["Cracked Core","NeowsBlessing","Lantern","Membership Card","Regal Pillow","CultistMask","Vajra","Sundial","Sozu","Ancient Tea Set","Cursed Key","Red Mask","Question Card","Darkstone Periapt"],"potions_floor_usage":[],"damage_taken":[{"damage":0.0,"enemies":"Small Slimes","floor":1.0,"turns":1.0},{"damage":0.0,"enemies":"2 Louse","floor":3.0,"turns":1.0},{"damage":0.0,"enemies":"3 Sentries","floor":7.0,"turns":1.0},{"damage":13.0,"enemies":"Gremlin Nob","floor":11.0,"turns":4.0},{"damage":2.0,"enemies":"Jaw Worm","floor":12.0,"turns":4.0},{"damage":0.0,"enemies":"Large Slime","floor":13.0,"turns":7.0},{"damage":14.0,"enemies":"Red Slaver","floor":14.0,"turns":4.0},{"damage":10.0,"enemies":"The Guardian","floor":16.0,"turns":9.0},{"damage":24.0,"enemies":"3 Byrds","floor":18.0,"turns":4.0},{"damage":8.0,"enemies":"2 Thieves","floor":21.0,"turns":5.0},{"damage":0.0,"enemies":"Centurion and Healer","floor":24.0,"turns":7.0},{"damage":20.0,"enemies":"Shelled Parasite and Fungi","floor":28.0,"turns":5.0},{"damage":0.0,"enemies":"Chosen and Byrds","floor":29.0,"turns":8.0},{"damage":5.0,"enemies":"Centurion and Healer","floor":31.0,"turns":6.0},{"damage":9.0,"enemies":"Automaton","floor":33.0,"turns":11.0},{"damage":0.0,"enemies":"Orb Walker","floor":35.0,"turns":5.0},{"damage":19.0,"enemies":"3 Darklings","floor":36.0,"turns":9.0},{"damage":53.0,"enemies":"4 Shapes","floor":39.0,"turns":6.0},{"damage":0,"enemies":"Giant Head","floor":44,"turns":12},{"damage":31,"enemies":"Transient","floor":45,"turns":6},{"damage":0,"enemies":"Reptomancer","floor":47,"turns":8},{"damage":8,"enemies":"3 Darklings","floor":48,"turns":6},{"damage":30,"enemies":"Time Eater","floor":50,"turns":21},{"damage":23,"enemies":"Awakened One","floor":51,"turns":22},{"damage":68,"enemies":"Shield and Spear","floor":55,"turns":6}],"seed_played":"-6938097411714375054","potions_obtained":[{"floor":7.0,"key":"Weak Potion"},{"floor":12.0,"key":"AttackPotion"},{"floor":14.0,"key":"Poison Potion"},{"floor":16.0,"key":"Dexterity Potion"}],"is_trial":false,"path_per_floor":["M","?","M","?","$","R","E","?","T","R","E","M","M","M","R","B",null,"M","?","?","M","$","R","M","R","T","R","M","M","$","M","R","B",null,"M","M","$","?","M","R","?","R","T","E","M","R","E","M","R","B","B",null,"R","$","E"],"character_chosen":"DEFECT","items_purchased":["Membership Card","Defragment","Chill","Defragment"],"campfire_rested":3,"item_purchase_floors":[5,5,22,30],"current_hp_per_floor":[64,19,19,19,19,40,40,40,40,40,27,25,25,11,11,1,54,30,30,30,22,22,22,22,22,22,58,38,38,38,53,53,54,67,71,71,71,71,38,38,38,71,71,71,60,60,70,71,71,61,58,68,68,68,0],"gold":28,"neow_bonus":"THREE_ENEMY_KILL","is_prod":false,"is_daily":false,"chose_seed":false,"campfire_upgraded":8,"win_rate":0,"timestamp":1562869128,"path_taken":["M","?","M","?","?","R","E","?","T","R","E","?","M","?","R","BOSS","M","?","?","M","$","R","M","R","T","R","M","?","$","M","R","BOSS","M","M","?","?","M","R","?","R","T","E","?","R","E","M","R","BOSS","BOSS","R","$","E"],"build_version":"2019-07-05","purchased_purges":4,"victory":false,"max_hp_per_floor":[71,71,71,71,71,71,71,71,71,71,71,71,71,71,71,71,71,71,71,71,71,71,71,71,71,71,71,71,71,71,71,71,71,71,71,71,71,71,71,71,71,71,71,71,71,71,71,71,71,71,71,71,71,71,71],"card_choices":[{"not_picked":["Coolheaded","Force Field"],"picked":"Glacier","floor":1.0},{"not_picked":["Compile Driver","Force Field"],"picked":"Streamline","floor":3.0},{"not_picked":["Recycle","Cold Snap"],"picked":"Echo Form","floor":7.0},{"not_picked":["Self Repair","Fusion"],"picked":"Reinforced Body","floor":11.0},{"not_picked":["Sweeping Beam","Tempest"],"picked":"Hologram","floor":12.0},{"not_picked":["Turbo","Redo"],"picked":"Doom and Gloom","floor":13.0},{"not_picked":["Sweeping Beam","Hologram"],"picked":"Coolheaded","floor":14.0},{"not_picked":["Thunder Strike","Reboot"],"picked":"Echo Form","floor":16.0},{"not_picked":["Hologram","Turbo"],"picked":"Go for the Eyes","floor":18.0},{"not_picked":["Aggregate","Force Field","Reinforced Body"],"picked":"SKIP","floor":21.0},{"not_picked":["Doom and Gloom","Streamline"],"picked":"Heatsinks","floor":24.0},{"not_picked":["Steam","Compile Driver"],"picked":"Leap+1","floor":28.0},{"not_picked":["Machine Learning","Go for the Eyes"],"picked":"Self Repair+1","floor":29.0},{"not_picked":["Coolheaded","Chill+1"],"picked":"Skim","floor":31.0},{"not_picked":["Thunder Strike","Amplify"],"picked":"Buffer","floor":33.0},{"not_picked":["Turbo","Ball Lightning","Beam Cell"],"picked":"SKIP","floor":35.0},{"not_picked":["Rip and Tear","Go for the Eyes","Self Repair+1"],"picked":"SKIP","floor":36.0},{"not_picked":["Compile Driver","Go for the Eyes"],"picked":"Double Energy+1","floor":39.0},{"not_picked":["Go for the Eyes+1","Conserve Battery"],"picked":"Skim","floor":44},{"not_picked":["Sweeping Beam","Stack","Steam","Auto Shields"],"picked":"SKIP","floor":45},{"not_picked":["Leap","Cold Snap","Rebound"],"picked":"Glacier+1","floor":47},{"not_picked":["Melter","Sweeping Beam+1","Consume"],"picked":"Capacitor+1","floor":48}],"player_experience":5655219,"relics_obtained":[{"floor":7.0,"key":"Regal Pillow"},{"floor":9.0,"key":"Vajra"},{"floor":11.0,"key":"Sundial"},{"floor":44,"key":"Question Card"},{"floor":47,"key":"Darkstone Periapt"}],"event_choices":[{"damage_healed":0.0,"max_hp_gain":0.0,"max_hp_loss":0.0,"gold_gain":0.0,"event_name":"Scrap Ooze","player_choice":"Success","floor":2.0,"gold_loss":0.0,"damage_taken":45.0,"relics_obtained":["Lantern"]},{"damage_healed":0.0,"max_hp_gain":0.0,"max_hp_loss":0.0,"gold_gain":150.0,"event_name":"Liars Game","player_choice":"AGREE","floor":4.0,"gold_loss":0.0,"damage_taken":0.0,"cards_obtained":["Doubt"]},{"damage_healed":0.0,"max_hp_gain":0.0,"max_hp_loss":0.0,"gold_gain":0.0,"event_name":"FaceTrader","player_choice":"Trade","floor":8.0,"gold_loss":0.0,"damage_taken":0.0,"relics_obtained":["CultistMask"]},{"damage_healed":0.0,"max_hp_gain":0.0,"max_hp_loss":0.0,"gold_gain":0.0,"event_name":"Addict","player_choice":"Obtained Relic","floor":19.0,"gold_loss":85.0,"damage_taken":0.0,"relics_obtained":["Ancient Tea Set"]},{"cards_removed":["Strike_B"],"damage_healed":0.0,"max_hp_gain":0.0,"max_hp_loss":0.0,"gold_gain":0.0,"event_name":"Purifier","player_choice":"Purged","floor":20.0,"gold_loss":0.0,"damage_taken":0.0},{"damage_healed":0.0,"max_hp_gain":0.0,"max_hp_loss":0.0,"gold_gain":0.0,"event_name":"Tomb of Lord Red Mask","player_choice":"Paid","floor":38.0,"gold_loss":64.0,"damage_taken":0.0,"relics_obtained":["Red Mask"]},{"damage_healed":0.0,"max_hp_gain":0.0,"max_hp_loss":0.0,"gold_gain":0.0,"event_name":"Wheel of Change","player_choice":"Cursed","floor":41.0,"gold_loss":0.0,"damage_taken":0.0,"cards_obtained":["Decay"]}],"is_beta":false,"boss_relics":[{"not_picked":["Eternal Feather","Runic Dome"],"picked":"Sozu"},{"not_picked":["Runic Pyramid","Velvet Choker"],"picked":"Cursed Key"}],"items_purged_floors":[5,22,37,54],"is_endless":false,"potions_floor_spawned":[7,12,14,16,24,28,31,33,35,44,45],"killed_by":"Shield and Spear","ascension_level":20}