{"gold_per_floor":[114,125,125,142,142,142,176,251,275,298,298,317,317,360,360,360],"floor_reached":16,"playtime":401,"items_purged":[],"score":220,"play_id":"5f0d5a4e-ad18-4353-9fd5-fed590242ff8","local_time":"20190716013311","is_ascension_mode":true,"campfire_choices":[{"data":"Underhanded Strike","floor":6,"key":"SMITH"},{"data":"Footwork","floor":11,"key":"SMITH"},{"floor":15,"key":"REST"}],"neow_cost":"NONE","seed_source_timestamp":460003119211400,"circlet_count":0,"master_deck":["AscendersBane","Strike_G","Strike_G","Strike_G","Strike_G","Strike_G","Defend_G","Defend_G","Defend_G","Defend_G","Defend_G","Survivor","Neutralize+1","Backstab","Leg Sweep","Underhanded Strike+1","Heel Hook","Footwork+1","Dash","Backflip","Masterful Stab"],"relics":["Ring of the Snake","NeowsBlessing","Golden Idol","Dream Catcher","Ancient Tea Set","Snake Skull"],"potions_floor_usage":[7,12,16],"damage_taken":[{"damage":0,"enemies":"Small Slimes","floor":1,"turns":1},{"damage":0,"enemies":"Cultist","floor":2,"turns":1},{"damage":0,"enemies":"Jaw Worm","floor":4,"turns":1},{"damage":12,"enemies":"3 Sentries","floor":7,"turns":10},{"damage":0,"enemies":"Looter","floor":10,"turns":4},{"damage":4,"enemies":"Large Slime","floor":12,"turns":6},{"damage":15,"enemies":"Lagavulin","floor":14,"turns":13},{"damage":50,"enemies":"Slime Boss","floor":16,"turns":9}],"seed_played":"-669445221819989444","potions_obtained":[{"floor":1,"key":"AttackPotion"},{"floor":2,"key":"SkillPotion"},{"floor":14,"key":"SkillPotion"}],"is_trial":false,"path_per_floor":["M","M","?","M","?","R","E","?","T","M","R","M","?","E","R","B"],"character_chosen":"THE_SILENT","items_purchased":[],"campfire_rested":1,"item_purchase_floors":[],"current_hp_per_floor":[59,59,59,59,59,59,47,36,36,36,36,32,32,17,35,0],"gold":360,"neow_bonus":"THREE_ENEMY_KILL","is_prod":false,"is_daily":false,"chose_seed":false,"campfire_upgraded":2,"win_rate":0,"timestamp":1563208391,"path_taken":["M","M","?","?","?","R","E","?","T","M","R","M","?","E","R","BOSS"],"build_version":"2019-07-05","purchased_purges":0,"victory":false,"max_hp_per_floor":[66,66,66,66,60,60,60,60,60,60,60,60,60,60,60,60],"card_choices":[{"not_picked":["Dagger Spray","Backflip"],"picked":"Backstab","floor":1},{"not_picked":["Poisoned Stab","Cloak And Dagger"],"picked":"Leg Sweep","floor":2},{"not_picked":["Caltrops","Endless Agony"],"picked":"Underhanded Strike","floor":4},{"not_picked":["Deflect","Underhanded Strike"],"picked":"Heel Hook","floor":7},{"not_picked":["Skewer","Expertise"],"picked":"Footwork","floor":10},{"not_picked":["Quick Slash","Distraction"],"picked":"Dash","floor":12},{"not_picked":["Skewer","Reflex"],"picked":"Backflip","floor":14},{"not_picked":["Choke","Distraction"],"picked":"Masterful Stab","floor":15}],"player_experience":5701714,"relics_obtained":[{"floor":7,"key":"Dream Catcher"},{"floor":9,"key":"Ancient Tea Set"},{"floor":14,"key":"Snake Skull"}],"event_choices":[{"damage_healed":0,"gold_gain":0,"player_choice":"Upgraded","damage_taken":0,"max_hp_gain":0,"max_hp_loss":0,"event_name":"Upgrade Shrine","floor":3,"gold_loss":0,"cards_upgraded":["Neutralize"]},{"damage_healed":0,"gold_gain":0,"player_choice":"Lose Max HP","damage_taken":0,"relics_obtained":["Golden Idol"],"max_hp_gain":0,"max_hp_loss":6,"event_name":"Golden Idol","floor":5,"gold_loss":0},{"damage_healed":0,"gold_gain":75,"player_choice":"Gather Gold","damage_taken":11,"max_hp_gain":0,"max_hp_loss":0,"event_name":"World of Goop","floor":8,"gold_loss":0},{"damage_healed":0,"gold_gain":0,"player_choice":"Ignored","damage_taken":0,"max_hp_gain":0,"max_hp_loss":0,"event_name":"Liars Game","floor":13,"gold_loss":0}],"is_beta":false,"boss_relics":[],"items_purged_floors":[],"is_endless":false,"potions_floor_spawned":[1,2,14],"killed_by":"Slime Boss","ascension_level":20}