{"gold_per_floor":[115,115,115,115,186,186,204,204,230,257,277,108,108,128,128,128],"floor_reached":16,"playtime":343,"items_purged":[],"score":289,"play_id":"16866b1d-0578-4e7b-bd70-fb915b9658db","local_time":"20190719205800","is_ascension_mode":true,"campfire_choices":[{"floor":6,"key":"REST"},{"data":"Bash","floor":8,"key":"SMITH"},{"data":"Armaments","floor":13,"key":"SMITH"},{"floor":15,"key":"REST"}],"neow_cost":"","seed_source_timestamp":2444714502107832,"circlet_count":0,"master_deck":["AscendersBane","Strike_R","Strike_R","Strike_R+1","Strike_R","Strike_R","Defend_R+1","Defend_R","Defend_R+1","Defend_R+1","Bash+1","Thunderclap","Whirlwind","Armaments+1","Feed"],"special_seed":0,"relics":["Burning Blood","Lee\u0027s Waffle","Du-Vu Doll","War Paint","Matryoshka","Boot","Vajra","Question Card","Juzu Bracelet"],"potions_floor_usage":[16],"damage_taken":[{"damage":1.0,"enemies":"Cultist","floor":1.0,"turns":3.0},{"damage":2,"enemies":"2 Louse","floor":7,"turns":3},{"damage":35,"enemies":"Lagavulin","floor":10,"turns":8},{"damage":4,"enemies":"Jaw Worm","floor":11,"turns":3},{"damage":6,"enemies":"Exordium Thugs","floor":14,"turns":5},{"damage":65,"enemies":"Hexaghost","floor":16,"turns":9}],"seed_played":"3239201993656216154","potions_obtained":[{"floor":7,"key":"SteroidPotion"}],"is_trial":false,"path_per_floor":["M","?","?","$","T","R","M","R","T","E","M","$","R","M","R","B"],"character_chosen":"IRONCLAD","items_purchased":["Lee\u0027s Waffle","Juzu Bracelet"],"campfire_rested":2,"item_purchase_floors":[0,12],"current_hp_per_floor":[82,57,39,39,39,63,67,67,67,38,40,40,40,40,64,0],"gold":128,"neow_bonus":"","is_prod":false,"is_daily":false,"chose_seed":false,"campfire_upgraded":2,"win_rate":0,"timestamp":1563562680,"path_taken":["M","?","?","$","?","R","?","R","T","E","M","$","R","M","R","BOSS"],"build_version":"2019-07-17","purchased_purges":0,"victory":false,"max_hp_per_floor":[82,82,82,82,82,82,82,82,82,82,82,82,82,82,82,82],"card_choices":[{"not_picked":["Sword Boomerang","Infernal Blade"],"picked":"Thunderclap","floor":1.0},{"not_picked":["Seeing Red","Heavy Blade"],"picked":"Whirlwind","floor":7},{"not_picked":["Barricade","Thunderclap","Rage"],"picked":"SKIP","floor":10},{"not_picked":["Cleave","Havoc","Ghostly Armor"],"picked":"Armaments","floor":11},{"not_picked":["Shrug It Off","Metallicize","Sword Boomerang"],"picked":"Feed","floor":14}],"player_experience":488968,"relics_obtained":[{"floor":5,"key":"Matryoshka"},{"floor":9,"key":"Boot"},{"floor":9,"key":"Vajra"},{"floor":10,"key":"Question Card"}],"event_choices":[{"damage_healed":0.0,"max_hp_gain":0.0,"max_hp_loss":0.0,"gold_gain":0.0,"event_name":"Shining Light","player_choice":"Entered Light","floor":2.0,"gold_loss":0.0,"damage_taken":25.0,"cards_upgraded":["Strike_R","Defend_R"]},{"damage_healed":0.0,"max_hp_gain":0.0,"max_hp_loss":0.0,"gold_gain":0.0,"event_name":"Scrap Ooze","player_choice":"Success","floor":3.0,"gold_loss":0.0,"damage_taken":18.0,"relics_obtained":["War Paint"]}],"is_beta":false,"boss_relics":[],"items_purged_floors":[],"is_endless":false,"potions_floor_spawned":[7],"killed_by":"Hexaghost","ascension_level":19}