{"gold_per_floor":[109,123,123,139,60,95,20,49,94,126,51,78,78,96,96,194,194],"floor_reached":17,"playtime":374,"items_purged":["Survivor"],"score":766,"play_id":"24f91a4f-c096-4c1a-a985-38f936c1b0d5","local_time":"20190620023658","is_ascension_mode":true,"campfire_choices":[{"data":"Footwork","floor":15,"key":"SMITH"}],"neow_cost":"","seed_source_timestamp":109437028784800,"circlet_count":0,"master_deck":["Finesse","Finesse","Finesse","Finesse","Flash of Steel","Flash of Steel","Flash of Steel","Flash of Steel","Neutralize","PiercingWail","Catalyst","Footwork+1"],"relics":["Ring of the Snake","Shuriken","Potion Belt","Vajra","Question Card","Golden Idol","Runic Dome"],"potions_floor_usage":[16],"damage_taken":[{"damage":0,"enemies":"Small Slimes","floor":1,"turns":1},{"damage":0,"enemies":"2 Louse","floor":2,"turns":1},{"damage":0,"enemies":"Jaw Worm","floor":4,"turns":1},{"damage":0,"enemies":"Lagavulin","floor":6,"turns":2},{"damage":0,"enemies":"Gremlin Nob","floor":8,"turns":1},{"damage":0,"enemies":"Lagavulin","floor":10,"turns":1},{"damage":0,"enemies":"Gremlin Nob","floor":12,"turns":1},{"damage":0,"enemies":"Exordium Wildlife","floor":14,"turns":1},{"damage":0,"enemies":"Hexaghost","floor":16,"turns":1}],"seed_played":"-6547065961523798557","potions_obtained":[{"floor":2,"key":"SpeedPotion"},{"floor":8,"key":"SteroidPotion"},{"floor":12,"key":"GamblersBrew"},{"floor":16,"key":"Dexterity Potion"}],"is_trial":true,"path_per_floor":["M","M","?","M","$","E","$","E","T","E","?","E","?","M","R","B",null],"character_chosen":"THE_SILENT","items_purchased":["Footwork"],"campfire_rested":0,"item_purchase_floors":[5],"current_hp_per_floor":[59,59,59,59,59,59,59,59,59,59,59,59,36,36,36,36,59],"gold":194,"neow_bonus":"","is_prod":false,"is_daily":false,"chose_seed":false,"campfire_upgraded":1,"win_rate":0,"timestamp":1560965818,"path_taken":["M","M","?","M","$","E","$","E","T","E","?","E","?","M","R","BOSS"],"build_version":"2019-01-23","purchased_purges":1,"victory":false,"max_hp_per_floor":[66,66,66,66,66,66,66,66,66,66,66,66,66,66,66,66,66],"card_choices":[{"not_picked":["Predator","Quick Slash"],"picked":"PiercingWail","floor":1},{"not_picked":["PiercingWail","Dagger Throw","Catalyst"],"picked":"SKIP","floor":2},{"not_picked":["PiercingWail","Dagger Throw"],"picked":"Catalyst","floor":2},{"not_picked":["Slice","Dagger Spray","Prepared"],"picked":"SKIP","floor":4},{"not_picked":["Quick Slash","A Thousand Cuts","Tactician"],"picked":"SKIP","floor":6},{"not_picked":["Skewer","Backflip","Cloak And Dagger"],"picked":"SKIP","floor":8},{"not_picked":["Endless Agony","Predator","Quick Slash"],"picked":"SKIP","floor":10},{"not_picked":["Riddle With Holes","Reflex","Underhanded Strike"],"picked":"SKIP","floor":12},{"not_picked":["Deflect","Bouncing Flask","Flying Knee","Acrobatics"],"picked":"SKIP","floor":14}],"player_experience":5426263,"relics_obtained":[{"floor":6,"key":"Shuriken"},{"floor":8,"key":"Potion Belt"},{"floor":10,"key":"Vajra"},{"floor":12,"key":"Question Card"}],"event_choices":[{"cards_removed":["Flash of Steel"],"damage_healed":0,"gold_gain":0,"player_choice":"Forget","damage_taken":0,"max_hp_gain":0,"max_hp_loss":0,"event_name":"Living Wall","floor":3,"gold_loss":0},{"cards_removed":["Finesse"],"damage_healed":0,"gold_gain":0,"player_choice":"Card Removal","damage_taken":0,"max_hp_gain":0,"max_hp_loss":0,"event_name":"The Cleric","floor":11,"gold_loss":75},{"damage_healed":0,"gold_gain":0,"player_choice":"Take Damage","damage_taken":23,"relics_obtained":["Golden Idol"],"max_hp_gain":0,"max_hp_loss":0,"event_name":"Golden Idol","floor":13,"gold_loss":0}],"is_beta":false,"boss_relics":[{"not_picked":["Busted Crown","Ring of the Serpent"],"picked":"Runic Dome"}],"items_purged_floors":[7],"is_endless":false,"potions_floor_spawned":[2,8,12,16],"ascension_level":20}