{"gold_per_floor":[115,127,127,127,147,147,162,174,174,174,189,206,206,241,241,314,314,334,353,353,368,384,409,409,437,437,437,437,456,490,502,502,579,629,649,649,661,677,695,724,724,368,391,25,25,56,0,34,34,34,34,34,34,13,45,45],"floor_reached":57,"playtime":2002,"items_purged":["Strike_R","Strike_R"],"score":3033,"play_id":"fcc62979-f238-4bdb-b9db-a6ab728ea4ce","local_time":"20190422030455","is_ascension_mode":true,"campfire_choices":[{"data":"Armaments","floor":6,"key":"SMITH"},{"floor":10,"key":"REST"},{"data":"Inflame","floor":13,"key":"SMITH"},{"data":"Dual Wield","floor":15,"key":"SMITH"},{"data":"Shrug It Off","floor":24,"key":"SMITH"},{"data":"Uppercut","floor":32,"key":"SMITH"},{"data":"Sentinel","floor":41,"key":"SMITH"},{"floor":45,"key":"RECALL"},{"data":"Evolve","floor":49,"key":"SMITH"},{"floor":53,"key":"REST"}],"neow_cost":"CURSE","seed_source_timestamp":84820805051800,"circlet_count":0,"master_deck":["AscendersBane","Strike_R+1","Strike_R","Defend_R","Defend_R","Defend_R","Defend_R","Bash","Uppercut+1","Wild Strike","Armaments+1","Carnage","Ghostly Armor","Dropkick","Inflame+1","Dual Wield+1","Immolate","Carnage+1","Power Through","Shrug It Off+1","Necronomicurse","True Grit+1","Feed","Impervious","Second Wind","Purity","The Bomb","Double Tap","Sentinel+1","Flame Barrier","Evolve+1","Power Through+1","PokerPlayerMod:HotShotCut","Feel No Pain","Corruption"],"relics":["Burning Blood","Gambling Chip","Pen Nib","Sundial","Turnip","Snecko Eye","Bag of Preparation","Bag of Marbles","Dodecahedron","Necronomicon","Question Card","Tiny House","Pantograph","Membership Card","Ancient Tea Set","PrismaticShard","Bronze Scales","Strawberry","Ornamental Fan","Red Mask","Regal Pillow","FossilizedHelix"],"potions_floor_usage":[16,16,33,33,34,46,46,56],"damage_taken":[{"damage":25,"enemies":"Jaw Worm","floor":1,"turns":8},{"damage":13,"enemies":"Small Slimes","floor":2,"turns":5},{"damage":1,"enemies":"Cultist","floor":5,"turns":3},{"damage":26,"enemies":"Gremlin Gang","floor":7,"turns":5},{"damage":1,"enemies":"Exordium Wildlife","floor":8,"turns":4},{"damage":3,"enemies":"3 Louse","floor":11,"turns":4},{"damage":7,"enemies":"Large Slime","floor":12,"turns":5},{"damage":10,"enemies":"Lagavulin","floor":14,"turns":5},{"damage":35,"enemies":"Hexaghost","floor":16,"turns":8},{"damage":0,"enemies":"Spheric Guardian","floor":18,"turns":2},{"damage":0,"enemies":"Shell Parasite","floor":19,"turns":1},{"damage":0,"enemies":"Centurion and Healer","floor":21,"turns":3},{"damage":0,"enemies":"Snecko","floor":22,"turns":2},{"damage":0,"enemies":"Book of Stabbing","floor":23,"turns":1},{"damage":0,"enemies":"Slavers","floor":25,"turns":1},{"damage":0,"enemies":"3 Cultists","floor":29,"turns":2},{"damage":0,"enemies":"Gremlin Leader","floor":30,"turns":1},{"damage":10,"enemies":"Snake Plant","floor":31,"turns":3},{"damage":11,"enemies":"Automaton","floor":33,"turns":4},{"damage":10,"enemies":"3 Shapes","floor":35,"turns":7},{"damage":0,"enemies":"Orb Walker","floor":37,"turns":1},{"damage":0,"enemies":"Sphere and 2 Shapes","floor":38,"turns":3},{"damage":12,"enemies":"Transient","floor":39,"turns":6},{"damage":7,"enemies":"Giant Head","floor":40,"turns":4},{"damage":22,"enemies":"Nemesis","floor":46,"turns":3},{"damage":10,"enemies":"Giant Head","floor":48,"turns":5},{"damage":71,"enemies":"Time Eater","floor":50,"turns":12},{"damage":15,"enemies":"Donu and Deca","floor":51,"turns":7},{"damage":34,"enemies":"Shield and Spear","floor":55,"turns":7},{"damage":75,"enemies":"The Heart","floor":56,"turns":10}],"seed_played":"-583527280944436606","potions_obtained":[{"floor":1,"key":"Strength Potion"},{"floor":2,"key":"EssenceOfSteel"},{"floor":7,"key":"PowerPotion"},{"floor":12,"key":"Regen Potion"},{"floor":14,"key":"PowerPotion"},{"floor":19,"key":"PowerPotion"},{"floor":21,"key":"AttackPotion"},{"floor":30,"key":"GamblersBrew"},{"floor":33,"key":"PowerPotion"},{"floor":34,"key":"Fruit Juice"},{"floor":37,"key":"Fire Potion"},{"floor":46,"key":"Fruit Juice"}],"is_trial":false,"path_per_floor":["M","M","?","?","M","R","M","M","T","R","M","M","R","E","R","B",null,"M","M","?","M","M","E","R","E","T","?","?","M","E","M","R","B",null,"M","?","M","M","M","E","R","$","T","$","R","E","?","E","R","B","B",null,"R","$","E","B",null],"character_chosen":"IRONCLAD","items_purchased":["Membership Card","Flame Barrier","Ancient Tea Set","PrismaticShard","Evolve","Bronze Scales","Strawberry","Feel No Pain"],"campfire_rested":2,"item_purchase_floors":[42,42,42,44,44,44,44,54],"current_hp_per_floor":[49,42,31,31,36,36,16,21,21,43,46,45,45,41,41,12,59,65,71,71,75,75,75,75,75,75,54,54,60,66,62,62,57,81,81,71,77,87,81,80,80,80,80,87,87,79,79,75,75,35,51,94,108,108,83,39],"gold":45,"neow_bonus":"ONE_RARE_RELIC","is_prod":false,"is_daily":false,"chose_seed":false,"campfire_upgraded":7,"win_rate":0,"timestamp":1555869895,"path_taken":["M","M","?","?","?","R","?","M","T","R","M","M","R","E","R","BOSS","M","M","?","M","M","E","R","E","T","?","?","M","E","M","R","BOSS","M","?","M","M","M","E","R","$","T","$","R","E","?","E","R","BOSS","BOSS","R","$","E","BOSS"],"build_version":"2019-01-23","purchased_purges":2,"victory":true,"max_hp_per_floor":[75,75,75,75,75,75,75,75,75,75,75,75,75,75,75,75,75,75,75,75,75,75,75,75,75,75,75,75,75,75,75,75,75,85,89,89,89,93,93,93,93,93,93,100,100,108,108,108,108,108,108,108,108,108,111,111],"card_choices":[{"not_picked":["Hemokinesis","Sentinel"],"picked":"Uppercut","floor":1},{"not_picked":["Searing Blow","Body Slam"],"picked":"Wild Strike","floor":2},{"not_picked":["Reckless Charge","Iron Wave"],"picked":"Armaments","floor":5},{"not_picked":["Reckless Charge","Entrench"],"picked":"Carnage","floor":7},{"not_picked":["Cleave","Warcry"],"picked":"Ghostly Armor","floor":8},{"not_picked":["Searing Blow","Fire Breathing"],"picked":"Dropkick","floor":11},{"not_picked":["Burning Pact","Havoc"],"picked":"Inflame","floor":12},{"not_picked":["Shrug It Off","Fire Breathing"],"picked":"Dual Wield","floor":14},{"not_picked":["Dark Embrace","Bludgeon"],"picked":"Immolate","floor":16},{"not_picked":["Warcry","Corruption"],"picked":"Carnage+1","floor":18},{"not_picked":["Sever Soul","Clash","Headbutt"],"picked":"SKIP","floor":19},{"not_picked":["Pommel Strike","Headbutt","Body Slam"],"picked":"SKIP","floor":21},{"not_picked":["Havoc+1","Headbutt+1"],"picked":"Power Through","floor":22},{"not_picked":["Intimidate","Burning Pact"],"picked":"Shrug It Off","floor":23},{"not_picked":["Bloodletting","Dropkick+1","Power Through+1"],"picked":"SKIP","floor":25},{"not_picked":["Intimidate","Twin Strike","Armaments"],"picked":"SKIP","floor":29},{"not_picked":["Burning Pact","Shrug It Off"],"picked":"True Grit+1","floor":30},{"not_picked":["Shrug It Off","Iron Wave","Twin Strike"],"picked":"Feed","floor":31},{"not_picked":["Brutality","Demon Form","Offering"],"picked":"Impervious","floor":33},{"not_picked":["Anger","Power Through","Havoc+1"],"picked":"Second Wind","floor":35},{"not_picked":["Finesse","Metamorphosis","Jack Of All Trades"],"picked":"Purity","floor":36},{"not_picked":["Enlightenment","Finesse","PanicButton"],"picked":"The Bomb","floor":36},{"not_picked":["Spot Weakness+1","Pommel Strike","Hemokinesis","Thunderclap"],"picked":"SKIP","floor":37},{"not_picked":["Headbutt","Infernal Blade","Twin Strike","Dropkick+1"],"picked":"SKIP","floor":38},{"not_picked":["Warcry","Twin Strike+1","Infernal Blade"],"picked":"Double Tap","floor":39},{"not_picked":["Havoc+1","Combust","Dark Embrace"],"picked":"Sentinel","floor":40},{"not_picked":["Dual Wield","PokerPlayerMod:CloakAndDiamond","Expertise"],"picked":"Power Through+1","floor":46},{"not_picked":["Acrobatics","HandOfGreed","Slice"],"picked":"PokerPlayerMod:HotShotCut","floor":48},{"not_picked":["Chill+1","Expertise","Shrug It Off"],"picked":"Corruption","floor":55}],"player_experience":4860402,"relics_obtained":[{"floor":9,"key":"Sundial"},{"floor":14,"key":"Turnip"},{"floor":23,"key":"Bag of Preparation"},{"floor":25,"key":"Bag of Marbles"},{"floor":26,"key":"Dodecahedron"},{"floor":27,"key":"Necronomicon"},{"floor":30,"key":"Question Card"},{"floor":40,"key":"Pantograph"},{"floor":46,"key":"Ornamental Fan"},{"floor":48,"key":"Regal Pillow"},{"floor":55,"key":"FossilizedHelix"}],"event_choices":[{"damage_healed":0,"gold_gain":0,"player_choice":"Success","damage_taken":11,"relics_obtained":["Pen Nib"],"max_hp_gain":0,"max_hp_loss":0,"event_name":"Scrap Ooze","floor":3,"gold_loss":0},{"cards_removed":["Doubt"],"damage_healed":0,"gold_gain":0,"player_choice":"Removed Curses","damage_taken":0,"max_hp_gain":0,"max_hp_loss":0,"event_name":"Fountain of Cleansing","floor":4,"gold_loss":0},{"damage_healed":0,"gold_gain":0,"player_choice":"Ignored","damage_taken":0,"max_hp_gain":0,"max_hp_loss":0,"event_name":"Ghosts","floor":20,"gold_loss":0},{"damage_healed":0,"gold_gain":0,"player_choice":"Obtained Book","damage_taken":21,"max_hp_gain":0,"max_hp_loss":0,"event_name":"Cursed Tome","floor":27,"gold_loss":0},{"cards_removed":["Strike_R"],"damage_healed":0,"gold_gain":0,"player_choice":"Purged","damage_taken":0,"max_hp_gain":0,"max_hp_loss":0,"event_name":"Purifier","floor":28,"gold_loss":0},{"damage_healed":0,"gold_gain":0,"player_choice":"Memory 3","damage_taken":10,"max_hp_gain":0,"max_hp_loss":0,"event_name":"SensoryStone","floor":36,"gold_loss":0},{"damage_healed":0,"gold_gain":0,"player_choice":"Paid","damage_taken":0,"relics_obtained":["Red Mask"],"max_hp_gain":0,"max_hp_loss":0,"event_name":"Tomb of Lord Red Mask","floor":47,"gold_loss":56}],"is_beta":false,"boss_relics":[{"not_picked":["Sozu","Mark of Pain"],"picked":"Snecko Eye"},{"not_picked":["Runic Pyramid","Runic Dome"],"picked":"Tiny House"}],"items_purged_floors":[42,44],"is_endless":false,"potions_floor_spawned":[1,2,7,12,14,19,21,29,30,33,37,40,46],"ascension_level":20}