{"gold_per_floor":[112,112,132,147,164,164,184,199,224,224,149,211,211,242,242,317,317,331,381,9,9,23,23,23],"floor_reached":24,"playtime":655,"items_purged":["Defend_G"],"score":412,"play_id":"8d4739b5-b5bc-46e4-a9bd-38218b520061","local_time":"20190515042819","is_ascension_mode":true,"campfire_choices":[{"data":"Dodge and Roll","floor":6.0,"key":"SMITH"},{"floor":13,"key":"REST"},{"data":"Catalyst","floor":15,"key":"SMITH"},{"floor":23,"key":"REST"}],"neow_cost":"NONE","seed_source_timestamp":814890001441300,"circlet_count":0,"master_deck":["AscendersBane","Defend_G","Defend_G","Defend_G","Strike_G","Strike_G","Strike_G","Survivor","Neutralize","Predator","Deadly Poison","Dodge and Roll+1","Dash","PiercingWail","Caltrops","Catalyst+1","Wraith Form v2","Noxious Fumes+1","Backflip","Sucker Punch","Acrobatics","Sucker Punch+1"],"special_seed":0,"relics":["Ring of the Snake","NeowsBlessing","Bird Faced Urn","Vajra","Tiny Chest","Orichalcum","Eternal Feather","Paper Crane"],"potions_floor_usage":[12,14,16,22],"damage_taken":[{"damage":0.0,"enemies":"2 Louse","floor":1.0,"turns":1.0},{"damage":0.0,"enemies":"Small Slimes","floor":3.0,"turns":1.0},{"damage":0.0,"enemies":"Jaw Worm","floor":4.0,"turns":1.0},{"damage":13.0,"enemies":"Large Slime","floor":5.0,"turns":7.0},{"damage":3.0,"enemies":"Blue Slaver","floor":7.0,"turns":6.0},{"damage":8.0,"enemies":"Exordium Thugs","floor":8.0,"turns":6.0},{"damage":30,"enemies":"Gremlin Nob","floor":12,"turns":4},{"damage":13,"enemies":"Lagavulin","floor":14,"turns":7},{"damage":19,"enemies":"The Guardian","floor":16,"turns":11},{"damage":50,"enemies":"Chosen","floor":18,"turns":8},{"damage":3,"enemies":"Spheric Guardian","floor":22,"turns":4},{"damage":45,"enemies":"Gremlin Leader","floor":24,"turns":8}],"seed_played":"-3120135802472217477","potions_obtained":[{"floor":1.0,"key":"Strength Potion"},{"floor":7.0,"key":"Poison Potion"},{"floor":12,"key":"Regen Potion"},{"floor":14,"key":"SkillPotion"},{"floor":16,"key":"EssenceOfSteel"}],"is_trial":false,"path_per_floor":["M","?","M","M","M","R","M","M","T","?","?","E","R","E","R","B",null,"M","?","$","?","M","R","E"],"character_chosen":"THE_SILENT","items_purchased":["Paper Crane","Backflip"],"campfire_rested":2,"item_purchase_floors":[20,20],"current_hp_per_floor":[59,54,54,54,41,41,38,30,30,30,30,2,21,23,23,6,51,5,5,5,5,6,37,0],"gold":23,"neow_bonus":"THREE_ENEMY_KILL","is_prod":false,"is_daily":false,"chose_seed":false,"campfire_upgraded":2,"win_rate":0,"timestamp":1557862099,"path_taken":["M","?","M","M","M","R","M","M","T","?","?","E","R","E","R","BOSS","M","?","$","?","M","R","E"],"build_version":"2019-01-23","purchased_purges":1,"victory":false,"max_hp_per_floor":[66,66,66,66,66,66,66,66,66,66,66,66,66,66,66,66,66,66,66,66,66,66,66,66],"card_choices":[{"not_picked":["Footwork","Blade Dance"],"picked":"Predator","floor":1.0},{"not_picked":["Dodge and Roll","Backflip"],"picked":"Deadly Poison","floor":3.0},{"not_picked":["Quick Slash","Flying Knee"],"picked":"Dodge and Roll","floor":4.0},{"not_picked":["Deadly Poison","Dagger Throw"],"picked":"Dash","floor":5.0},{"not_picked":["Cloak And Dagger","Endless Agony"],"picked":"PiercingWail","floor":7.0},{"not_picked":["Dagger Throw","Prepared"],"picked":"Caltrops","floor":8.0},{"not_picked":["Setup","Prepared"],"picked":"Catalyst","floor":12},{"not_picked":["Dodge and Roll","Deflect","Expertise"],"picked":"SKIP","floor":14},{"not_picked":["Glass Knife","Adrenaline"],"picked":"Wraith Form v2","floor":16},{"not_picked":["Eviscerate","Blade Dance"],"picked":"Noxious Fumes+1","floor":18},{"not_picked":["Caltrops","Bane"],"picked":"Sucker Punch+1","floor":22}],"player_experience":5031348,"relics_obtained":[{"floor":9.0,"key":"Vajra"},{"floor":12,"key":"Tiny Chest"},{"floor":14,"key":"Orichalcum"}],"event_choices":[{"damage_healed":0.0,"max_hp_gain":0.0,"max_hp_loss":0.0,"gold_gain":0.0,"event_name":"Scrap Ooze","player_choice":"Success","floor":2.0,"gold_loss":0.0,"damage_taken":5.0,"relics_obtained":["Bird Faced Urn"]},{"damage_healed":0.0,"max_hp_gain":0.0,"max_hp_loss":0.0,"gold_gain":0.0,"event_name":"Liars Game","player_choice":"Ignored","floor":10.0,"gold_loss":0.0,"damage_taken":0.0},{"cards_removed":["Strike_G"],"damage_healed":0.0,"max_hp_gain":0.0,"max_hp_loss":0.0,"gold_gain":0.0,"event_name":"The Cleric","player_choice":"Card Removal","floor":11.0,"gold_loss":75.0,"damage_taken":0.0},{"damage_healed":0,"gold_gain":50,"player_choice":"Stole From Cult","damage_taken":0,"max_hp_gain":0,"max_hp_loss":0,"event_name":"Nest","floor":19,"gold_loss":0},{"damage_healed":0,"gold_gain":0,"cards_transformed":["Strike_G","Defend_G"],"player_choice":"Became Test Subject","damage_taken":0,"max_hp_gain":0,"max_hp_loss":0,"event_name":"Drug Dealer","floor":21,"gold_loss":0,"cards_obtained":["Sucker Punch","Acrobatics"]}],"is_beta":false,"boss_relics":[{"not_picked":["Busted Crown","Black Star"],"picked":"Eternal Feather"}],"items_purged_floors":[20],"is_endless":false,"potions_floor_spawned":[1,7,12,14,16],"killed_by":"Gremlin Leader","ascension_level":20}