{"gold_per_floor":[115,127,147,166,166,201,214,214,240,254,270,304,316,8,8,87,87,106,124,124,124,138,167,167,196,196,226,240,275,275,7,7,78,78,89,104,104,116,135,165,194,194,194,212,541,541,161,193,193,193,193,193,193,19,50,50],"floor_reached":57,"playtime":3827,"items_purged":["Strike_R+1","Strike_R+1","Strike_R+1"],"score":3049,"play_id":"95627095-0510-4cda-baf6-da58d1abb20b","local_time":"20190521033809","is_ascension_mode":true,"campfire_choices":[{"data":"Feed","floor":8,"key":"SMITH"},{"data":"Flex","floor":13,"key":"SMITH"},{"data":"Disarm","floor":15,"key":"SMITH"},{"floor":24,"key":"REST"},{"floor":32,"key":"RECALL"},{"floor":42,"key":"REST"},{"floor":49,"key":"REST"},{"floor":53,"key":"REST"}],"neow_cost":"","seed_source_timestamp":191620210940700,"circlet_count":0,"master_deck":["Spot Weakness","Feed+1","Defend_R+1","Defend_R+1","Defend_R+1","Defend_R+1","Bash","Strike_R+1","Flex+1","Impervious","Headbutt","Whirlwind","Disarm+1","Fiend Fire","Second Wind","Combust","Reaper","Reaper","Barricade","Dual Wield","Necronomicurse","Impervious","Pummel+1","Rupture","Sword Boomerang","Clothesline","Entrench","Feel No Pain+1","Entrench","Dark Shackles","Heavy Blade+1","Impervious"],"relics":["Burning Blood","Singing Bowl","Bag of Preparation","Red Skull","Strawberry","MawBank","Bird Faced Urn","Fusion Hammer","Bag of Marbles","Ornamental Fan","Ice Cream","WingedGreaves","Potion Belt","Necronomicon","Membership Card","Black Star","Mummified Hand","Ancient Tea Set","Magic Flower","Omamori","Art of War","Old Coin","Strange Spoon","Centennial Puzzle","PreservedInsect","Turnip","Incense Burner","DollysMirror","Lantern","Mercury Hourglass"],"potions_floor_usage":[6,16,23,33,38,45,45,56,56],"damage_taken":[{"damage":7,"enemies":"2 Louse","floor":1,"turns":5},{"damage":14,"enemies":"Jaw Worm","floor":2,"turns":5},{"damage":10,"enemies":"Small Slimes","floor":3,"turns":4},{"damage":25,"enemies":"3 Louse","floor":4,"turns":5},{"damage":8,"enemies":"Gremlin Nob","floor":6,"turns":3},{"damage":0,"enemies":"Large Slime","floor":7,"turns":3},{"damage":1,"enemies":"Looter","floor":10,"turns":4},{"damage":20,"enemies":"Exordium Thugs","floor":11,"turns":7},{"damage":23,"enemies":"Lagavulin","floor":12,"turns":6},{"damage":23,"enemies":"The Guardian","floor":16,"turns":11},{"damage":20,"enemies":"Chosen","floor":18,"turns":4},{"damage":33,"enemies":"2 Thieves","floor":19,"turns":3},{"damage":31,"enemies":"Snake Plant","floor":22,"turns":8},{"damage":30,"enemies":"Book of Stabbing","floor":23,"turns":4},{"damage":22,"enemies":"Gremlin Leader","floor":25,"turns":5},{"damage":44,"enemies":"Slavers","floor":27,"turns":7},{"damage":23,"enemies":"Centurion and Healer","floor":28,"turns":7},{"damage":38,"enemies":"Gremlin Leader","floor":29,"turns":8},{"damage":72,"enemies":"Automaton","floor":33,"turns":10},{"damage":24,"enemies":"3 Shapes","floor":35,"turns":8},{"damage":40,"enemies":"3 Darklings","floor":36,"turns":5},{"damage":26,"enemies":"4 Shapes","floor":38,"turns":9},{"damage":61,"enemies":"Spire Growth","floor":39,"turns":5},{"damage":25,"enemies":"Nemesis","floor":40,"turns":9},{"damage":121,"enemies":"Giant Head","floor":41,"turns":8},{"damage":4,"enemies":"Maw","floor":44,"turns":10},{"damage":56,"enemies":"Reptomancer","floor":45,"turns":12},{"damage":4,"enemies":"Giant Head","floor":48,"turns":11},{"damage":29,"enemies":"Time Eater","floor":50,"turns":22},{"damage":138,"enemies":"Awakened One","floor":51,"turns":36},{"damage":10,"enemies":"Shield and Spear","floor":55,"turns":18},{"damage":19,"enemies":"The Heart","floor":56,"turns":12}],"seed_played":"6803554075767708520","potions_obtained":[{"floor":1,"key":"FearPotion"},{"floor":2,"key":"Fire Potion"},{"floor":6,"key":"Ancient Potion"},{"floor":11,"key":"Dexterity Potion"},{"floor":12,"key":"BloodPotion"},{"floor":16,"key":"Regen Potion"},{"floor":19,"key":"Explosive Potion"},{"floor":22,"key":"Fire Potion"},{"floor":23,"key":"GamblersBrew"},{"floor":29,"key":"PowerPotion"},{"floor":33,"key":"PowerPotion"},{"floor":36,"key":"Strength Potion"},{"floor":40,"key":"SmokeBomb"},{"floor":55,"key":"Block Potion"}],"is_trial":true,"path_per_floor":["M","M","M","M","?","E","M","R","T","M","M","E","R","$","R","B",null,"M","M","?","?","M","E","R","E","T","E","M","E","?","$","R","B",null,"M","M","?","M","M","E","E","R","T","M","E","?","$","E","R","B","B",null,"R","$","E","B",null],"character_chosen":"IRONCLAD","items_purchased":["Bird Faced Urn","Membership Card","Strange Spoon","Dark Shackles","Centennial Puzzle","PreservedInsect","DollysMirror"],"campfire_rested":4,"item_purchase_floors":[14,31,47,47,47,47,54],"current_hp_per_floor":[70,65,64,48,37,38,47,47,54,59,49,36,36,36,36,38,94,102,93,93,93,93,75,114,120,120,105,103,96,75,75,75,71,129,145,145,145,139,126,141,69,118,118,168,168,170,170,174,174,178,170,176,178,178,184,184],"gold":50,"neow_bonus":"","is_prod":false,"is_daily":false,"chose_seed":false,"campfire_upgraded":3,"win_rate":0,"timestamp":1558377489,"path_taken":["M","M","M","M","?","E","M","R","T","M","M","E","R","$","R","BOSS","M","M","?","?","M","E","R","E","T","E","M","E","?","$","R","BOSS","M","M","?","M","M","E","E","R","T","M","E","?","$","E","R","BOSS","BOSS","R","$","E","BOSS"],"build_version":"2019-01-23","purchased_purges":3,"victory":true,"max_hp_per_floor":[78,81,84,87,87,90,93,93,100,100,104,108,108,108,108,112,112,118,120,120,120,126,130,130,136,136,138,144,144,144,144,144,148,148,156,156,156,160,160,164,164,164,164,168,170,170,170,174,174,178,178,178,178,178,184,184],"card_choices":[{"not_picked":["Pummel","Infernal Blade"],"picked":"Flex","floor":1},{"not_picked":["Flex","Shrug It Off"],"picked":"Impervious","floor":2},{"not_picked":["Clash","Flex"],"picked":"Headbutt","floor":3},{"not_picked":["Sword Boomerang","Inflame"],"picked":"Whirlwind","floor":4},{"not_picked":["Clothesline","Body Slam"],"picked":"Disarm","floor":6},{"not_picked":["Thunderclap","Sever Soul"],"picked":"Fiend Fire","floor":7},{"not_picked":["Headbutt","Intimidate"],"picked":"Second Wind","floor":10},{"not_picked":["True Grit","Twin Strike"],"picked":"Combust","floor":11},{"not_picked":["Headbutt","Flex"],"picked":"Reaper","floor":12},{"not_picked":["Demon Form","Brutality"],"picked":"Reaper","floor":16},{"not_picked":["Uppercut","Cleave+1","Perfected Strike"],"picked":"Singing Bowl","floor":18},{"not_picked":["Ghostly Armor","Infernal Blade","Cleave"],"picked":"Singing Bowl","floor":19},{"not_picked":["True Grit","Warcry","Brutality"],"picked":"Singing Bowl","floor":22},{"not_picked":["Armaments","Clash"],"picked":"Barricade","floor":23},{"not_picked":["Flame Barrier","Wild Strike","Dual Wield"],"picked":"Singing Bowl","floor":25},{"not_picked":["Burning Pact","Twin Strike","Iron Wave+1"],"picked":"Singing Bowl","floor":27},{"not_picked":["Armaments","Rage","Clothesline"],"picked":"Singing Bowl","floor":28},{"not_picked":["Combust","True Grit"],"picked":"Dual Wield","floor":29},{"not_picked":["Feed","Berserk"],"picked":"Impervious","floor":33},{"not_picked":["Wild Strike","Flex"],"picked":"Pummel+1","floor":35},{"not_picked":["Reckless Charge+1","Sword Boomerang+1"],"picked":"Rupture","floor":36},{"not_picked":["Fire Breathing","Body Slam"],"picked":"Sword Boomerang","floor":38},{"not_picked":["Corruption","Berserk"],"picked":"Clothesline","floor":39},{"not_picked":["Whirlwind","Battle Trance"],"picked":"Entrench","floor":40},{"not_picked":["Dropkick","Carnage"],"picked":"Feel No Pain+1","floor":41},{"not_picked":["Body Slam","Rage"],"picked":"Entrench","floor":44},{"not_picked":["Havoc+1","Cleave","Anger"],"picked":"Singing Bowl","floor":45},{"not_picked":["Barricade","Warcry"],"picked":"Heavy Blade+1","floor":48},{"not_picked":["Armaments","Pommel Strike+1","Dark Embrace"],"picked":"Singing Bowl","floor":55}],"player_experience":5093233,"relics_obtained":[{"floor":6,"key":"Red Skull"},{"floor":9,"key":"Strawberry"},{"floor":12,"key":"MawBank"},{"floor":23,"key":"Bag of Marbles"},{"floor":25,"key":"Ornamental Fan"},{"floor":26,"key":"Ice Cream"},{"floor":27,"key":"WingedGreaves"},{"floor":29,"key":"Potion Belt"},{"floor":30,"key":"Necronomicon"},{"floor":40,"key":"Mummified Hand"},{"floor":40,"key":"Ancient Tea Set"},{"floor":41,"key":"Magic Flower"},{"floor":41,"key":"Omamori"},{"floor":45,"key":"Art of War"},{"floor":45,"key":"Old Coin"},{"floor":48,"key":"Turnip"},{"floor":48,"key":"Incense Burner"},{"floor":55,"key":"Lantern"},{"floor":55,"key":"Mercury Hourglass"}],"event_choices":[{"damage_healed":0,"gold_gain":0,"player_choice":"Success","damage_taken":11,"relics_obtained":["Bag of Preparation"],"max_hp_gain":0,"max_hp_loss":0,"event_name":"Scrap Ooze","floor":5,"gold_loss":0},{"damage_healed":0,"gold_gain":0,"player_choice":"Simplicity","damage_taken":0,"max_hp_gain":0,"max_hp_loss":0,"event_name":"Back to Basics","floor":20,"gold_loss":0,"cards_upgraded":["Defend_R","Defend_R","Defend_R","Defend_R","Strike_R","Strike_R","Strike_R","Strike_R","Strike_R"]},{"damage_healed":0,"gold_gain":0,"player_choice":"Ignored","damage_taken":0,"max_hp_gain":0,"max_hp_loss":0,"event_name":"Vampires","floor":21,"gold_loss":0},{"damage_healed":0,"gold_gain":0,"player_choice":"Obtained Book","damage_taken":21,"max_hp_gain":0,"max_hp_loss":0,"event_name":"Cursed Tome","floor":30,"gold_loss":0},{"cards_removed":["Strike_R"],"damage_healed":0,"gold_gain":0,"player_choice":"Removed Attack","damage_taken":0,"max_hp_gain":0,"max_hp_loss":0,"event_name":"Falling","floor":37,"gold_loss":0},{"damage_healed":34,"gold_gain":0,"player_choice":"Writhe","damage_taken":0,"max_hp_gain":0,"max_hp_loss":0,"event_name":"Winding Halls","floor":46,"gold_loss":0,"cards_obtained":["Writhe"]}],"is_beta":false,"boss_relics":[{"not_picked":["Runic Cube","Black Blood"],"picked":"Fusion Hammer"},{"not_picked":["Eternal Feather","Empty Cage"],"picked":"Black Star"}],"items_purged_floors":[31,47,54],"is_endless":false,"potions_floor_spawned":[1,2,6,11,12,16,19,22,23,25,29,33,36,40,41,55],"ascension_level":20}