{"gold_per_floor":[109,126,143,161,161,161,192,192,192,192,206,218,49,124,124,201,201,213,213,233,253,253],"floor_reached":22,"playtime":421,"items_purged":["Strike_R"],"score":376,"play_id":"cf6565d9-b7d2-4863-ab0a-b50abb015884","local_time":"20190504031422","is_ascension_mode":true,"campfire_choices":[{"data":"Flex","floor":6,"key":"SMITH"},{"data":"Flex","floor":8,"key":"SMITH"},{"floor":10,"key":"REST"},{"data":"Double Tap","floor":15,"key":"SMITH"}],"neow_cost":"NONE","seed_source_timestamp":1123744478152900,"circlet_count":0,"master_deck":["AscendersBane","Strike_R","Strike_R","Strike_R","Defend_R","Defend_R","Defend_R","Defend_R","Bash","Flex+1","Heavy Blade","Sword Boomerang","Flex+1","Double Tap+1","Clash+1","Pummel+1","Flash of Steel+1","Feed+1","Flash of Steel+1","Shockwave","Rage+1"],"special_seed":0,"relics":["Burning Blood","Molten Egg 2","Philosopher\u0027s Stone"],"potions_floor_usage":[4,4,16],"damage_taken":[{"damage":19.0,"enemies":"Jaw Worm","floor":1.0,"turns":4.0},{"damage":2.0,"enemies":"Small Slimes","floor":2.0,"turns":4.0},{"damage":1.0,"enemies":"Cultist","floor":3.0,"turns":3.0},{"damage":12,"enemies":"Exordium Wildlife","floor":4,"turns":2},{"damage":34,"enemies":"Lagavulin","floor":7,"turns":5},{"damage":12,"enemies":"Exordium Thugs","floor":11,"turns":4},{"damage":11,"enemies":"Blue Slaver","floor":12,"turns":4},{"damage":26,"enemies":"Hexaghost","floor":16,"turns":7},{"damage":8,"enemies":"Chosen","floor":18,"turns":3},{"damage":31,"enemies":"2 Thieves","floor":20,"turns":4},{"damage":31,"enemies":"Sentry and Sphere","floor":21,"turns":4},{"damage":17,"enemies":"Snake Plant","floor":22,"turns":1}],"seed_played":"1003183287029662461","potions_obtained":[{"floor":2.0,"key":"Strength Potion"},{"floor":3.0,"key":"Explosive Potion"},{"floor":12,"key":"Swift Potion"}],"is_trial":false,"path_per_floor":["M","M","M","M","?","R","E","R","T","R","M","M","$","?","R","B",null,"M","?","M","M","M"],"character_chosen":"IRONCLAD","items_purchased":["Flash of Steel+1"],"campfire_rested":1,"item_purchase_floors":[13],"current_hp_per_floor":[62,66,71,65,58,58,30,30,30,54,48,43,43,32,32,12,65,63,63,42,17,0],"gold":253,"neow_bonus":"TEN_PERCENT_HP_BONUS","is_prod":false,"is_daily":false,"chose_seed":false,"campfire_upgraded":3,"win_rate":0,"timestamp":1556907262,"path_taken":["M","M","M","M","?","R","E","R","T","R","M","M","$","?","R","BOSS","M","?","M","?","M"],"build_version":"2019-01-23","purchased_purges":1,"victory":false,"max_hp_per_floor":[82,82,82,82,82,82,82,82,82,82,82,82,82,82,82,82,82,82,82,86,86,86],"card_choices":[{"not_picked":["Seeing Red","Disarm"],"picked":"Flex","floor":1.0},{"not_picked":["Body Slam","Shrug It Off"],"picked":"Heavy Blade","floor":2.0},{"not_picked":["Warcry","Havoc"],"picked":"Sword Boomerang","floor":3.0},{"not_picked":["Iron Wave","Pommel Strike"],"picked":"Flex","floor":4},{"not_picked":["Ghostly Armor","Fire Breathing"],"picked":"Double Tap","floor":7},{"not_picked":["Infernal Blade","Warcry"],"picked":"Clash+1","floor":11},{"not_picked":["Seeing Red","Searing Blow+1"],"picked":"Pummel+1","floor":12},{"not_picked":["Impervious","Brutality"],"picked":"Feed+1","floor":16},{"not_picked":["Anger+1","Flex","Headbutt+1"],"picked":"SKIP","floor":18},{"not_picked":["Warcry","True Grit"],"picked":"Shockwave","floor":20},{"not_picked":["Clothesline+1","Headbutt+1"],"picked":"Rage+1","floor":21}],"player_experience":4909342,"relics_obtained":[{"floor":7,"key":"Molten Egg 2"}],"event_choices":[{"cards_removed":["Strike_R"],"damage_healed":0,"gold_gain":0,"player_choice":"Card Removal","damage_taken":7,"max_hp_gain":0,"max_hp_loss":0,"event_name":"Golden Wing","floor":5,"gold_loss":0},{"damage_healed":0,"gold_gain":75,"player_choice":"Gather Gold","damage_taken":11,"max_hp_gain":0,"max_hp_loss":0,"event_name":"World of Goop","floor":14,"gold_loss":0},{"damage_healed":0,"gold_gain":0,"player_choice":"Copied","damage_taken":0,"max_hp_gain":0,"max_hp_loss":0,"event_name":"Duplicator","floor":19,"gold_loss":0,"cards_obtained":["Flash of Steel"]}],"is_beta":false,"boss_relics":[{"not_picked":["Velvet Choker","Eternal Feather"],"picked":"Philosopher\u0027s Stone"}],"items_purged_floors":[13],"is_endless":false,"potions_floor_spawned":[2,3,12],"killed_by":"Snake Plant","ascension_level":20}