{"gold_per_floor":[113,132,132,48,63,63,92,92,116,126,142,154,154,186,186,262,262,279,279,305,319,319,346,346,375,400,315,315,342,356,374,374,374],"floor_reached":33,"playtime":978,"items_purged":[],"score":705,"play_id":"8097b0ab-e633-47cd-a924-2e2fcf221ef3","local_time":"20190618003925","is_ascension_mode":true,"campfire_choices":[{"data":"Hemokinesis","floor":6,"key":"SMITH"},{"data":"Hemokinesis","floor":8,"key":"SMITH"},{"data":"Armaments","floor":13,"key":"SMITH"},{"data":"Bash","floor":15,"key":"SMITH"},{"floor":24,"key":"REST"},{"data":"Hemokinesis","floor":28,"key":"SMITH"},{"floor":32,"key":"REST"}],"neow_cost":"","seed_source_timestamp":0,"circlet_count":0,"master_deck":["Hemokinesis+1","Hemokinesis+1","Hemokinesis+1","Hemokinesis+1","Hemokinesis","Defend_R","Defend_R","Defend_R","Defend_R+1","Bash+1","Intimidate","Battle Trance","Battle Trance+1","Barricade","Armaments+1","Double Tap","Shrug It Off","Evolve","Havoc+1","Infernal Blade+1"],"relics":["Burning Blood","Burning Blood","Magic Flower","Potion Belt","Juzu Bracelet","Happy Flower","Runic Cube","Red Mask","War Paint","Darkstone Periapt","Frozen Egg 2","Strawberry"],"potions_floor_usage":[16,20,23,25,33],"damage_taken":[{"damage":9,"enemies":"2 Louse","floor":1,"turns":3},{"damage":12,"enemies":"Cultist","floor":2,"turns":2},{"damage":5,"enemies":"Small Slimes","floor":5,"turns":2},{"damage":40,"enemies":"3 Sentries","floor":7,"turns":6},{"damage":7,"enemies":"2 Fungi Beasts","floor":10,"turns":2},{"damage":14,"enemies":"Gremlin Gang","floor":11,"turns":2},{"damage":12,"enemies":"Exordium Thugs","floor":12,"turns":2},{"damage":12,"enemies":"Lagavulin","floor":14,"turns":5},{"damage":43,"enemies":"Hexaghost","floor":16,"turns":4},{"damage":30,"enemies":"2 Thieves","floor":18,"turns":3},{"damage":28,"enemies":"Masked Bandits","floor":20,"turns":3},{"damage":8,"enemies":"Chosen","floor":21,"turns":2},{"damage":41,"enemies":"Gremlin Leader","floor":23,"turns":4},{"damage":35,"enemies":"Book of Stabbing","floor":25,"turns":3},{"damage":38,"enemies":"Slavers","floor":29,"turns":4},{"damage":23,"enemies":"Snake Plant","floor":30,"turns":4},{"damage":25,"enemies":"Centurion and Healer","floor":31,"turns":6},{"damage":95,"enemies":"Champ","floor":33,"turns":10}],"seed_played":"8688402550551571609","potions_obtained":[{"floor":1,"key":"SteroidPotion"},{"floor":2,"key":"Block Potion"},{"floor":5,"key":"PowerPotion"},{"floor":12,"key":"SkillPotion"},{"floor":16,"key":"SkillPotion"},{"floor":21,"key":"Strength Potion"},{"floor":23,"key":"SneckoOil"},{"floor":25,"key":"SmokeBomb"},{"floor":29,"key":"SteroidPotion"}],"is_trial":true,"path_per_floor":["M","M","?","$","M","R","E","R","T","M","M","M","R","E","R","B",null,"M","?","?","M","?","E","R","E","T","?","R","E","M","M","R","B"],"character_chosen":"IRONCLAD","items_purchased":["Battle Trance"],"campfire_rested":2,"item_purchase_floors":[4],"current_hp_per_floor":[75,75,75,75,75,75,53,53,53,64,68,74,74,75,75,50,69,57,36,26,36,80,57,80,63,63,63,63,50,45,38,64,0],"gold":374,"neow_bonus":"","is_prod":false,"is_daily":false,"chose_seed":false,"campfire_upgraded":5,"win_rate":0,"timestamp":1560785965,"path_taken":["M","M","?","$","?","R","E","R","T","M","M","M","R","E","R","BOSS","M","?","?","M","?","E","R","E","T","?","R","E","M","M","R","BOSS"],"build_version":"2019-01-23","purchased_purges":0,"victory":false,"max_hp_per_floor":[75,75,75,75,75,75,75,75,75,75,75,75,75,75,75,75,75,75,80,80,80,80,80,80,80,80,80,80,87,87,87,87,87],"card_choices":[{"not_picked":["Inflame","Wild Strike"],"picked":"Intimidate","floor":1},{"not_picked":["Iron Wave","Whirlwind","Body Slam"],"picked":"SKIP","floor":2},{"not_picked":["Iron Wave","Sentinel"],"picked":"Battle Trance","floor":5},{"not_picked":["Battle Trance","Carnage"],"picked":"Barricade","floor":7},{"not_picked":["Dropkick","Perfected Strike","Metallicize"],"picked":"SKIP","floor":10},{"not_picked":["Dropkick","Perfected Strike","Metallicize"],"picked":"SKIP","floor":10},{"not_picked":["Sever Soul","Flex","Whirlwind"],"picked":"SKIP","floor":11},{"not_picked":["Reckless Charge","True Grit"],"picked":"Armaments","floor":12},{"not_picked":["Thunderclap","Cleave","Reckless Charge"],"picked":"SKIP","floor":14},{"not_picked":["Immolate","Fiend Fire"],"picked":"Double Tap","floor":16},{"not_picked":["Iron Wave","Shrug It Off","Havoc"],"picked":"SKIP","floor":18},{"not_picked":["Sever Soul","Perfected Strike"],"picked":"Shrug It Off","floor":21},{"not_picked":["Cleave+1","Headbutt"],"picked":"Evolve","floor":23},{"not_picked":["Clash","Berserk"],"picked":"Havoc+1","floor":25},{"not_picked":["Havoc","Heavy Blade+1","Warcry"],"picked":"SKIP","floor":29},{"not_picked":["Carnage","Clothesline"],"picked":"Infernal Blade+1","floor":30},{"not_picked":["Wild Strike","Body Slam","Flex"],"picked":"SKIP","floor":31}],"player_experience":5398156,"relics_obtained":[{"floor":7,"key":"Potion Belt"},{"floor":9,"key":"Juzu Bracelet"},{"floor":14,"key":"Happy Flower"},{"floor":20,"key":"Red Mask"},{"floor":23,"key":"War Paint"},{"floor":25,"key":"Darkstone Periapt"},{"floor":29,"key":"Strawberry"}],"event_choices":[{"damage_healed":0,"gold_gain":0,"player_choice":"Upgraded","damage_taken":0,"max_hp_gain":0,"max_hp_loss":0,"event_name":"Upgrade Shrine","floor":3,"gold_loss":0,"cards_upgraded":["Hemokinesis"]},{"damage_healed":0,"gold_gain":0,"player_choice":"Shed Blood","damage_taken":26,"max_hp_gain":5,"max_hp_loss":0,"event_name":"Forgotten Altar","floor":19,"gold_loss":0},{"damage_healed":0,"gold_gain":0,"player_choice":"Fought Bandits","damage_taken":0,"max_hp_gain":0,"max_hp_loss":0,"event_name":"Masked Bandits","floor":20,"gold_loss":0},{"damage_healed":44,"gold_gain":0,"player_choice":"Full Heal","damage_taken":0,"max_hp_gain":0,"max_hp_loss":0,"event_name":"Wheel of Change","floor":22,"gold_loss":0},{"damage_healed":0,"gold_gain":0,"player_choice":"Obtained Relic","damage_taken":0,"relics_obtained":["Frozen Egg 2"],"max_hp_gain":0,"max_hp_loss":0,"event_name":"Addict","floor":27,"gold_loss":85}],"is_beta":false,"boss_relics":[{"not_picked":["White Beast Statue","Astrolabe"],"picked":"Runic Cube"}],"items_purged_floors":[],"is_endless":false,"potions_floor_spawned":[1,2,5,12,16,21,23,25,29,30],"killed_by":"Champ","ascension_level":20}