{"gold_per_floor":[209,219,238,255,266,293,323,335,422,444,456],"floor_reached":11,"playtime":586,"items_purged":[],"score":158,"play_id":"f5abb36d-98ae-43ee-b3d0-c71347223038","local_time":"20190515041356","is_ascension_mode":true,"campfire_choices":[{"floor":8,"key":"REST"}],"neow_cost":"NONE","seed_source_timestamp":814134162093600,"circlet_count":0,"master_deck":["AscendersBane","Defend_G","Defend_G","Defend_G","Defend_G","Defend_G","Strike_G","Strike_G","Strike_G","Strike_G","Strike_G","Survivor","Neutralize","Bouncing Flask","Dagger Throw","Backflip","Wraith Form v2","Dagger Throw","Skewer","Bouncing Flask","PiercingWail"],"relics":["Ring of the Snake","MawBank"],"potions_floor_usage":[5,11,11],"damage_taken":[{"damage":3,"enemies":"Cultist","floor":1,"turns":6},{"damage":2,"enemies":"Jaw Worm","floor":2,"turns":5},{"damage":5,"enemies":"Small Slimes","floor":3,"turns":5},{"damage":0,"enemies":"2 Fungi Beasts","floor":4,"turns":4},{"damage":10,"enemies":"Large Slime","floor":5,"turns":9},{"damage":24,"enemies":"Lagavulin","floor":6,"turns":6},{"damage":9,"enemies":"Exordium Wildlife","floor":7,"turns":5},{"damage":5,"enemies":"3 Louse","floor":10,"turns":5},{"damage":9,"enemies":"3 Sentries","floor":11,"turns":4}],"seed_played":"4155657411449986278","potions_obtained":[{"floor":3,"key":"Ancient Potion"},{"floor":4,"key":"GhostInAJar"},{"floor":6,"key":"SneckoOil"}],"is_trial":false,"path_per_floor":["M","M","M","M","M","E","M","R","T","M","E"],"character_chosen":"THE_SILENT","items_purchased":[],"campfire_rested":1,"item_purchase_floors":[],"current_hp_per_floor":[56,54,49,49,39,15,6,25,25,20,11],"gold":456,"neow_bonus":"HUNDRED_GOLD","is_prod":false,"is_daily":false,"chose_seed":false,"campfire_upgraded":0,"win_rate":0,"timestamp":1557861236,"path_taken":["M","M","M","M","M","E","M","R","T","?","E"],"build_version":"2019-01-23","purchased_purges":0,"victory":false,"max_hp_per_floor":[66,66,66,66,66,66,66,66,66,66,66],"card_choices":[{"not_picked":["Bane","Acrobatics"],"picked":"Bouncing Flask","floor":1},{"not_picked":["Poisoned Stab","Eviscerate"],"picked":"Dagger Throw","floor":2},{"not_picked":["Dodge and Roll","Quick Slash"],"picked":"Backflip","floor":3},{"not_picked":["Endless Agony","Accuracy"],"picked":"Wraith Form v2","floor":4},{"not_picked":["Footwork","Sucker Punch"],"picked":"Dagger Throw","floor":5},{"not_picked":["Finisher","Acrobatics"],"picked":"Skewer","floor":6},{"not_picked":["Quick Slash","Choke"],"picked":"Bouncing Flask","floor":7},{"not_picked":["Cloak And Dagger","Backflip"],"picked":"PiercingWail","floor":10}],"player_experience":5030612,"relics_obtained":[{"floor":6,"key":"MawBank"}],"event_choices":[],"is_beta":false,"boss_relics":[],"items_purged_floors":[],"is_endless":false,"potions_floor_spawned":[3,4,6],"killed_by":"3 Sentries","ascension_level":20}