{"gold_per_floor":[118,37,50,67,67,99,99,132,157,2,0,15,39,56,56,160,160,172,172,188,188,188,219,219,219,219,219,237,45,65,65,65,162,162,179,7,26,37,37,37],"floor_reached":40,"playtime":2328,"items_purged":["Strike_G","Strike_G"],"score":499,"play_id":"963b80b2-a242-46d6-a327-828a0f06410f","local_time":"20190412183325","is_ascension_mode":true,"campfire_choices":[{"floor":7.0,"key":"REST"},{"floor":15.0,"key":"REST"},{"data":"Storm of Steel","floor":32,"key":"SMITH"}],"neow_cost":"TEN_PERCENT_HP_LOSS","seed_source_timestamp":16617203412198,"circlet_count":0,"master_deck":["Defend_G","Defend_G","Defend_G","Defend_G","Defend_G","Strike_G","Strike_G","Strike_G","Survivor","Neutralize","Footwork","Blind","Dagger Spray","Blade Dance","Calculated Gamble","Storm of Steel+1","Die Die Die","PiercingWail+1","Backflip","Adrenaline","Slice+1","Backflip","Accuracy","Cloak And Dagger+1","Adrenaline","Backflip"],"special_seed":0,"relics":["Ring of the Snake","CultistMask","PreservedInsect","Orichalcum","Bronze Scales","Odd Mushroom","WristBlade","Nloth\u0027s Gift","Omamori","Pear","Turnip","Bottled Flame","Black Star"],"potions_floor_usage":[21,23,30,33,40,40,40],"damage_taken":[{"damage":2.0,"enemies":"2 Louse","floor":1.0,"turns":3.0},{"damage":3.0,"enemies":"Cultist","floor":3.0,"turns":5.0},{"damage":0.0,"enemies":"Small Slimes","floor":4.0,"turns":2.0},{"damage":22.0,"enemies":"3 Sentries","floor":6.0,"turns":10.0},{"damage":31.0,"enemies":"Gremlin Nob","floor":8.0,"turns":5.0},{"damage":0.0,"enemies":"Looter","floor":11.0,"turns":4.0},{"damage":0.0,"enemies":"Red Slaver","floor":12.0,"turns":5.0},{"damage":1.0,"enemies":"The Mushroom Lair","floor":13.0,"turns":4.0},{"damage":15.0,"enemies":"Gremlin Gang","floor":14.0,"turns":4.0},{"damage":22.0,"enemies":"The Guardian","floor":16.0,"turns":17.0},{"damage":10.0,"enemies":"Chosen","floor":18.0,"turns":7.0},{"damage":14.0,"enemies":"Shell Parasite","floor":20.0,"turns":7.0},{"damage":0,"enemies":"Snake Plant","floor":21,"turns":1},{"damage":10,"enemies":"Slavers","floor":23,"turns":2},{"damage":12,"enemies":"Shelled Parasite and Fungi","floor":28,"turns":6},{"damage":26,"enemies":"Cultist and Chosen","floor":30,"turns":5},{"damage":58,"enemies":"Champ","floor":33,"turns":14},{"damage":47,"enemies":"3 Darklings","floor":35,"turns":6},{"damage":0,"enemies":"Orb Walker","floor":37,"turns":4},{"damage":23,"enemies":"Spire Growth","floor":38,"turns":5},{"damage":55,"enemies":"Reptomancer","floor":40,"turns":5}],"seed_played":"-7175541939295398229","potions_obtained":[{"floor":3.0,"key":"Swift Potion"},{"floor":6.0,"key":"Fire Potion"},{"floor":13.0,"key":"SmokeBomb"},{"floor":14.0,"key":"Explosive Potion"},{"floor":18.0,"key":"Fire Potion"},{"floor":30,"key":"Weak Potion"},{"floor":35,"key":"EntropicBrew"}],"is_trial":false,"path_per_floor":["M","$","M","M","?","E","R","E","T","$","M","M","?","M","R","B",null,"M","?","M","M","?","E","?","T","T","T","M","$","M","?","R","B",null,"M","$","M","M","?","E"],"character_chosen":"THE_SILENT","items_purchased":["Blind","Bronze Scales","Backflip","Accuracy","Regen Potion"],"campfire_rested":2,"item_purchase_floors":[2,10,29,29,36],"current_hp_per_floor":[61,61,58,58,58,36,54,25,25,25,27,29,30,17,35,15,63,53,53,39,39,39,29,50,60,60,60,48,48,22,83,83,25,83,36,36,36,13,34,0],"gold":37,"neow_bonus":"THREE_RARE_CARDS","is_prod":false,"is_daily":false,"chose_seed":false,"campfire_upgraded":1,"win_rate":0,"timestamp":1555108405,"path_taken":["M","$","M","M","?","E","R","E","T","?","M","M","?","M","R","BOSS","M","?","?","?","?","E","?","?","T","?","M","$","?","?","R","BOSS","M","$","M","M","?","E"],"build_version":"2019-01-23","purchased_purges":2,"victory":false,"max_hp_per_floor":[63,63,63,63,63,63,63,63,63,63,63,63,63,63,63,63,63,63,63,63,63,63,63,63,73,73,73,73,73,73,83,83,83,83,83,83,83,83,83,83],"card_choices":[{"not_picked":["Night Terror","Grand Finale"],"picked":"Envenom","floor":0.0},{"not_picked":["Dodge and Roll","Cloak And Dagger"],"picked":"Footwork","floor":1.0},{"not_picked":["Quick Slash","Dodge and Roll"],"picked":"Dagger Spray","floor":3.0},{"not_picked":["Skewer","Predator","PiercingWail"],"picked":"SKIP","floor":4.0},{"not_picked":["Grand Finale","Quick Slash","Corpse Explosion"],"picked":"SKIP","floor":6.0},{"not_picked":["Flying Knee","Dagger Spray"],"picked":"Blade Dance","floor":8.0},{"not_picked":["Expertise","Backstab","Concentrate"],"picked":"SKIP","floor":11.0},{"not_picked":["Blade Dance","Outmaneuver"],"picked":"Calculated Gamble","floor":12.0},{"not_picked":["Slice","Flechettes"],"picked":"Storm of Steel","floor":13.0},{"not_picked":["Bane","Noxious Fumes","Calculated Gamble"],"picked":"SKIP","floor":14.0},{"not_picked":["Grand Finale","Malaise"],"picked":"Die Die Die","floor":16.0},{"not_picked":["Prepared","Deflect"],"picked":"PiercingWail+1","floor":18.0},{"not_picked":["Poisoned Stab","Deflect"],"picked":"Backflip","floor":20.0},{"not_picked":["Bouncing Flask","Escape Plan+1"],"picked":"Adrenaline","floor":23},{"not_picked":["Deflect","Crippling Poison"],"picked":"Slice+1","floor":28},{"not_picked":["Catalyst+1","Deadly Poison+1"],"picked":"Cloak And Dagger+1","floor":30},{"not_picked":["Tools of the Trade","Corpse Explosion"],"picked":"Adrenaline","floor":33},{"not_picked":["Outmaneuver","Slice+1","Dagger Throw+1"],"picked":"SKIP","floor":35},{"not_picked":["Poisoned Stab","Underhanded Strike"],"picked":"Backflip","floor":37},{"not_picked":["Dodge and Roll","Footwork","Deadly Poison+1"],"picked":"SKIP","floor":38}],"player_experience":163247,"relics_obtained":[{"floor":6.0,"key":"Blood Vial"},{"floor":8.0,"key":"PreservedInsect"},{"floor":9.0,"key":"Orichalcum"},{"floor":13.0,"key":"Odd Mushroom"},{"floor":23,"key":"Omamori"},{"floor":25,"key":"Pear"},{"floor":26,"key":"Turnip"},{"floor":27,"key":"Bottled Flame"}],"event_choices":[{"damage_healed":0.0,"max_hp_gain":0.0,"max_hp_loss":0.0,"gold_gain":0.0,"event_name":"FaceTrader","player_choice":"Trade","floor":5.0,"gold_loss":0.0,"damage_taken":0.0,"relics_obtained":["CultistMask"]},{"damage_healed":0.0,"max_hp_gain":0.0,"max_hp_loss":0.0,"gold_gain":0.0,"event_name":"Mushrooms","player_choice":"Fought Mushrooms","floor":13.0,"gold_loss":0.0,"damage_taken":0.0},{"damage_healed":0.0,"max_hp_gain":0.0,"max_hp_loss":0.0,"gold_gain":0.0,"event_name":"N\u0027loth","player_choice":"Traded Relic","floor":19.0,"relics_lost":["Blood Vial"],"gold_loss":0.0,"damage_taken":0.0,"relics_obtained":["Nloth\u0027s Gift"]},{"damage_healed":0,"gold_gain":0,"player_choice":"Ignored","damage_taken":0,"max_hp_gain":0,"max_hp_loss":0,"event_name":"Ghosts","floor":22,"gold_loss":0},{"damage_healed":21,"gold_gain":0,"player_choice":"Heal","damage_taken":0,"max_hp_gain":0,"max_hp_loss":0,"event_name":"The Library","floor":24,"gold_loss":0},{"cards_removed":["Envenom"],"damage_healed":51,"gold_gain":0,"player_choice":"Offered Rare","damage_taken":0,"max_hp_gain":10,"max_hp_loss":0,"event_name":"Bonfire Elementals","floor":31,"gold_loss":0},{"damage_healed":21,"gold_gain":0,"player_choice":"Writhe","damage_taken":0,"max_hp_gain":0,"max_hp_loss":0,"event_name":"Winding Halls","floor":39,"gold_loss":0,"cards_obtained":["Writhe"]}],"is_beta":false,"boss_relics":[{"not_picked":["Ectoplasm","Runic Pyramid"],"picked":"WristBlade"},{"not_picked":["Empty Cage","Orrery"],"picked":"Black Star"}],"items_purged_floors":[29,36],"is_endless":false,"potions_floor_spawned":[3,6,13,14,18,21,30,35],"killed_by":"Reptomancer","ascension_level":4}