{"gold_per_floor":[115,134,51,68,87,87,112,124,124,149,163,163,88,105,105,182,182,202,302,302,319,333,333,351,379,379,294,294,308,308,335,335,412,412,428,428,428,428,250,250,278,278,278,290,321,335,335,346,346,346,346,346,346,4,38,38],"floor_reached":57,"playtime":2971,"items_purged":["Strike_G","Defend_G"],"score":3174,"play_id":"b56573ff-08d0-4ef3-9da6-4182215243ab","local_time":"20190524010503","is_ascension_mode":true,"campfire_choices":[{"data":"All Out Attack","floor":6,"key":"SMITH"},{"data":"Crippling Poison","floor":12,"key":"SMITH"},{"data":"Noxious Fumes","floor":15,"key":"SMITH"},{"floor":23,"key":"REST"},{"data":"Burst","floor":28,"key":"SMITH"},{"data":"Bouncing Flask","floor":30,"key":"SMITH"},{"data":"Corpse Explosion","floor":32,"key":"SMITH"},{"data":"Wraith Form v2","floor":40,"key":"SMITH"},{"data":"Well Laid Plans","floor":42,"key":"SMITH"},{"data":"Acrobatics","floor":47,"key":"SMITH"},{"floor":49,"key":"RECALL"},{"data":"Leg Sweep","floor":53,"key":"SMITH"}],"neow_cost":"NONE","seed_source_timestamp":88855456901300,"circlet_count":0,"master_deck":["AscendersBane","Defend_G","Defend_G","Defend_G","Strike_G","Strike_G+1","Strike_G+1","Survivor","Neutralize","Crippling Poison+1","Deflect","Infinite Blades","Masterful Stab","Bouncing Flask+1","All Out Attack+1","Leg Sweep+1","Noxious Fumes+1","PiercingWail","Corpse Explosion+1","Acrobatics+1","Leg Sweep","Burst+1","Catalyst+1","Wraith Form v2+1","Backflip+1","Well Laid Plans+1","Deadly Poison+1","Calculated Gamble+1","Burst+1","Calculated Gamble+1"],"relics":["Ring of the Snake","Tingsha","Ornamental Fan","Oddly Smooth Stone","Snecko Eye","Thread and Needle","Mercury Hourglass","Mango","Pantograph","Toxic Egg 2","Dream Catcher","Coffee Dripper","Whetstone","Question Card","Snake Skull","Nunchaku"],"potions_floor_usage":[5,10,16,19,19,31,35,55,56],"damage_taken":[{"damage":2,"enemies":"2 Louse","floor":1,"turns":3},{"damage":4,"enemies":"Small Slimes","floor":2,"turns":5},{"damage":0,"enemies":"Cultist","floor":4,"turns":3},{"damage":4,"enemies":"Large Slime","floor":5,"turns":6},{"damage":25,"enemies":"Lagavulin","floor":7,"turns":5},{"damage":0,"enemies":"3 Louse","floor":8,"turns":4},{"damage":0,"enemies":"3 Sentries","floor":10,"turns":4},{"damage":0,"enemies":"Blue Slaver","floor":11,"turns":3},{"damage":0,"enemies":"Lots of Slimes","floor":14,"turns":1},{"damage":0,"enemies":"Hexaghost","floor":16,"turns":9},{"damage":19,"enemies":"Shell Parasite","floor":18,"turns":5},{"damage":0,"enemies":"Colosseum Slavers","floor":19,"turns":3},{"damage":20,"enemies":"Colosseum Nobs","floor":19,"turns":3},{"damage":0,"enemies":"Chosen","floor":21,"turns":4},{"damage":0,"enemies":"3 Cultists","floor":22,"turns":3},{"damage":2,"enemies":"Centurion and Healer","floor":24,"turns":5},{"damage":0,"enemies":"Gremlin Leader","floor":25,"turns":5},{"damage":1,"enemies":"Sentry and Sphere","floor":29,"turns":3},{"damage":18,"enemies":"Book of Stabbing","floor":31,"turns":5},{"damage":0,"enemies":"Champ","floor":33,"turns":8},{"damage":0,"enemies":"3 Darklings","floor":35,"turns":4},{"damage":0,"enemies":"Reptomancer","floor":41,"turns":4},{"damage":0,"enemies":"Orb Walker","floor":44,"turns":3},{"damage":0,"enemies":"Giant Head","floor":45,"turns":6},{"damage":0,"enemies":"Spire Growth","floor":46,"turns":3},{"damage":9,"enemies":"3 Darklings","floor":48,"turns":2},{"damage":8,"enemies":"Time Eater","floor":50,"turns":4},{"damage":47,"enemies":"Awakened One","floor":51,"turns":15},{"damage":0,"enemies":"Shield and Spear","floor":55,"turns":4},{"damage":39,"enemies":"The Heart","floor":56,"turns":7}],"seed_played":"8882831388145307334","potions_obtained":[{"floor":4,"key":"Weak Potion"},{"floor":5,"key":"Swift Potion"},{"floor":8,"key":"SkillPotion"},{"floor":14,"key":"FearPotion"},{"floor":16,"key":"Weak Potion"},{"floor":18,"key":"Strength Potion"},{"floor":21,"key":"Energy Potion"},{"floor":22,"key":"SkillPotion"},{"floor":33,"key":"Fire Potion"},{"floor":35,"key":"Poison Potion"}],"is_trial":false,"path_per_floor":["M","M","$","M","M","R","E","M","T","E","M","R","$","M","R","B",null,"M","?","?","M","M","R","M","E","T","?","R","M","R","E","R","B",null,"M","?","?","?","$","R","E","R","T","M","E","M","R","M","R","B","B",null,"R","$","E","B",null],"character_chosen":"THE_SILENT","items_purchased":["Masterful Stab","Well Laid Plans","Burst+1","Snake Skull"],"campfire_rested":1,"item_purchase_floors":[3,39,54,54],"current_hp_per_floor":[57,53,53,53,49,49,24,24,24,24,24,24,24,24,24,24,56,37,17,30,30,30,49,47,61,61,61,61,60,60,42,42,67,77,77,77,77,90,90,90,90,90,90,90,90,90,90,81,81,82,43,78,78,78,78,51],"gold":38,"neow_bonus":"TRANSFORM_CARD","is_prod":false,"is_daily":false,"chose_seed":false,"campfire_upgraded":10,"win_rate":0,"timestamp":1558627503,"path_taken":["M","M","$","M","M","R","E","M","T","E","M","R","$","M","R","BOSS","M","?","?","M","M","R","M","E","T","?","R","M","R","E","R","BOSS","M","?","?","?","$","R","E","R","T","?","E","M","R","M","R","BOSS","BOSS","R","$","E","BOSS"],"build_version":"2019-01-23","purchased_purges":2,"victory":true,"max_hp_per_floor":[66,66,66,66,66,66,66,66,66,66,66,66,66,66,66,66,66,66,66,66,66,66,66,66,80,80,80,80,80,80,80,80,80,80,80,80,80,90,90,90,90,90,90,90,90,90,90,90,90,90,90,90,90,90,90,90],"card_choices":[{"not_picked":["Endless Agony","Outmaneuver"],"picked":"Deflect","floor":1},{"not_picked":["Blade Dance","Bane"],"picked":"Infinite Blades","floor":2},{"not_picked":["Underhanded Strike","Blade Dance"],"picked":"Bouncing Flask","floor":4},{"not_picked":["Finisher","Expertise"],"picked":"All Out Attack","floor":5},{"not_picked":["Predator","Tools of the Trade"],"picked":"Leg Sweep","floor":7},{"not_picked":["All Out Attack","Flying Knee","Dagger Spray"],"picked":"SKIP","floor":8},{"not_picked":["Dodge and Roll","Deflect"],"picked":"Noxious Fumes","floor":10},{"not_picked":["Finisher","Acrobatics"],"picked":"PiercingWail","floor":11},{"not_picked":["Backflip","Cloak And Dagger"],"picked":"Corpse Explosion","floor":14},{"not_picked":["Grand Finale","Night Terror"],"picked":"Storm of Steel","floor":16},{"not_picked":["Quick Slash","Dagger Spray"],"picked":"Acrobatics","floor":18},{"not_picked":["Bane","PiercingWail"],"picked":"Leg Sweep","floor":19},{"not_picked":["Dagger Spray+1","PiercingWail","Bane"],"picked":"SKIP","floor":21},{"not_picked":["Prepared+1","Quick Slash"],"picked":"Burst","floor":22},{"not_picked":["Underhanded Strike","Sucker Punch","Reflex"],"picked":"SKIP","floor":24},{"not_picked":["Deflect","Setup","Flying Knee"],"picked":"SKIP","floor":25},{"not_picked":["Bane","Underhanded Strike","Tactician+1"],"picked":"SKIP","floor":29},{"not_picked":["Distraction+1","Eviscerate"],"picked":"Catalyst+1","floor":31},{"not_picked":["A Thousand Cuts","Unload"],"picked":"Wraith Form v2","floor":33},{"not_picked":["Underhanded Strike","Blade Dance+1"],"picked":"Backflip+1","floor":35},{"not_picked":["Sucker Punch","Storm of Steel+1","Deflect+1"],"picked":"SKIP","floor":41},{"not_picked":["Cloak And Dagger+1","PiercingWail+1"],"picked":"Deadly Poison+1","floor":44},{"not_picked":["Masterful Stab","Accuracy"],"picked":"Calculated Gamble+1","floor":45},{"not_picked":["Dodge and Roll+1","Blade Dance+1","Deflect+1","Blur+1"],"picked":"SKIP","floor":46},{"not_picked":["Deflect+1","Poisoned Stab","Well Laid Plans","Prepared+1"],"picked":"SKIP","floor":48},{"not_picked":["Flying Knee","Flechettes","Dodge and Roll+1"],"picked":"Calculated Gamble+1","floor":55}],"player_experience":5121597,"relics_obtained":[{"floor":7,"key":"Tingsha"},{"floor":9,"key":"Ornamental Fan"},{"floor":10,"key":"Oddly Smooth Stone"},{"floor":19,"key":"Thread and Needle"},{"floor":19,"key":"Mercury Hourglass"},{"floor":25,"key":"Mango"},{"floor":26,"key":"Pantograph"},{"floor":31,"key":"Dream Catcher"},{"floor":41,"key":"Whetstone"},{"floor":45,"key":"Question Card"},{"floor":55,"key":"Nunchaku"}],"event_choices":[{"damage_healed":0,"gold_gain":0,"player_choice":"Fight","damage_taken":0,"max_hp_gain":0,"max_hp_loss":0,"event_name":"Colosseum","floor":19,"gold_loss":0},{"damage_healed":0,"gold_gain":0,"player_choice":"Fought Nobs","damage_taken":0,"max_hp_gain":0,"max_hp_loss":0,"event_name":"Colosseum","floor":19,"gold_loss":0},{"damage_healed":13,"gold_gain":0,"player_choice":"Heal","damage_taken":0,"max_hp_gain":0,"max_hp_loss":0,"event_name":"The Library","floor":20,"gold_loss":0},{"damage_healed":0,"gold_gain":0,"player_choice":"Obtained Relic","damage_taken":0,"relics_obtained":["Toxic Egg 2"],"max_hp_gain":0,"max_hp_loss":0,"event_name":"Addict","floor":27,"gold_loss":85},{"cards_removed":["Strike_G"],"damage_healed":0,"gold_gain":0,"player_choice":"Removed Attack","damage_taken":0,"max_hp_gain":0,"max_hp_loss":0,"event_name":"Falling","floor":36,"gold_loss":0},{"damage_healed":0,"gold_gain":0,"player_choice":"Ignored","damage_taken":0,"max_hp_gain":0,"max_hp_loss":0,"event_name":"Tomb of Lord Red Mask","floor":37,"gold_loss":0},{"cards_removed":["Storm of Steel"],"damage_healed":3,"gold_gain":0,"player_choice":"Offered Rare","damage_taken":0,"max_hp_gain":10,"max_hp_loss":0,"event_name":"Bonfire Elementals","floor":38,"gold_loss":0}],"is_beta":false,"boss_relics":[{"not_picked":["Runic Pyramid","Cursed Key"],"picked":"Snecko Eye"},{"not_picked":["Orrery","Fusion Hammer"],"picked":"Coffee Dripper"}],"items_purged_floors":[13,39],"is_endless":false,"potions_floor_spawned":[4,5,8,14,16,18,21,22,33,35,48],"ascension_level":20}