{"gold_per_floor":[118,133,145,157,176,210,210,77,77,77,92,92,117,130,130,208,208,224,124,144,169,44,79,99,129,129,129,129,148,148,165,165,237,237,250,350,350,77,77,102,102,121,148,148,197,224,224,239,239,239,239,239,239,20,51,51],"floor_reached":57,"playtime":2692,"items_purged":["Strike_G","Defend_G","Strike_G","Unload"],"score":3245,"play_id":"f86c1cca-22be-4ea2-b3b0-0d9920e8f1ee","local_time":"20190430010633","is_ascension_mode":true,"campfire_choices":[{"data":"Skewer","floor":7.0,"key":"SMITH"},{"data":"Noxious Fumes","floor":12.0,"key":"SMITH"},{"data":"Neutralize","floor":15.0,"key":"SMITH"},{"data":"A Thousand Cuts","floor":27.0,"key":"SMITH"},{"data":"Noxious Fumes","floor":30.0,"key":"SMITH"},{"data":"Acrobatics","floor":32.0,"key":"SMITH"},{"floor":41.0,"key":"RECALL"},{"data":"Cloak And Dagger","floor":44.0,"key":"SMITH"},{"data":"After Image","floor":49.0,"key":"SMITH"},{"data":"Footwork","floor":53.0,"key":"SMITH"}],"neow_cost":"TEN_PERCENT_HP_LOSS","seed_source_timestamp":768004937179000,"circlet_count":0,"master_deck":["AscendersBane","Defend_G","Defend_G","Defend_G","Survivor","Neutralize+1","Skewer+1","Noxious Fumes+1","Underhanded Strike","Poisoned Stab","Acrobatics+1","PiercingWail","Flying Knee","Backflip","Escape Plan","PiercingWail","After Image+1","Noxious Fumes+1","Dagger Spray+1","Slice+1","Poisoned Stab+1","Concentrate+1","A Thousand Cuts+1","All Out Attack","Terror","Adrenaline","Outmaneuver+1","Calculated Gamble","Footwork+1","Escape Plan","Dark Shackles","Bandage Up","Cloak And Dagger+1","Storm of Steel","Prepared+1","Footwork","Calculated Gamble","PiercingWail+1"],"special_seed":0,"relics":["Ring of the Snake","Ninja Scroll","Mummified Hand","Ornamental Fan","Meat on the Bone","Coffee Dripper","Red Mask","Bag of Marbles","Du-Vu Doll","Anchor","Runic Pyramid","Torii","Dead Branch","Prayer Wheel","Tingsha","Boot"],"potions_floor_usage":[56,56],"damage_taken":[{"damage":0.0,"enemies":"Cultist","floor":1.0,"turns":4.0},{"damage":0.0,"enemies":"Small Slimes","floor":2.0,"turns":4.0},{"damage":0.0,"enemies":"Jaw Worm","floor":3.0,"turns":2.0},{"damage":0.0,"enemies":"2 Fungi Beasts","floor":4.0,"turns":4.0},{"damage":8.0,"enemies":"3 Louse","floor":5.0,"turns":3.0},{"damage":17.0,"enemies":"Lagavulin","floor":6.0,"turns":5.0},{"damage":3.0,"enemies":"Looter","floor":11.0,"turns":2.0},{"damage":10.0,"enemies":"3 Sentries","floor":13.0,"turns":6.0},{"damage":0.0,"enemies":"2 Fungi Beasts","floor":14.0,"turns":2.0},{"damage":0.0,"enemies":"The Guardian","floor":16.0,"turns":12.0},{"damage":4.0,"enemies":"Shell Parasite","floor":18.0,"turns":4.0},{"damage":0.0,"enemies":"Chosen","floor":20.0,"turns":3.0},{"damage":13.0,"enemies":"Masked Bandits","floor":21.0,"turns":5.0},{"damage":1.0,"enemies":"Book of Stabbing","floor":23.0,"turns":6.0},{"damage":0.0,"enemies":"Snake Plant","floor":24.0,"turns":3.0},{"damage":0.0,"enemies":"Gremlin Leader","floor":25.0,"turns":3.0},{"damage":6.0,"enemies":"Snecko","floor":29.0,"turns":3.0},{"damage":2.0,"enemies":"Cultist and Chosen","floor":31.0,"turns":3.0},{"damage":31.0,"enemies":"Automaton","floor":33.0,"turns":8.0},{"damage":0.0,"enemies":"3 Shapes","floor":35.0,"turns":5.0},{"damage":0.0,"enemies":"Mind Bloom Boss Battle","floor":36.0,"turns":5.0},{"damage":0.0,"enemies":"Reptomancer","floor":40.0,"turns":5.0},{"damage":0.0,"enemies":"Orb Walker","floor":42.0,"turns":1.0},{"damage":0.0,"enemies":"2 Orb Walkers","floor":45.0,"turns":2.0},{"damage":1.0,"enemies":"Giant Head","floor":46.0,"turns":3.0},{"damage":0.0,"enemies":"Transient","floor":48.0,"turns":6.0},{"damage":0.0,"enemies":"Time Eater","floor":50.0,"turns":9.0},{"damage":0.0,"enemies":"Donu and Deca","floor":51.0,"turns":6.0},{"damage":4.0,"enemies":"Shield and Spear","floor":55.0,"turns":4.0},{"damage":25,"enemies":"The Heart","floor":56,"turns":8}],"seed_played":"-8782685244897914022","potions_obtained":[{"floor":2.0,"key":"Swift Potion"},{"floor":5.0,"key":"GamblersBrew"},{"floor":14.0,"key":"Dexterity Potion"},{"floor":20.0,"key":"GhostInAJar"},{"floor":23.0,"key":"LiquidBronze"},{"floor":24.0,"key":"Ancient Potion"},{"floor":31.0,"key":"Energy Potion"},{"floor":45.0,"key":"Strength Potion"}],"is_trial":false,"path_per_floor":["M","M","M","M","M","E","R","$","T","?","M","R","E","M","R","B",null,"M","$","M","?","$","E","M","E","T","R","?","M","R","M","R","B",null,"M","?","?","$","?","E","R","M","T","R","?","E","?","M","R","B","B",null,"R","$","E","B",null],"character_chosen":"THE_SILENT","items_purchased":["Backflip","Footwork","Escape Plan","Dexterity Potion","Footwork","Calculated Gamble"],"campfire_rested":0,"item_purchase_floors":[8,38,38,54,54,54],"current_hp_per_floor":[59,59,59,59,51,34,34,34,34,34,31,31,21,33,33,33,53,49,49,49,36,36,35,35,35,35,35,35,41,41,39,39,20,50,50,50,50,50,40,44,44,44,44,44,44,43,43,47,47,51,57,57,57,57,53,32],"gold":51,"neow_bonus":"TRANSFORM_TWO_CARDS","is_prod":false,"is_daily":false,"chose_seed":false,"campfire_upgraded":9,"win_rate":0,"timestamp":1556553993,"path_taken":["M","M","M","M","M","E","R","?","T","?","M","R","E","M","R","BOSS","M","$","M","?","$","E","M","E","T","R","?","M","R","M","R","BOSS","M","?","?","$","?","E","R","M","T","R","?","E","?","M","R","BOSS","BOSS","R","$","E","BOSS"],"build_version":"2019-01-23","purchased_purges":4,"victory":true,"max_hp_per_floor":[60,60,60,60,60,60,60,60,60,60,60,60,60,60,60,60,60,60,60,60,60,60,60,60,60,60,60,60,60,60,60,60,60,60,60,60,60,60,60,60,60,60,60,60,60,60,57,57,57,57,57,57,57,57,57,57],"card_choices":[{"not_picked":["Prepared","Dodge and Roll"],"picked":"Underhanded Strike","floor":1.0},{"not_picked":["Deflect","Cloak And Dagger"],"picked":"Poisoned Stab","floor":2.0},{"not_picked":["Blur","Sucker Punch"],"picked":"Acrobatics","floor":3.0},{"not_picked":["Caltrops","Calculated Gamble"],"picked":"PiercingWail","floor":4.0},{"not_picked":["Skewer","Finisher"],"picked":"Flying Knee","floor":5.0},{"not_picked":["Slice","Reflex"],"picked":"Unload","floor":6.0},{"not_picked":["Distraction","Sucker Punch","Slice"],"picked":"SKIP","floor":11.0},{"not_picked":["Endless Agony","Deadly Poison"],"picked":"Escape Plan","floor":13.0},{"not_picked":["Skewer","Sucker Punch"],"picked":"PiercingWail","floor":14.0},{"not_picked":["Die Die Die","Doppelganger"],"picked":"After Image","floor":16.0},{"not_picked":["Prepared","Dagger Throw"],"picked":"Noxious Fumes","floor":18.0},{"not_picked":["Deadly Poison+1","Masterful Stab"],"picked":"Dagger Spray+1","floor":20.0},{"not_picked":["Outmaneuver","Dagger Throw"],"picked":"Slice+1","floor":21.0},{"not_picked":["PiercingWail","Dodge and Roll"],"picked":"Poisoned Stab+1","floor":23.0},{"not_picked":["Flying Knee","Skewer"],"picked":"Concentrate+1","floor":24.0},{"not_picked":["Flying Knee+1","Dodge and Roll"],"picked":"A Thousand Cuts","floor":25.0},{"not_picked":["Slice","Deadly Poison"],"picked":"Terror","floor":29.0},{"not_picked":["Prepared","Eviscerate","Masterful Stab+1"],"picked":"SKIP","floor":31.0},{"not_picked":["Unload","Wraith Form v2"],"picked":"Adrenaline","floor":33.0},{"not_picked":["PiercingWail","Underhanded Strike"],"picked":"Outmaneuver+1","floor":35.0},{"not_picked":["Dagger Throw","Sucker Punch"],"picked":"Calculated Gamble","floor":36.0},{"not_picked":["Bandage Up","Dramatic Entrance"],"picked":"Dark Shackles","floor":39.0},{"not_picked":["Swift Strike","Impatience"],"picked":"Bandage Up","floor":39.0},{"not_picked":["Corpse Explosion","Underhanded Strike+1","Choke+1"],"picked":"SKIP","floor":40.0},{"not_picked":["Flying Knee+1","Outmaneuver"],"picked":"Cloak And Dagger","floor":42.0},{"not_picked":["Endless Agony","Acrobatics"],"picked":"Storm of Steel","floor":46.0},{"not_picked":["Slice","Terror"],"picked":"Prepared+1","floor":48.0},{"not_picked":["Dodge and Roll","Dagger Throw","Dash"],"picked":"SKIP","floor":48.0},{"not_picked":["Slice","PiercingWail+1","Dash+1"],"picked":"SKIP","floor":55.0},{"not_picked":["Slice","Dash+1"],"picked":"PiercingWail+1","floor":55.0}],"player_experience":4868683,"relics_obtained":[{"floor":6.0,"key":"Ninja Scroll"},{"floor":9.0,"key":"Mummified Hand"},{"floor":13.0,"key":"Meat on the Bone"},{"floor":21.0,"key":"Red Mask"},{"floor":23.0,"key":"Bag of Marbles"},{"floor":25.0,"key":"Du-Vu Doll"},{"floor":26.0,"key":"Anchor"},{"floor":36.0,"key":"Torii"},{"floor":40.0,"key":"Dead Branch"},{"floor":45.0,"key":"Prayer Wheel"},{"floor":46.0,"key":"Tingsha"},{"floor":55.0,"key":"Boot"}],"event_choices":[{"damage_healed":0.0,"max_hp_gain":0.0,"max_hp_loss":0.0,"gold_gain":0.0,"event_name":"Dead Adventurer","player_choice":"Searched \u00271\u0027 times","floor":10.0,"gold_loss":0.0,"damage_taken":0.0,"relics_obtained":["Ornamental Fan"]},{"damage_healed":0.0,"max_hp_gain":0.0,"max_hp_loss":0.0,"gold_gain":0.0,"event_name":"Masked Bandits","player_choice":"Fought Bandits","floor":21.0,"gold_loss":0.0,"damage_taken":0.0},{"damage_healed":0.0,"max_hp_gain":0.0,"max_hp_loss":0.0,"gold_gain":0.0,"cards_transformed":["Strike_G","Strike_G"],"event_name":"Drug Dealer","player_choice":"Became Test Subject","floor":28.0,"gold_loss":0.0,"damage_taken":0.0,"cards_obtained":["All Out Attack","Flying Knee"]},{"damage_healed":0.0,"max_hp_gain":0.0,"max_hp_loss":0.0,"gold_gain":0.0,"event_name":"MindBloom","player_choice":"Fight","floor":36.0,"gold_loss":0.0,"damage_taken":0.0},{"cards_removed":["Flying Knee"],"damage_healed":0.0,"max_hp_gain":0.0,"max_hp_loss":0.0,"gold_gain":0.0,"event_name":"Falling","player_choice":"Removed Attack","floor":37.0,"gold_loss":0.0,"damage_taken":0.0},{"damage_healed":0.0,"max_hp_gain":0.0,"max_hp_loss":0.0,"gold_gain":0.0,"event_name":"SensoryStone","player_choice":"Memory 3","floor":39.0,"gold_loss":0.0,"damage_taken":10.0},{"damage_healed":0.0,"max_hp_gain":0.0,"max_hp_loss":0.0,"gold_gain":0.0,"event_name":"Mysterious Sphere","player_choice":"Fight","floor":45.0,"gold_loss":0.0,"damage_taken":0.0},{"damage_healed":0.0,"max_hp_gain":0.0,"max_hp_loss":3.0,"gold_gain":0.0,"event_name":"Winding Halls","player_choice":"Max HP","floor":47.0,"gold_loss":0.0,"damage_taken":0.0}],"is_beta":false,"boss_relics":[{"not_picked":["Fusion Hammer","Velvet Choker"],"picked":"Coffee Dripper"},{"not_picked":["Empty Cage","Pandora\u0027s Box"],"picked":"Runic Pyramid"}],"items_purged_floors":[8,19,22,38],"is_endless":false,"potions_floor_spawned":[2,5,14,20,23,24,25,31,42,45,46],"ascension_level":20}