{"gold_per_floor":[114,114,114,125,125,125,135,135,135,154,171,171,184,197,197,287,287,301,315,230,230,243,243,266,266,316,62,62,87,126,171,171,171],"floor_reached":33,"playtime":1011,"items_purged":[],"score":689,"play_id":"10a7f079-7c9b-4e0d-8550-a130f23bae61","local_time":"20190714175356","is_ascension_mode":true,"campfire_choices":[{"data":"1","floor":6,"key":"LIFT"},{"data":"2","floor":15,"key":"LIFT"},{"data":"3","floor":23,"key":"LIFT"},{"data":"HandOfGreed","floor":28,"key":"SMITH"},{"floor":32,"key":"REST"}],"neow_cost":"","seed_source_timestamp":2004610201915934,"circlet_count":0,"master_deck":["AscendersBane","Strike_R","Strike_R","Strike_R","Strike_R","Strike_R","Defend_R","Defend_R","Defend_R","Defend_R","Bash","Flame Barrier","Perfected Strike","Whirlwind","True Grit","Armaments","Twin Strike","Perfected Strike","Shrug It Off","Feed","Seeing Red+1","Perfected Strike","Wild Strike","Perfected Strike","HandOfGreed+1"],"relics":["Burning Blood","Sling","Anchor","Girya","Orichalcum","Magic Flower","Art of War","Golden Idol","Eternal Feather","Singing Bowl","Blood Vial","Bronze Scales"],"potions_floor_usage":[16,24,30,33],"damage_taken":[{"damage":6,"enemies":"Jaw Worm","floor":1,"turns":4},{"damage":0,"enemies":"2 Louse","floor":4,"turns":3},{"damage":1,"enemies":"Cultist","floor":7,"turns":3},{"damage":0,"enemies":"2 Fungi Beasts","floor":10,"turns":3},{"damage":4,"enemies":"Exordium Wildlife","floor":11,"turns":5},{"damage":0,"enemies":"Lots of Slimes","floor":13,"turns":1},{"damage":7,"enemies":"Blue Slaver","floor":14,"turns":4},{"damage":56,"enemies":"Slime Boss","floor":16,"turns":8},{"damage":21,"enemies":"3 Byrds","floor":18,"turns":5},{"damage":22,"enemies":"Shell Parasite","floor":19,"turns":8},{"damage":8,"enemies":"Centurion and Healer","floor":22,"turns":5},{"damage":12,"enemies":"Snake Plant","floor":24,"turns":3},{"damage":27,"enemies":"Colosseum Slavers","floor":29,"turns":5},{"damage":54,"enemies":"Gremlin Leader","floor":30,"turns":8},{"damage":5,"enemies":"3 Cultists","floor":31,"turns":3},{"damage":77,"enemies":"Champ","floor":33,"turns":11}],"seed_played":"-7872775297477490187","potions_obtained":[{"floor":3,"key":"EssenceOfSteel"},{"floor":16,"key":"PowerPotion"},{"floor":22,"key":"Block Potion"},{"floor":30,"key":"Dexterity Potion"}],"is_trial":false,"path_per_floor":["M","?","?","M","$","R","M","$","T","M","M","?","M","M","R","B",null,"M","M","?","?","M","R","M","?","T","$","R","?","E","M","R","B"],"character_chosen":"IRONCLAD","items_purchased":["Sling","Anchor","Orichalcum","Flame Barrier","Perfected Strike","Whirlwind","Dexterity Potion","Perfected Strike","HandOfGreed"],"campfire_rested":1,"item_purchase_floors":[0,0,0,0,0,0,0,27,27],"current_hp_per_floor":[24,24,24,33,33,33,41,41,41,50,55,55,64,66,66,19,56,49,41,41,41,47,59,58,58,58,58,73,58,18,27,66,0],"gold":171,"neow_bonus":"","is_prod":false,"is_daily":false,"chose_seed":false,"campfire_upgraded":1,"win_rate":0,"timestamp":1563123236,"path_taken":["M","?","?","M","$","R","M","$","T","?","M","?","M","M","R","BOSS","M","M","?","?","M","R","?","?","T","$","R","?","E","M","R","BOSS"],"build_version":"2019-07-05","purchased_purges":0,"victory":false,"max_hp_per_floor":[75,75,75,75,75,75,75,75,75,75,75,68,68,68,68,68,68,71,74,74,74,77,77,79,79,79,79,79,79,81,83,83,83],"card_choices":[{"not_picked":["Sword Boomerang","Combust"],"picked":"True Grit","floor":1},{"not_picked":["Pummel","Heavy Blade"],"picked":"Armaments","floor":4},{"not_picked":["Exhume","Clothesline","Inflame"],"picked":"SKIP","floor":7},{"not_picked":["Iron Wave","Blood for Blood","Bloodletting"],"picked":"SKIP","floor":10},{"not_picked":["Body Slam","Clash"],"picked":"Twin Strike","floor":11},{"not_picked":["Seeing Red","Anger"],"picked":"Perfected Strike","floor":13},{"not_picked":["Heavy Blade","Flex"],"picked":"Shrug It Off","floor":14},{"not_picked":["Barricade","Impervious"],"picked":"Feed","floor":16},{"not_picked":["Warcry","Blood for Blood"],"picked":"Seeing Red+1","floor":18},{"not_picked":["Inflame","Thunderclap"],"picked":"Perfected Strike","floor":19},{"not_picked":["Dual Wield","Thunderclap"],"picked":"Wild Strike","floor":22},{"not_picked":["Cleave","Thunderclap","Clothesline"],"picked":"Singing Bowl","floor":24},{"not_picked":["Cleave","Infernal Blade","Intimidate+1"],"picked":"Singing Bowl","floor":30},{"not_picked":["Shrug It Off","Disarm+1","Dropkick"],"picked":"Singing Bowl","floor":31}],"player_experience":419846,"relics_obtained":[{"floor":9,"key":"Art of War"},{"floor":26,"key":"Blood Vial"},{"floor":30,"key":"Bronze Scales"}],"event_choices":[{"cards_removed":["Regret"],"damage_healed":0,"gold_gain":0,"player_choice":"Forget","damage_taken":0,"max_hp_gain":0,"max_hp_loss":0,"event_name":"Living Wall","floor":2,"gold_loss":0},{"damage_healed":0,"gold_gain":0,"player_choice":"Got Potions","damage_taken":0,"max_hp_gain":0,"max_hp_loss":0,"event_name":"Lab","floor":3,"gold_loss":0},{"damage_healed":0,"gold_gain":0,"player_choice":"Lose Max HP","damage_taken":0,"relics_obtained":["Golden Idol"],"max_hp_gain":0,"max_hp_loss":7,"event_name":"Golden Idol","floor":12,"gold_loss":0},{"damage_healed":0,"gold_gain":0,"player_choice":"Obtained Relic","damage_taken":0,"relics_obtained":["Singing Bowl"],"max_hp_gain":0,"max_hp_loss":0,"event_name":"Addict","floor":20,"gold_loss":85},{"damage_healed":0,"gold_gain":0,"player_choice":"Ignored","damage_taken":0,"max_hp_gain":0,"max_hp_loss":0,"event_name":"N\u0027loth","floor":21,"gold_loss":0},{"damage_healed":0,"gold_gain":0,"player_choice":"Ignored","damage_taken":0,"max_hp_gain":0,"max_hp_loss":0,"event_name":"Beggar","floor":25,"gold_loss":0},{"damage_healed":0,"gold_gain":0,"player_choice":"Fight","damage_taken":0,"max_hp_gain":0,"max_hp_loss":0,"event_name":"Colosseum","floor":29,"gold_loss":0},{"damage_healed":0,"gold_gain":0,"player_choice":"Fled From Nobs","damage_taken":0,"max_hp_gain":0,"max_hp_loss":0,"event_name":"Colosseum","floor":29,"gold_loss":0}],"is_beta":false,"boss_relics":[{"not_picked":["Lizard Tail","White Beast Statue"],"picked":"Eternal Feather"}],"items_purged_floors":[],"is_endless":false,"potions_floor_spawned":[4,10,11,16,19,22,30],"killed_by":"Champ","ascension_level":17}