{"gold_per_floor":[118,118,128,142,17,17,49,63,108,73,106,106,6,19,19,90,90,105,105,122,134,134,161,175,209,209,222,233,250,250,250,250,328,328,345,345,345,362,373,373],"floor_reached":40,"playtime":1877,"items_purged":["Strike_B","Strike_B"],"score":1005,"play_id":"d4a7240c-0d3d-4746-ae9d-b4e5073ba66d","local_time":"20190713002931","is_ascension_mode":true,"campfire_choices":[{"data":"Chaos","floor":6,"key":"SMITH"},{"floor":12,"key":"REST"},{"data":"Creative AI","floor":15,"key":"SMITH"},{"floor":30,"key":"REST"},{"floor":32,"key":"REST"}],"neow_cost":"NONE","seed_source_timestamp":195506955227600,"circlet_count":0,"master_deck":["AscendersBane","Defend_B","Defend_B+1","Defend_B","Zap","Dualcast+1","Ball Lightning","Chaos+1","Compile Driver","Rebound","Lockon","Go for the Eyes","Creative AI+1","Coolheaded+1","Genetic Algorithm+1","Turbo+1","Glacier+1","Multi-Cast+1","Lockon+1","Coolheaded+1","Streamline+1","Coolheaded+1","Hologram+1","Defragment+1","Seek+1","Consume+1","Turbo+1","Coolheaded+1","BootSequence+1","Redo+1","Creative AI","Conserve Battery+1","Turbo+1"],"relics":["Cracked Core","NeowsBlessing","Toxic Egg 2","Smiling Mask","Centennial Puzzle","Astrolabe","Blood Vial","War Paint","Gremlin Horn","Nuclear Battery"],"potions_floor_usage":[7,16,23,25,25,25],"damage_taken":[{"damage":0,"enemies":"2 Louse","floor":1,"turns":1},{"damage":0,"enemies":"Cultist","floor":3,"turns":1},{"damage":0,"enemies":"Small Slimes","floor":4,"turns":1},{"damage":8,"enemies":"Lagavulin","floor":7,"turns":5},{"damage":30,"enemies":"Gremlin Gang","floor":8,"turns":5},{"damage":25,"enemies":"3 Sentries","floor":11,"turns":7},{"damage":6,"enemies":"Looter","floor":14,"turns":2},{"damage":9,"enemies":"The Guardian","floor":16,"turns":10},{"damage":4,"enemies":"Spheric Guardian","floor":18,"turns":3},{"damage":4,"enemies":"3 Byrds","floor":20,"turns":5},{"damage":10,"enemies":"Snecko","floor":21,"turns":5},{"damage":17,"enemies":"Gremlin Leader","floor":23,"turns":6},{"damage":37,"enemies":"Cultist and Chosen","floor":24,"turns":8},{"damage":3,"enemies":"Book of Stabbing","floor":25,"turns":7},{"damage":0,"enemies":"Snake Plant","floor":27,"turns":3},{"damage":21,"enemies":"Sentry and Sphere","floor":28,"turns":4},{"damage":0,"enemies":"Centurion and Healer","floor":29,"turns":5},{"damage":0,"enemies":"Champ","floor":33,"turns":11},{"damage":13,"enemies":"Orb Walker","floor":35,"turns":3},{"damage":28,"enemies":"3 Darklings","floor":38,"turns":7},{"damage":9,"enemies":"Maw","floor":39,"turns":10},{"damage":39,"enemies":"Reptomancer","floor":40,"turns":3}],"seed_played":"1667712627752837589","potions_obtained":[{"floor":3,"key":"Block Potion"},{"floor":7,"key":"Weak Potion"},{"floor":14,"key":"PowerPotion"},{"floor":18,"key":"PowerPotion"},{"floor":21,"key":"FearPotion"},{"floor":24,"key":"EntropicBrew"},{"floor":25,"key":"Dexterity Potion"}],"is_trial":false,"path_per_floor":["M","?","M","M","$","R","E","M","T","?","E","R","$","M","R","B",null,"M","?","M","M","?","E","M","E","T","M","M","M","R","?","R","B",null,"M","?","?","M","M","E"],"character_chosen":"DEFECT","items_purchased":["Go for the Eyes","Turbo+1"],"campfire_rested":3,"item_purchase_floors":[5,13],"current_hp_per_floor":[64,64,64,64,64,64,56,26,26,43,18,39,39,33,33,24,59,55,55,51,41,81,64,29,28,28,30,11,13,37,37,61,63,77,66,66,66,40,33,0],"gold":373,"neow_bonus":"THREE_ENEMY_KILL","is_prod":false,"is_daily":false,"chose_seed":false,"campfire_upgraded":2,"win_rate":0,"timestamp":1562945371,"path_taken":["M","?","?","M","?","R","E","M","T","?","E","R","$","M","R","BOSS","M","?","M","?","?","E","?","E","T","M","M","M","R","?","R","BOSS","M","?","?","?","M","E"],"build_version":"2019-07-05","purchased_purges":2,"victory":false,"max_hp_per_floor":[71,71,71,71,71,71,71,71,71,71,71,71,71,71,71,71,71,71,71,71,71,81,81,81,81,81,81,81,81,81,81,81,81,81,81,81,81,81,81,81],"card_choices":[{"not_picked":["Stack","Gash"],"picked":"Ball Lightning","floor":1},{"not_picked":["Sweeping Beam","Cold Snap"],"picked":"Rebound","floor":3},{"not_picked":["Sweeping Beam","Amplify"],"picked":"Lockon","floor":4},{"not_picked":["Leap","Gash"],"picked":"Creative AI","floor":7},{"not_picked":["Melter","Ball Lightning"],"picked":"Coolheaded+1","floor":8},{"not_picked":["Capacitor","Stack+1"],"picked":"Genetic Algorithm+1","floor":11},{"not_picked":["Chaos+1","Capacitor"],"picked":"Glacier+1","floor":14},{"not_picked":["Creative AI","Echo Form"],"picked":"Multi-Cast+1","floor":16},{"not_picked":["Scrape","Glacier+1"],"picked":"Coolheaded+1","floor":18},{"not_picked":["Aggregate+1","Redo+1"],"picked":"Defragment+1","floor":20},{"not_picked":["Ball Lightning","Static Discharge","Scrape+1"],"picked":"SKIP","floor":21},{"not_picked":["Reprogram+1","Beam Cell"],"picked":"Seek+1","floor":23},{"not_picked":["Cold Snap","Ball Lightning"],"picked":"Consume+1","floor":24},{"not_picked":["White Noise+1","Lockon+1"],"picked":"Turbo+1","floor":25},{"not_picked":["Conserve Battery+1","Leap+1"],"picked":"Coolheaded+1","floor":27},{"not_picked":["Multi-Cast+1","Force Field+1"],"picked":"BootSequence+1","floor":28},{"not_picked":["Loop","Coolheaded+1"],"picked":"Redo+1","floor":29},{"not_picked":["Multi-Cast+1","Seek+1"],"picked":"Creative AI","floor":33},{"not_picked":["Redo+1","Conserve Battery+1","Loop"],"picked":"SKIP","floor":35},{"not_picked":["Rip and Tear+1","Stack+1"],"picked":"Conserve Battery+1","floor":38},{"not_picked":["Sunder","Barrage"],"picked":"Turbo+1","floor":39}],"player_experience":5658605,"relics_obtained":[{"floor":7,"key":"Toxic Egg 2"},{"floor":9,"key":"Smiling Mask"},{"floor":11,"key":"Centennial Puzzle"},{"floor":23,"key":"Blood Vial"},{"floor":25,"key":"War Paint"},{"floor":26,"key":"Gremlin Horn"}],"event_choices":[{"damage_healed":0,"gold_gain":0,"player_choice":"3 cards matched","damage_taken":0,"max_hp_gain":0,"max_hp_loss":0,"event_name":"Match and Keep!","floor":2,"gold_loss":0,"cards_obtained":["Chaos","Compile Driver","All For One"]},{"damage_healed":0,"gold_gain":0,"player_choice":"3 cards matched","damage_taken":0,"max_hp_gain":0,"max_hp_loss":0,"event_name":"Match and Keep!","floor":2,"gold_loss":0,"cards_obtained":["Chaos","Compile Driver","All For One"]},{"damage_healed":17,"gold_gain":0,"player_choice":"Healed","damage_taken":0,"max_hp_gain":0,"max_hp_loss":0,"event_name":"The Cleric","floor":10,"gold_loss":35},{"damage_healed":0,"gold_gain":0,"player_choice":"1 cards matched","damage_taken":0,"max_hp_gain":0,"max_hp_loss":0,"event_name":"Match and Keep!","floor":19,"gold_loss":0,"cards_obtained":["Hologram"]},{"cards_removed":["All For One"],"damage_healed":30,"gold_gain":0,"player_choice":"Offered Rare","damage_taken":0,"max_hp_gain":10,"max_hp_loss":0,"event_name":"Bonfire Elementals","floor":22,"gold_loss":0},{"damage_healed":0,"gold_gain":0,"player_choice":"Ignored","damage_taken":0,"max_hp_gain":0,"max_hp_loss":0,"event_name":"The Mausoleum","floor":31,"gold_loss":0},{"damage_healed":0,"gold_gain":0,"player_choice":"Ignored","damage_taken":0,"max_hp_gain":0,"max_hp_loss":0,"event_name":"Tomb of Lord Red Mask","floor":36,"gold_loss":0},{"damage_healed":0,"gold_gain":0,"player_choice":"Ignored","damage_taken":0,"max_hp_gain":0,"max_hp_loss":0,"event_name":"SecretPortal","floor":37,"gold_loss":0}],"is_beta":false,"boss_relics":[{"not_picked":["Orrery","Philosopher\u0027s Stone"],"picked":"Astrolabe"},{"not_picked":["Tiny House","Velvet Choker"],"picked":"Nuclear Battery"}],"items_purged_floors":[5,13],"is_endless":false,"potions_floor_spawned":[3,7,14,18,21,24,25,35],"killed_by":"Reptomancer","ascension_level":20}