{"gold_per_floor":[161,181,201,221,221,221,234,262,274,298,340,352,364,376,388,504,516,541,188,188,202,213,246,10,21,44,44,44,57,67,67],"floor_reached":31,"playtime":1334,"items_purged":["Strike_B"],"score":307,"play_id":"ca1f84f7-13ae-40e0-b381-fdedfc3f7e8f","local_time":"20190719220017","is_ascension_mode":true,"campfire_choices":[{"floor":6,"key":"RECALL"},{"floor":13,"key":"REST"},{"floor":15,"key":"REST"}],"neow_cost":"NONE","seed_source_timestamp":791188490482800,"circlet_count":0,"master_deck":["Strike_B+1","Defend_B","Zap","Dualcast","Chill","Static Discharge","Turbo+1","Sunder","Stack","FTL","Biased Cognition","Capacitor","Regret","Melter","Rainbow","Barrage+1","Panache","Discovery+1","Genetic Algorithm","Consume+1","Storm","BootSequence","Melter","Hello World","Lockon","Loop"],"relics":["Tiny House","MawBank","Mummified Hand","Darkstone Periapt","Symbiotic Virus","Black Star","Pear","Dream Catcher","War Paint"],"potions_floor_usage":[7,8,8,11,22,23,23,31],"damage_taken":[{"damage":10,"enemies":"2 Louse","floor":1,"turns":3},{"damage":6,"enemies":"Jaw Worm","floor":2,"turns":4},{"damage":1,"enemies":"Small Slimes","floor":3,"turns":4},{"damage":3,"enemies":"Looter","floor":4,"turns":2},{"damage":8,"enemies":"2 Fungi Beasts","floor":7,"turns":3},{"damage":24,"enemies":"Gremlin Nob","floor":8,"turns":4},{"damage":10,"enemies":"Lots of Slimes","floor":10,"turns":4},{"damage":9,"enemies":"3 Sentries","floor":11,"turns":6},{"damage":38,"enemies":"Hexaghost","floor":16,"turns":6},{"damage":9,"enemies":"2 Thieves","floor":18,"turns":3},{"damage":0,"enemies":"Spheric Guardian","floor":21,"turns":3},{"damage":23,"enemies":"Snake Plant","floor":22,"turns":4},{"damage":18,"enemies":"Book of Stabbing","floor":23,"turns":5},{"damage":18,"enemies":"Cultist and Chosen","floor":25,"turns":4},{"damage":9,"enemies":"Shelled Parasite and Fungi","floor":29,"turns":3},{"damage":14,"enemies":"Centurion and Healer","floor":30,"turns":5},{"damage":10,"enemies":"Snecko","floor":31,"turns":2}],"seed_played":"-6535126898839425970","potions_obtained":[{"floor":0,"key":"Fire Potion"},{"floor":1,"key":"Fire Potion"},{"floor":2,"key":"Regen Potion"},{"floor":8,"key":"Dexterity Potion"},{"floor":16,"key":"Block Potion"},{"floor":21,"key":"GamblersBrew"},{"floor":22,"key":"PowerPotion"},{"floor":30,"key":"SpeedPotion"}],"is_trial":false,"path_per_floor":["M","M","M","M","?","R","M","E","T","M","E","?","R","?","R","B",null,"M","$","?","M","M","E","$","M","T","?","?","M","M","M"],"character_chosen":"DEFECT","items_purchased":["Panache","Discovery","Storm","War Paint"],"campfire_rested":2,"item_purchase_floors":[19,19,24,24],"current_hp_per_floor":[70,64,63,60,53,53,45,33,33,23,14,20,45,45,70,32,86,77,77,77,77,54,46,46,28,28,28,28,19,5,0],"gold":67,"neow_bonus":"BOSS_RELIC","is_prod":false,"is_daily":false,"chose_seed":false,"campfire_upgraded":0,"win_rate":0,"timestamp":1563591617,"path_taken":["M","M","M","M","?","R","M","E","T","M","E","?","R","?","R","BOSS","M","?","?","M","M","E","$","M","T","?","?","?","M","M"],"build_version":"2019-07-17","purchased_purges":1,"victory":false,"max_hp_per_floor":[80,80,80,80,80,80,80,80,80,80,80,86,86,86,86,86,86,86,86,86,86,86,96,96,96,96,96,96,96,96,96],"card_choices":[{"not_picked":["Force Field","Conserve Battery"],"picked":"Chill","floor":0},{"not_picked":["Consume","Cold Snap"],"picked":"Static Discharge","floor":1},{"not_picked":["Static Discharge","Cold Snap"],"picked":"Turbo","floor":2},{"not_picked":["Chill","Defragment"],"picked":"Sunder","floor":3},{"not_picked":["Hologram","Streamline"],"picked":"Stack","floor":4},{"not_picked":["Gash","Cold Snap"],"picked":"FTL","floor":7},{"not_picked":["Scrape","Stack"],"picked":"Biased Cognition","floor":8},{"not_picked":["Rebound","Beam Cell","Rip and Tear"],"picked":"SKIP","floor":10},{"not_picked":["Rebound","Sweeping Beam"],"picked":"Capacitor","floor":11},{"not_picked":["Thunder Strike","Buffer"],"picked":"Rainbow","floor":16},{"not_picked":["Aggregate+1","Sweeping Beam+1"],"picked":"Barrage+1","floor":18},{"not_picked":["Coolheaded","Hologram"],"picked":"Genetic Algorithm","floor":21},{"not_picked":["Stack","Sweeping Beam","Conserve Battery"],"picked":"SKIP","floor":22},{"not_picked":["BootSequence","Compile Driver"],"picked":"Consume+1","floor":23},{"not_picked":["Echo Form","Go for the Eyes+1"],"picked":"BootSequence","floor":25},{"not_picked":["Skim+1","Auto Shields"],"picked":"Lockon","floor":29},{"not_picked":["Hologram+1","Rebound+1"],"picked":"Loop","floor":30}],"player_experience":102204,"relics_obtained":[{"floor":8,"key":"MawBank"},{"floor":9,"key":"Mummified Hand"},{"floor":11,"key":"Darkstone Periapt"},{"floor":23,"key":"Pear"},{"floor":23,"key":"Dream Catcher"}],"event_choices":[{"cards_removed":["Defend_B"],"damage_healed":0,"gold_gain":0,"player_choice":"Card Removal","damage_taken":7,"max_hp_gain":0,"max_hp_loss":0,"event_name":"Golden Wing","floor":5,"gold_loss":0},{"damage_healed":0,"gold_gain":0,"player_choice":"Box","damage_taken":0,"relics_obtained":["Symbiotic Virus"],"max_hp_gain":0,"max_hp_loss":0,"event_name":"Big Fish","floor":12,"gold_loss":0,"cards_obtained":["Regret"]},{"damage_healed":0,"gold_gain":0,"cards_transformed":["Defend_B"],"player_choice":"Transformed","damage_taken":0,"max_hp_gain":0,"max_hp_loss":0,"event_name":"Transmorgrifier","floor":14,"gold_loss":0,"cards_obtained":["Melter"]},{"damage_healed":0,"gold_gain":0,"player_choice":"Ignored","damage_taken":0,"max_hp_gain":0,"max_hp_loss":0,"event_name":"Vampires","floor":20,"gold_loss":0},{"damage_healed":0,"gold_gain":0,"cards_transformed":["Strike_B","Defend_B"],"player_choice":"Became Test Subject","damage_taken":0,"max_hp_gain":0,"max_hp_loss":0,"event_name":"Drug Dealer","floor":27,"gold_loss":0,"cards_obtained":["Melter","Hello World"]},{"cards_removed":["Strike_B"],"damage_healed":0,"gold_gain":0,"player_choice":"Purged","damage_taken":0,"max_hp_gain":0,"max_hp_loss":0,"event_name":"Purifier","floor":28,"gold_loss":0}],"is_beta":false,"boss_relics":[{"not_picked":["Velvet Choker","Busted Crown"],"picked":"Black Star"}],"items_purged_floors":[19],"is_endless":false,"potions_floor_spawned":[1,2,8,16,21,22,30],"killed_by":"Snecko","ascension_level":1}