{"gold_per_floor":[117,135,146,146,162,162,37,62,87,115,115,134,169,183,183,262,262,282,282,302,316,81,81],"floor_reached":23,"playtime":722,"items_purged":["Pain","Anger"],"score":426,"play_id":"3f3dabcb-ed57-4490-9818-3f0ba6932701","local_time":"20190611005041","is_ascension_mode":true,"campfire_choices":[{"data":"Combust","floor":6,"key":"SMITH"},{"data":"Immolate","floor":11,"key":"SMITH"},{"floor":15,"key":"REST"}],"neow_cost":"NONE","seed_source_timestamp":1307381559741800,"circlet_count":0,"master_deck":["AscendersBane","Bash+1","Headbutt","Combust+1","Wild Strike","Shrug It Off","Anger","Intimidate","Immolate+1","Blood for Blood","Reaper","Offering","Fiend Fire","Juggernaut","Flex","Clothesline","Sentinel","Thunderclap","True Grit","Feed","Sever Soul","Armaments","Flame Barrier"],"special_seed":0,"relics":["Burning Blood","WarpedTongs","Potion Belt","Dream Catcher","Centennial Puzzle","Omamori","Pandora\u0027s Box","Regal Pillow"],"potions_floor_usage":[16,16,20,23],"damage_taken":[{"damage":6.0,"enemies":"Cultist","floor":1.0,"turns":4.0},{"damage":2.0,"enemies":"Jaw Worm","floor":2.0,"turns":4.0},{"damage":9,"enemies":"Small Slimes","floor":3,"turns":3},{"damage":18,"enemies":"3 Louse","floor":5,"turns":2},{"damage":19,"enemies":"3 Sentries","floor":8,"turns":5},{"damage":20,"enemies":"Lagavulin","floor":10,"turns":7},{"damage":11,"enemies":"Exordium Thugs","floor":12,"turns":2},{"damage":12,"enemies":"3 Sentries","floor":13,"turns":2},{"damage":11,"enemies":"Red Slaver","floor":14,"turns":2},{"damage":14,"enemies":"Slime Boss","floor":16,"turns":6},{"damage":6,"enemies":"3 Byrds","floor":18,"turns":1},{"damage":22,"enemies":"2 Thieves","floor":20,"turns":3},{"damage":17,"enemies":"Snake Plant","floor":21,"turns":2},{"damage":44,"enemies":"Book of Stabbing","floor":23,"turns":5}],"seed_played":"6160131023633375268","potions_obtained":[{"floor":3,"key":"Dexterity Potion"},{"floor":5,"key":"SpeedPotion"},{"floor":14,"key":"Regen Potion"},{"floor":16,"key":"SneckoOil"},{"floor":18,"key":"Weak Potion"}],"is_trial":false,"path_per_floor":["M","M","M","?","M","R","$","E","T","E","R","M","E","M","R","B",null,"M","?","M","M","$","E"],"character_chosen":"IRONCLAD","items_purchased":["Anger","Armaments","Flame Barrier"],"campfire_rested":1,"item_purchase_floors":[7,22,22],"current_hp_per_floor":[68,72,69,69,57,57,57,44,44,30,30,25,19,14,36,43,67,67,67,55,44,44,0],"gold":81,"neow_bonus":"UPGRADE_CARD","is_prod":false,"is_daily":false,"chose_seed":false,"campfire_upgraded":2,"win_rate":0,"timestamp":1560181841,"path_taken":["M","M","M","?","M","R","$","E","T","E","R","M","E","?","R","BOSS","M","?","M","M","$","E"],"build_version":"2019-01-23","purchased_purges":2,"victory":false,"max_hp_per_floor":[75,75,75,75,75,75,75,75,75,75,75,75,75,75,75,75,75,75,75,75,75,75,75],"card_choices":[{"not_picked":["Metallicize","True Grit"],"picked":"Headbutt","floor":1.0},{"not_picked":["Hemokinesis","Flame Barrier"],"picked":"Combust","floor":2},{"not_picked":["Sentinel","Armaments"],"picked":"Wild Strike","floor":3},{"not_picked":["Pommel Strike","Flex"],"picked":"Shrug It Off","floor":5},{"not_picked":["Infernal Blade","Cleave"],"picked":"Intimidate","floor":8},{"not_picked":["Heavy Blade","Wild Strike"],"picked":"Immolate","floor":10},{"not_picked":["Wild Strike","Havoc"],"picked":"Blood for Blood","floor":12},{"not_picked":["Second Wind","Armaments"],"picked":"Reaper","floor":13},{"not_picked":["Thunderclap","Body Slam","Clothesline"],"picked":"SKIP","floor":14},{"not_picked":["Perfected Strike","Shockwave"],"picked":"Offering","floor":15},{"not_picked":["Reaper","Demon Form"],"picked":"Fiend Fire","floor":16},{"not_picked":["Anger","Clothesline","Rampage"],"picked":"SKIP","floor":18},{"not_picked":["Clothesline","Iron Wave","Thunderclap"],"picked":"SKIP","floor":20},{"not_picked":["Cleave","Rage","Pommel Strike"],"picked":"SKIP","floor":21}],"player_experience":5318411,"relics_obtained":[{"floor":8,"key":"Potion Belt"},{"floor":9,"key":"Dream Catcher"},{"floor":10,"key":"Centennial Puzzle"},{"floor":13,"key":"Omamori"}],"event_choices":[{"damage_healed":0,"gold_gain":0,"player_choice":"Rummage","damage_taken":0,"relics_obtained":["WarpedTongs"],"max_hp_gain":0,"max_hp_loss":0,"event_name":"Accursed Blacksmith","floor":4,"gold_loss":0,"cards_obtained":["Pain"]},{"damage_healed":0,"gold_gain":0,"player_choice":"Stole Relic","damage_taken":0,"relics_obtained":["Regal Pillow"],"max_hp_gain":0,"max_hp_loss":0,"event_name":"Addict","floor":19,"gold_loss":0,"cards_obtained":["Shame"]}],"is_beta":false,"boss_relics":[{"not_picked":["Calling Bell","Philosopher\u0027s Stone"],"picked":"Pandora\u0027s Box"}],"items_purged_floors":[7,22],"is_endless":false,"potions_floor_spawned":[3,5,14,16,18],"killed_by":"Book of Stabbing","ascension_level":20}