{"gold_per_floor":[119,131,147,147,163,163,178,191,191,191,191,82,82,106,106,106],"floor_reached":16,"playtime":569,"items_purged":["Strike_G"],"score":188,"play_id":"64933d05-38d3-4657-a2eb-6f7cad14902e","local_time":"20190523232649","is_ascension_mode":true,"campfire_choices":[{"data":"Noxious Fumes","floor":6,"key":"SMITH"},{"floor":10,"key":"REST"},{"data":"Tactician","floor":13,"key":"SMITH"},{"data":"Flechettes","floor":15,"key":"SMITH"}],"neow_cost":"PERCENT_DAMAGE","seed_source_timestamp":85376005954500,"circlet_count":0,"master_deck":["AscendersBane","Defend_G","Defend_G","Defend_G","Defend_G","Strike_G","Strike_G","Strike_G","Survivor","Neutralize+1","Poisoned Stab","Tactician+1","Noxious Fumes+1","Blur+1","Prepared","Reflex","Acrobatics","Flechettes+1"],"relics":["Ring of the Snake","Golden Idol","Smiling Mask"],"potions_floor_usage":[7,16,16],"damage_taken":[{"damage":0,"enemies":"2 Louse","floor":1,"turns":5},{"damage":0,"enemies":"Jaw Worm","floor":2,"turns":3},{"damage":2,"enemies":"Small Slimes","floor":3,"turns":4},{"damage":4,"enemies":"Blue Slaver","floor":5,"turns":5},{"damage":11,"enemies":"Exordium Wildlife","floor":7,"turns":7},{"damage":17,"enemies":"Gremlin Gang","floor":8,"turns":5},{"damage":1,"enemies":"Large Slime","floor":14,"turns":8},{"damage":24,"enemies":"Slime Boss","floor":16,"turns":8}],"seed_played":"8532902558336677493","potions_obtained":[{"floor":1,"key":"GamblersBrew"},{"floor":2,"key":"Weak Potion"},{"floor":14,"key":"SteroidPotion"}],"is_trial":false,"path_per_floor":["M","M","M","?","M","R","M","M","T","R","?","$","R","M","R","B"],"character_chosen":"THE_SILENT","items_purchased":["Acrobatics"],"campfire_rested":1,"item_purchase_floors":[12],"current_hp_per_floor":[44,44,42,42,38,38,27,10,10,28,10,10,10,9,9,0],"gold":106,"neow_bonus":"REMOVE_TWO","is_prod":false,"is_daily":false,"chose_seed":false,"campfire_upgraded":3,"win_rate":0,"timestamp":1558621609,"path_taken":["M","M","M","?","M","R","M","M","T","R","?","$","R","M","R","BOSS"],"build_version":"2019-01-23","purchased_purges":1,"victory":false,"max_hp_per_floor":[66,66,66,60,60,60,60,60,60,60,60,60,60,60,60,60],"card_choices":[{"not_picked":["PiercingWail","Backflip"],"picked":"Poisoned Stab","floor":1},{"not_picked":["Flying Knee","PiercingWail"],"picked":"Tactician","floor":2},{"not_picked":["Flying Knee","Bane"],"picked":"Noxious Fumes","floor":3},{"not_picked":["Leg Sweep","Prepared"],"picked":"Blur","floor":5},{"not_picked":["Flying Knee","Tactician"],"picked":"Prepared","floor":7},{"not_picked":["Slice","Masterful Stab"],"picked":"Reflex","floor":8},{"not_picked":["Dodge and Roll","Choke"],"picked":"Flechettes","floor":14}],"player_experience":5118266,"relics_obtained":[{"floor":9,"key":"Smiling Mask"}],"event_choices":[{"damage_healed":0,"gold_gain":0,"player_choice":"Lose Max HP","damage_taken":0,"relics_obtained":["Golden Idol"],"max_hp_gain":0,"max_hp_loss":6,"event_name":"Golden Idol","floor":4,"gold_loss":0},{"damage_healed":0,"gold_gain":0,"player_choice":"Entered Light","damage_taken":18,"max_hp_gain":0,"max_hp_loss":0,"event_name":"Shining Light","floor":11,"gold_loss":0,"cards_upgraded":["Blur","Neutralize"]}],"is_beta":false,"boss_relics":[],"items_purged_floors":[12],"is_endless":false,"potions_floor_spawned":[1,2,5,14],"killed_by":"Slime Boss","ascension_level":20}