{"gold_per_floor":[365,365,376,401,401,401,434,434,460,460,479,489,523,523,523,642,642,642,597,597,597,221,221,221,221,221,136,36,36,36,36,36,36],"floor_reached":33,"playtime":547,"items_purged":["Defend_R","Defend_R"],"score":278,"play_id":"96e940f5-ce85-47a8-bfa6-e6d3bed04e91","local_time":"20190518000749","is_ascension_mode":false,"campfire_choices":[{"data":"Carnage","floor":6,"key":"SMITH"},{"floor":8,"key":"REST"},{"data":"Fiend Fire","floor":10,"key":"SMITH"},{"data":"Bash","floor":15,"key":"SMITH"},{"data":"Flex","floor":23,"key":"SMITH"},{"data":"Perfected Strike","floor":30,"key":"SMITH"},{"data":"Clash","floor":32,"key":"SMITH"}],"neow_cost":"PERCENT_DAMAGE","seed_source_timestamp":51960078244800,"circlet_count":0,"master_deck":["Strike_R","Strike_R","Strike_R","Strike_R","Strike_R","Defend_R+1","Defend_R+1","Bash+1","Carnage+1","Fiend Fire+1","Clash+1","Perfected Strike+1","Feed","Havoc+1","Flex+1","Shrug It Off+1","Evolve+1"],"relics":["Burning Blood","Lantern","Regal Pillow","War Paint","Happy Flower","Art of War","Golden Idol","Ectoplasm","Red Mask","PreservedInsect","Magic Flower","MutagenicStrength","Bag of Preparation","Tiny Chest"],"potions_floor_usage":[16,16,20,20,33],"damage_taken":[{"damage":0,"enemies":"2 Louse","floor":1,"turns":2},{"damage":11,"enemies":"Jaw Worm","floor":3,"turns":2},{"damage":26,"enemies":"3 Sentries","floor":7,"turns":11},{"damage":3,"enemies":"Small Slimes","floor":11,"turns":2},{"damage":0,"enemies":"Looter","floor":12,"turns":1},{"damage":0,"enemies":"Gremlin Nob","floor":13,"turns":2},{"damage":44,"enemies":"The Guardian","floor":16,"turns":9},{"damage":15,"enemies":"3 Byrds","floor":18,"turns":4},{"damage":17,"enemies":"2 Thieves","floor":19,"turns":3},{"damage":10,"enemies":"Masked Bandits","floor":20,"turns":3},{"damage":6,"enemies":"Chosen and Byrds","floor":25,"turns":4},{"damage":0,"enemies":"3 Cultists","floor":29,"turns":2},{"damage":0,"enemies":"Snake Plant","floor":31,"turns":1},{"damage":89,"enemies":"Automaton","floor":33,"turns":8}],"seed_played":"797660204621898580","potions_obtained":[{"floor":1,"key":"LiquidBronze"},{"floor":11,"key":"Weak Potion"},{"floor":16,"key":"SteroidPotion"},{"floor":19,"key":"Energy Potion"},{"floor":25,"key":"Fire Potion"}],"is_trial":false,"path_per_floor":["M","?","M","T","?","R","E","R","T","R","M","M","E","?","R","B",null,"M","M","?","T","$","R","?","M","T","?","$","M","R","M","R","B"],"character_chosen":"IRONCLAD","items_purchased":["Magic Flower"],"campfire_rested":1,"item_purchase_floors":[22],"current_hp_per_floor":[62,50,45,45,45,45,25,64,64,64,67,73,79,59,59,21,80,74,66,65,65,65,65,65,68,68,68,68,77,77,86,86,0],"gold":36,"neow_bonus":"TWO_FIFTY_GOLD","is_prod":false,"is_daily":false,"chose_seed":false,"campfire_upgraded":6,"win_rate":0,"timestamp":1558105669,"path_taken":["M","?","M","?","?","R","E","R","T","R","?","M","E","?","R","BOSS","M","M","?","?","$","R","?","M","T","?","?","?","R","M","R","BOSS"],"build_version":"2019-01-23","purchased_purges":2,"victory":false,"max_hp_per_floor":[80,80,80,80,80,80,80,80,80,80,80,80,80,80,80,80,80,83,86,89,89,89,89,89,89,89,89,89,89,89,89,89,89],"card_choices":[{"not_picked":["Fire Breathing","Anger"],"picked":"Carnage","floor":1},{"not_picked":["True Grit","Rupture","Warcry"],"picked":"SKIP","floor":3},{"not_picked":["Corruption","Sever Soul"],"picked":"Fiend Fire","floor":7},{"not_picked":["Corruption","Anger"],"picked":"Clash","floor":11},{"not_picked":["Twin Strike","Heavy Blade"],"picked":"Perfected Strike","floor":12},{"not_picked":["Limit Break","Juggernaut"],"picked":"Feed","floor":16},{"not_picked":["Sword Boomerang","Sever Soul+1"],"picked":"Havoc+1","floor":18},{"not_picked":["Headbutt","Reckless Charge","Shrug It Off"],"picked":"SKIP","floor":19},{"not_picked":["Uppercut","Heavy Blade"],"picked":"Flex","floor":20},{"not_picked":["Headbutt+1","Armaments","Infernal Blade"],"picked":"SKIP","floor":25},{"not_picked":["Anger+1","Feel No Pain"],"picked":"Shrug It Off+1","floor":29},{"not_picked":["Anger+1","Immolate"],"picked":"Evolve+1","floor":31}],"player_experience":5058781,"relics_obtained":[{"floor":4,"key":"Regal Pillow"},{"floor":7,"key":"War Paint"},{"floor":9,"key":"Happy Flower"},{"floor":13,"key":"Art of War"},{"floor":20,"key":"Red Mask"},{"floor":21,"key":"PreservedInsect"},{"floor":26,"key":"Bag of Preparation"}],"event_choices":[{"damage_healed":0,"gold_gain":0,"player_choice":"Success","damage_taken":12,"relics_obtained":["Lantern"],"max_hp_gain":0,"max_hp_loss":0,"event_name":"Scrap Ooze","floor":2,"gold_loss":0},{"damage_healed":0,"gold_gain":0,"player_choice":"Ignored","damage_taken":0,"max_hp_gain":0,"max_hp_loss":0,"event_name":"NoteForYourself","floor":5,"gold_loss":0},{"damage_healed":0,"gold_gain":0,"player_choice":"Take Damage","damage_taken":20,"relics_obtained":["Golden Idol"],"max_hp_gain":0,"max_hp_loss":0,"event_name":"Golden Idol","floor":14,"gold_loss":0},{"damage_healed":0,"gold_gain":0,"player_choice":"Fought Bandits","damage_taken":0,"max_hp_gain":0,"max_hp_loss":0,"event_name":"Masked Bandits","floor":20,"gold_loss":0},{"damage_healed":0,"gold_gain":0,"player_choice":"Inject Mutagens","damage_taken":0,"relics_obtained":["MutagenicStrength"],"max_hp_gain":0,"max_hp_loss":0,"event_name":"Drug Dealer","floor":24,"gold_loss":0},{"damage_healed":0,"gold_gain":0,"player_choice":"Obtained Relic","damage_taken":0,"relics_obtained":["Tiny Chest"],"max_hp_gain":0,"max_hp_loss":0,"event_name":"Addict","floor":27,"gold_loss":85}],"is_beta":false,"boss_relics":[{"not_picked":["Empty Cage","Runic Pyramid"],"picked":"Ectoplasm"}],"items_purged_floors":[22,28],"is_endless":false,"potions_floor_spawned":[1,11,16,19,25],"killed_by":"Automaton","ascension_level":0}