{"gold_per_floor":[118,43,43,43,43,69,69,131,131,163,174,194,194,229,229,229],"floor_reached":16,"playtime":287,"items_purged":["Strike_B"],"score":352,"play_id":"5d20115c-5021-4184-910b-58e0e916d55f","local_time":"20190629000644","is_ascension_mode":true,"campfire_choices":[{"data":"Darkness","floor":7,"key":"SMITH"},{"data":"Hologram","floor":13,"key":"SMITH"},{"floor":15,"key":"REST"}],"neow_cost":"NONE","seed_source_timestamp":883794919845100,"circlet_count":0,"master_deck":["AscendersBane","Strike_B","Strike_B","Defend_B","Defend_B","Defend_B","Defend_B","Zap","Dualcast+1","Ball Lightning","Darkness+1","Hologram+1","Coolheaded","Rebound","Conserve Battery"],"relics":["Cracked Core","NeowsBlessing","StoneCalendar","Tiny Chest","Anchor","Torii","Bag of Preparation"],"potions_floor_usage":[10],"damage_taken":[{"damage":0,"enemies":"Cultist","floor":1,"turns":1},{"damage":0,"enemies":"Gremlin Nob","floor":6,"turns":1},{"damage":0,"enemies":"3 Sentries","floor":8,"turns":1},{"damage":34,"enemies":"Gremlin Nob","floor":10,"turns":4},{"damage":0,"enemies":"2 Louse","floor":11,"turns":2},{"damage":0,"enemies":"Small Slimes","floor":12,"turns":2},{"damage":18,"enemies":"3 Sentries","floor":14,"turns":4},{"damage":29,"enemies":"The Guardian","floor":16,"turns":2}],"seed_played":"-2044760756318489473","potions_obtained":[{"floor":1,"key":"EssenceOfSteel"},{"floor":14,"key":"SpeedPotion"}],"is_trial":false,"path_per_floor":["M","$","?","?","$","E","R","E","T","E","M","M","R","E","R","B"],"character_chosen":"DEFECT","items_purchased":[],"campfire_rested":1,"item_purchase_floors":[],"current_hp_per_floor":[64,64,57,57,57,57,57,57,57,23,23,23,23,5,26,0],"gold":229,"neow_bonus":"THREE_ENEMY_KILL","is_prod":false,"is_daily":false,"chose_seed":false,"campfire_upgraded":2,"win_rate":0,"timestamp":1561734404,"path_taken":["M","$","?","?","$","E","R","E","T","E","M","M","R","E","R","BOSS"],"build_version":"2019-01-23","purchased_purges":1,"victory":false,"max_hp_per_floor":[71,71,71,71,71,71,71,71,71,71,71,71,71,71,71,71],"card_choices":[{"not_picked":["Static Discharge","Coolheaded"],"picked":"Ball Lightning","floor":1},{"not_picked":["Turbo","Go for the Eyes"],"picked":"Darkness","floor":6},{"not_picked":["Beam Cell","Go for the Eyes"],"picked":"Hologram","floor":8},{"not_picked":["Cold Snap","Beam Cell"],"picked":"Coolheaded","floor":10},{"not_picked":["Steam","Leap"],"picked":"Rebound","floor":11},{"not_picked":["Go for the Eyes","Rebound","Rip and Tear"],"picked":"SKIP","floor":12},{"not_picked":["Go for the Eyes","Rebound","Rip and Tear"],"picked":"SKIP","floor":12},{"not_picked":["Barrage","Beam Cell"],"picked":"Conserve Battery","floor":14}],"player_experience":5518454,"relics_obtained":[{"floor":6,"key":"StoneCalendar"},{"floor":8,"key":"Tiny Chest"},{"floor":9,"key":"Anchor"},{"floor":10,"key":"Torii"},{"floor":14,"key":"Bag of Preparation"}],"event_choices":[{"cards_removed":["Strike_B"],"damage_healed":0,"gold_gain":0,"player_choice":"Card Removal","damage_taken":7,"max_hp_gain":0,"max_hp_loss":0,"event_name":"Golden Wing","floor":3,"gold_loss":0},{"damage_healed":0,"gold_gain":0,"player_choice":"Upgraded","damage_taken":0,"max_hp_gain":0,"max_hp_loss":0,"event_name":"Upgrade Shrine","floor":4,"gold_loss":0,"cards_upgraded":["Dualcast"]}],"is_beta":false,"boss_relics":[],"items_purged_floors":[2],"is_endless":false,"potions_floor_spawned":[1,14],"killed_by":"The Guardian","ascension_level":20}