{"gold_per_floor":[110,125,136,151,169,198,208,242,242,242],"floor_reached":10,"playtime":459,"items_purged":[],"score":111,"play_id":"18ed5d9e-ba39-4fc9-abe9-4cc939f8a7a9","local_time":"20190716134018","is_ascension_mode":true,"campfire_choices":[],"neow_cost":"NONE","seed_source_timestamp":70026953451700,"circlet_count":0,"master_deck":["Strike_R","Strike_R","Strike_R","Strike_R","Strike_R","Defend_R","Defend_R","Defend_R","Defend_R","Bash","Pommel Strike","Carnage","Immolate","Twin Strike","Anger","Demon Form","Shrug It Off","Metallicize"],"relics":["Burning Blood","Unceasing Top","Regal Pillow","Gremlin Horn"],"potions_floor_usage":[5,6,8,10],"damage_taken":[{"damage":5,"enemies":"Cultist","floor":1,"turns":5},{"damage":2,"enemies":"Jaw Worm","floor":2,"turns":3},{"damage":3,"enemies":"2 Louse","floor":3,"turns":2},{"damage":11,"enemies":"Blue Slaver","floor":4,"turns":4},{"damage":19,"enemies":"Exordium Wildlife","floor":5,"turns":4},{"damage":30,"enemies":"Lagavulin","floor":6,"turns":4},{"damage":6,"enemies":"Large Slime","floor":7,"turns":5},{"damage":32,"enemies":"Gremlin Nob","floor":8,"turns":4},{"damage":22,"enemies":"3 Sentries","floor":10,"turns":2}],"seed_played":"-2237576417322801303","potions_obtained":[{"floor":0,"key":"Strength Potion"},{"floor":0,"key":"Explosive Potion"},{"floor":0,"key":"FairyPotion"},{"floor":2,"key":"Fruit Juice"},{"floor":3,"key":"FearPotion"},{"floor":6,"key":"Strength Potion"}],"is_trial":false,"path_per_floor":["M","M","M","M","M","E","M","E","T","E"],"character_chosen":"IRONCLAD","items_purchased":[],"campfire_rested":0,"item_purchase_floors":[],"current_hp_per_floor":[73,77,80,75,62,38,38,12,12,0],"gold":242,"neow_bonus":"THREE_SMALL_POTIONS","is_prod":false,"is_daily":false,"chose_seed":false,"campfire_upgraded":0,"win_rate":0,"timestamp":1563298818,"path_taken":["M","M","M","M","?","E","M","E","T","E"],"build_version":"2019-07-05","purchased_purges":0,"victory":false,"max_hp_per_floor":[80,80,80,80,80,80,80,80,80,85],"card_choices":[{"not_picked":["Body Slam","Headbutt"],"picked":"Pommel Strike","floor":1},{"not_picked":["Wild Strike","Dropkick"],"picked":"Carnage","floor":2},{"not_picked":["Twin Strike","Dropkick"],"picked":"Immolate","floor":3},{"not_picked":["Warcry","Perfected Strike"],"picked":"Twin Strike","floor":4},{"not_picked":["Headbutt","Warcry"],"picked":"Anger","floor":5},{"not_picked":["Evolve","Flex"],"picked":"Demon Form","floor":6},{"not_picked":["Iron Wave","Hemokinesis"],"picked":"Shrug It Off","floor":7},{"not_picked":["Pommel Strike","Intimidate"],"picked":"Metallicize","floor":8}],"player_experience":233474,"relics_obtained":[{"floor":6,"key":"Unceasing Top"},{"floor":8,"key":"Regal Pillow"},{"floor":9,"key":"Gremlin Horn"}],"event_choices":[],"is_beta":false,"boss_relics":[],"items_purged_floors":[],"is_endless":false,"potions_floor_spawned":[2,3,6],"killed_by":"3 Sentries","ascension_level":7}