{"gold_per_floor":[117,117,67,67,242,242,262,277,277,277],"floor_reached":10,"playtime":405,"items_purged":[],"score":59,"play_id":"41a4056e-0788-428e-aca5-8068fadcfc70","local_time":"20190719115249","is_ascension_mode":true,"campfire_choices":[{"floor":6,"key":"RECALL"}],"neow_cost":"NONE","seed_source_timestamp":755668298973200,"circlet_count":0,"master_deck":["Strike_B","Strike_B","Strike_B","Defend_B","Defend_B","Defend_B","Zap","Dualcast","Turbo","Doubt","Capacitor","Core Surge"],"relics":["Cracked Core","Golden Idol"],"potions_floor_usage":[10],"damage_taken":[{"damage":0,"enemies":"Cultist","floor":1,"turns":3},{"damage":11,"enemies":"Jaw Worm","floor":7,"turns":3},{"damage":0,"enemies":"2 Louse","floor":8,"turns":3},{"damage":49,"enemies":"3 Sentries","floor":10,"turns":8}],"seed_played":"162487548684328273","potions_obtained":[{"floor":7,"key":"SkillPotion"},{"floor":8,"key":"FocusPotion"}],"is_trial":false,"path_per_floor":["M","?","?","?","?","R","M","M","T","E"],"character_chosen":"DEFECT","items_purchased":[],"campfire_rested":0,"item_purchase_floors":[],"current_hp_per_floor":[82,75,75,55,55,55,44,44,44,0],"gold":277,"neow_bonus":"TEN_PERCENT_HP_BONUS","is_prod":false,"is_daily":false,"chose_seed":false,"campfire_upgraded":0,"win_rate":0,"timestamp":1563555169,"path_taken":["M","?","?","?","?","R","M","M","T","E"],"build_version":"2019-07-17","purchased_purges":0,"victory":false,"max_hp_per_floor":[82,82,82,82,82,82,82,82,82,82],"card_choices":[{"not_picked":["Ball Lightning","Streamline"],"picked":"Turbo","floor":1},{"not_picked":["Beam Cell","Ball Lightning"],"picked":"Capacitor","floor":7},{"not_picked":["Hologram","Conserve Battery"],"picked":"Core Surge","floor":8}],"player_experience":92675,"relics_obtained":[],"event_choices":[{"cards_removed":["Defend_B"],"damage_healed":0,"gold_gain":0,"player_choice":"Card Removal","damage_taken":7,"max_hp_gain":0,"max_hp_loss":0,"event_name":"Golden Wing","floor":2,"gold_loss":0},{"cards_removed":["Strike_B"],"damage_healed":0,"gold_gain":0,"player_choice":"Card Removal","damage_taken":0,"max_hp_gain":0,"max_hp_loss":0,"event_name":"The Cleric","floor":3,"gold_loss":50},{"damage_healed":0,"gold_gain":0,"player_choice":"Take Damage","damage_taken":20,"relics_obtained":["Golden Idol"],"max_hp_gain":0,"max_hp_loss":0,"event_name":"Golden Idol","floor":4,"gold_loss":0},{"damage_healed":0,"gold_gain":175,"player_choice":"AGREE","damage_taken":0,"max_hp_gain":0,"max_hp_loss":0,"event_name":"Liars Game","floor":5,"gold_loss":0,"cards_obtained":["Doubt"]}],"is_beta":false,"boss_relics":[],"items_purged_floors":[],"is_endless":false,"potions_floor_spawned":[7,8],"killed_by":"3 Sentries","ascension_level":1}