{"gold_per_floor":[110,124,135,145,145,179,197,157,157,157,174,205,205,225,225,299,299,310,7,7,7,7,37,49,76,124,124,138,153,153,186,186,260,260,272,372,91,101,119,119,36,63,63,63,83,83,99,124,124,124,124,124,124,85,113,113],"floor_reached":57,"playtime":2621,"items_purged":["Strike_G"],"score":3064,"play_id":"0df8b751-3475-4a75-b2ed-7ce6059d0af7","local_time":"20190624011253","is_ascension_mode":true,"campfire_choices":[{"floor":10,"key":"REST"},{"data":"Deadly Poison","floor":13,"key":"SMITH"},{"data":"Catalyst","floor":15,"key":"SMITH"},{"data":"Noxious Fumes","floor":27,"key":"SMITH"},{"data":"Burst","floor":30,"key":"SMITH"},{"data":"Blur","floor":32,"key":"SMITH"},{"floor":40,"key":"RECALL"},{"data":"Crippling Poison","floor":46,"key":"SMITH"},{"floor":49,"key":"REST"},{"data":"Malaise","floor":53,"key":"SMITH"}],"neow_cost":"NONE","seed_source_timestamp":453402965257200,"circlet_count":0,"master_deck":["AscendersBane","Defend_G+1","Defend_G+1","Defend_G+1","Defend_G+1","Strike_G+1","Survivor","Neutralize+1","Distraction","Predator","PiercingWail","Deadly Poison+1","Burst+1","Crippling Poison+1","Dodge and Roll","Malaise+1","Catalyst+1","Bullet Time","Dash+1","Bouncing Flask","Noxious Fumes+1","Dark Shackles","Blur+1","Glass Knife","Backflip","PiercingWail","After Image","Burst+1","Eviscerate+1","Storm of Steel+1","Well Laid Plans+1","Leg Sweep"],"relics":["Ring of the Snake","Ancient Tea Set","Oddly Smooth Stone","Pocketwatch","Turnip","Unceasing Top","Busted Crown","Darkstone Periapt","FossilizedHelix","Whetstone","Art of War","Astrolabe","StoneCalendar","Pantograph","Bottled Tornado","Lantern"],"potions_floor_usage":[4,12,23,23,29,56],"damage_taken":[{"damage":3,"enemies":"Jaw Worm","floor":1,"turns":6},{"damage":0,"enemies":"Cultist","floor":2,"turns":4},{"damage":0,"enemies":"2 Louse","floor":3,"turns":3},{"damage":14,"enemies":"Large Slime","floor":4,"turns":9},{"damage":40,"enemies":"3 Sentries","floor":6,"turns":11},{"damage":4,"enemies":"2 Fungi Beasts","floor":7,"turns":4},{"damage":0,"enemies":"Looter","floor":8,"turns":4},{"damage":0,"enemies":"Blue Slaver","floor":11,"turns":2},{"damage":27,"enemies":"Gremlin Nob","floor":12,"turns":4},{"damage":2,"enemies":"Exordium Thugs","floor":14,"turns":5},{"damage":1,"enemies":"Hexaghost","floor":16,"turns":8},{"damage":7,"enemies":"Shell Parasite","floor":18,"turns":6},{"damage":1,"enemies":"Book of Stabbing","floor":23,"turns":6},{"damage":0,"enemies":"Spheric Guardian","floor":24,"turns":3},{"damage":0,"enemies":"Gremlin Leader","floor":25,"turns":5},{"damage":0,"enemies":"Shelled Parasite and Fungi","floor":28,"turns":3},{"damage":0,"enemies":"3 Cultists","floor":29,"turns":5},{"damage":5,"enemies":"Book of Stabbing","floor":31,"turns":4},{"damage":0,"enemies":"Automaton","floor":33,"turns":10},{"damage":0,"enemies":"Orb Walker","floor":35,"turns":4},{"damage":0,"enemies":"Mind Bloom Boss Battle","floor":36,"turns":6},{"damage":0,"enemies":"3 Shapes","floor":38,"turns":7},{"damage":0,"enemies":"Writhing Mass","floor":39,"turns":2},{"damage":0,"enemies":"Nemesis","floor":42,"turns":5},{"damage":0,"enemies":"Maw","floor":45,"turns":4},{"damage":0,"enemies":"4 Shapes","floor":47,"turns":7},{"damage":36,"enemies":"Reptomancer","floor":48,"turns":5},{"damage":12,"enemies":"Donu and Deca","floor":50,"turns":11},{"damage":0,"enemies":"Time Eater","floor":51,"turns":7},{"damage":14,"enemies":"Shield and Spear","floor":55,"turns":8},{"damage":11,"enemies":"The Heart","floor":56,"turns":4}],"seed_played":"2975435808179500448","potions_obtained":[{"floor":1,"key":"Regen Potion"},{"floor":2,"key":"SpeedPotion"},{"floor":11,"key":"Strength Potion"},{"floor":14,"key":"SneckoOil"},{"floor":16,"key":"GamblersBrew"},{"floor":18,"key":"GhostInAJar"},{"floor":28,"key":"SkillPotion"},{"floor":33,"key":"SpeedPotion"},{"floor":35,"key":"Strength Potion"},{"floor":36,"key":"Energy Potion"}],"is_trial":false,"path_per_floor":["M","M","M","M","?","E","M","M","T","R","M","E","R","M","R","B",null,"M","$","?","?","?","E","M","E","T","R","M","M","R","E","R","B",null,"M","?","$","M","M","R","$","E","T","?","M","R","M","E","R","B","B",null,"R","$","E","B",null],"character_chosen":"THE_SILENT","items_purchased":["Bouncing Flask","Noxious Fumes","Dark Shackles","Pantograph","Well Laid Plans","Leg Sweep"],"campfire_rested":2,"item_purchase_floors":[19,19,19,37,41,54],"current_hp_per_floor":[56,56,56,57,57,17,13,13,13,32,32,5,5,3,3,2,50,43,43,43,43,43,42,42,42,42,42,42,42,42,37,37,37,59,59,59,59,59,59,59,59,59,59,59,59,59,59,23,42,54,66,66,66,66,52,55],"gold":113,"neow_bonus":"RANDOM_COMMON_RELIC","is_prod":false,"is_daily":false,"chose_seed":false,"campfire_upgraded":7,"win_rate":0,"timestamp":1561306373,"path_taken":["M","M","M","M","?","E","M","M","T","R","M","E","R","?","R","BOSS","M","$","?","?","?","E","M","E","T","R","M","M","R","E","R","BOSS","M","?","$","M","M","R","$","E","T","?","M","R","M","E","R","BOSS","BOSS","R","$","E","BOSS"],"build_version":"2019-01-23","purchased_purges":1,"victory":true,"max_hp_per_floor":[66,66,66,66,66,66,66,66,66,66,66,66,66,66,66,66,66,66,66,66,66,66,66,66,66,66,66,66,66,66,66,66,66,66,66,66,66,66,66,66,66,66,66,66,66,66,66,66,66,66,66,66,66,66,66,66],"card_choices":[{"not_picked":["Expertise","Deflect"],"picked":"Distraction","floor":1},{"not_picked":["Backflip","Blade Dance"],"picked":"Predator","floor":2},{"not_picked":["Blade Dance","Escape Plan"],"picked":"PiercingWail","floor":3},{"not_picked":["Deflect","Bane"],"picked":"Deadly Poison","floor":4},{"not_picked":["Poisoned Stab","Slice"],"picked":"Burst","floor":6},{"not_picked":["Expertise","Infinite Blades"],"picked":"Dagger Spray","floor":7},{"not_picked":["Accuracy","Dagger Spray"],"picked":"Crippling Poison","floor":8},{"not_picked":["Bane","Backflip"],"picked":"Dodge and Roll","floor":11},{"not_picked":["Expertise","Bane"],"picked":"Malaise","floor":12},{"not_picked":["PiercingWail","Dodge and Roll"],"picked":"Catalyst","floor":14},{"not_picked":["Unload","After Image"],"picked":"Bullet Time","floor":16},{"not_picked":[],"picked":"Dash","floor":18},{"not_picked":["Terror"],"picked":"SKIP","floor":23},{"not_picked":["Masterful Stab"],"picked":"SKIP","floor":24},{"not_picked":["Underhanded Strike"],"picked":"SKIP","floor":25},{"not_picked":[],"picked":"PiercingWail","floor":28},{"not_picked":["Sucker Punch"],"picked":"SKIP","floor":29},{"not_picked":["Dodge and Roll"],"picked":"SKIP","floor":31},{"not_picked":[],"picked":"After Image","floor":33},{"not_picked":["Prepared"],"picked":"SKIP","floor":35},{"not_picked":["Accuracy"],"picked":"SKIP","floor":38},{"not_picked":["Dagger Throw"],"picked":"SKIP","floor":39},{"not_picked":["Quick Slash+1"],"picked":"SKIP","floor":42},{"not_picked":["Infinite Blades"],"picked":"SKIP","floor":45},{"not_picked":["Dagger Throw"],"picked":"SKIP","floor":47},{"not_picked":["Slice"],"picked":"SKIP","floor":48},{"not_picked":["Slice"],"picked":"SKIP","floor":48},{"not_picked":["Backstab"],"picked":"SKIP","floor":55}],"player_experience":5464997,"relics_obtained":[{"floor":6,"key":"Pocketwatch"},{"floor":9,"key":"Turnip"},{"floor":12,"key":"Unceasing Top"},{"floor":23,"key":"Darkstone Periapt"},{"floor":25,"key":"FossilizedHelix"},{"floor":26,"key":"Whetstone"},{"floor":31,"key":"Art of War"},{"floor":36,"key":"StoneCalendar"},{"floor":42,"key":"Bottled Tornado"},{"floor":55,"key":"Lantern"}],"event_choices":[{"damage_healed":0,"gold_gain":0,"player_choice":"Gave Potion","damage_taken":0,"relics_obtained":["Oddly Smooth Stone"],"max_hp_gain":0,"max_hp_loss":0,"event_name":"WeMeetAgain","floor":5,"gold_loss":0},{"damage_healed":0,"gold_gain":0,"player_choice":"Simplicity","damage_taken":0,"max_hp_gain":0,"max_hp_loss":0,"event_name":"Back to Basics","floor":20,"gold_loss":0,"cards_upgraded":["Defend_G","Defend_G","Defend_G","Defend_G","Defend_G","Strike_G","Strike_G","Strike_G","Strike_G"]},{"damage_healed":0,"gold_gain":0,"player_choice":"Read","damage_taken":0,"max_hp_gain":0,"max_hp_loss":0,"event_name":"The Library","floor":21,"gold_loss":0,"cards_obtained":["Blur"]},{"damage_healed":0,"gold_gain":0,"cards_transformed":["Strike_G","Strike_G"],"player_choice":"Became Test Subject","damage_taken":0,"max_hp_gain":0,"max_hp_loss":0,"event_name":"Drug Dealer","floor":22,"gold_loss":0,"cards_obtained":["Glass Knife","Backflip"]},{"damage_healed":0,"gold_gain":0,"player_choice":"Fight","damage_taken":0,"max_hp_gain":0,"max_hp_loss":0,"event_name":"MindBloom","floor":36,"gold_loss":0},{"damage_healed":0,"gold_gain":0,"player_choice":"Upgraded","damage_taken":0,"max_hp_gain":0,"max_hp_loss":0,"event_name":"Upgrade Shrine","floor":44,"gold_loss":0,"cards_upgraded":["Well Laid Plans"]}],"is_beta":false,"boss_relics":[{"not_picked":["Black Star","Fusion Hammer"],"picked":"Busted Crown"},{"not_picked":["HoveringKite","WristBlade"],"picked":"Astrolabe"}],"items_purged_floors":[19],"is_endless":false,"potions_floor_spawned":[1,2,11,14,16,18,28,33,35,36,47,48],"ascension_level":20}