{"gold_per_floor":[118,6,21,41,41,114,114],"floor_reached":7,"playtime":253,"items_purged":[],"score":208,"play_id":"e16248e5-e9e7-4240-9c1b-3e13a3ff1aaf","local_time":"20190325010209","daily_mods":["SealedDeck","Hoarder","Allstar","Colorless Cards","Heirloom","Flight"],"is_ascension_mode":true,"campfire_choices":[],"neow_cost":"","seed_source_timestamp":953218710048300,"circlet_count":0,"master_deck":["AscendersBane","Reckless Charge","Reckless Charge","Reckless Charge","Wild Strike","Wild Strike","Wild Strike","Rage","Rage","Rage","Cleave","Cleave","Cleave","Shockwave","Shockwave","Shockwave","Anger","Anger","Anger","Trip","Trip","Trip","Anger","Anger","Anger","Trip","Trip","Trip","Power Through","Power Through","Power Through","Finesse","Finesse","Finesse","Dropkick","Dropkick","Dropkick","Corruption","Corruption","Corruption","Shrug It Off","Shrug It Off","Shrug It Off","Ghostly Armor","Ghostly Armor","Ghostly Armor"],"relics":["Burning Blood","Bird Faced Urn","Golden Idol","Tiny Chest"],"potions_floor_usage":[7],"damage_taken":[{"damage":0,"enemies":"Small Slimes","floor":1,"turns":2},{"damage":0,"enemies":"2 Louse","floor":3,"turns":2},{"damage":0,"enemies":"Cultist","floor":4,"turns":2},{"damage":0,"enemies":"3 Sentries","floor":6,"turns":5},{"damage":32,"enemies":"Gremlin Nob","floor":7,"turns":4}],"seed_played":"6471378361087399029","potions_obtained":[{"floor":1,"key":"FearPotion"}],"is_trial":true,"path_per_floor":["M","$","M","M","?","E","E"],"character_chosen":"IRONCLAD","items_purchased":["Dropkick","Corruption"],"campfire_rested":0,"item_purchase_floors":[2,2],"current_hp_per_floor":[74,74,75,75,49,57,27],"gold":114,"neow_bonus":"","is_prod":false,"is_daily":false,"chose_seed":false,"campfire_upgraded":0,"win_rate":0,"timestamp":1553443329,"path_taken":["M","$","M","M","?","E","E"],"build_version":"2019-01-23","purchased_purges":0,"victory":false,"max_hp_per_floor":[75,75,75,75,75,75,75],"card_choices":[{"not_picked":["Rupture","Warcry"],"picked":"Finesse","floor":1},{"not_picked":["Metallicize","Flame Barrier"],"picked":"Shrug It Off","floor":3},{"not_picked":["PanicButton","Jack Of All Trades"],"picked":"Ghostly Armor","floor":4},{"not_picked":["Forethought","Body Slam","True Grit"],"picked":"SKIP","floor":6}],"player_experience":4618701,"relics_obtained":[{"floor":6,"key":"Tiny Chest"}],"event_choices":[{"damage_healed":0,"gold_gain":0,"player_choice":"Take Damage","damage_taken":26,"relics_obtained":["Golden Idol"],"max_hp_gain":0,"max_hp_loss":0,"event_name":"Golden Idol","floor":5,"gold_loss":0}],"is_beta":false,"boss_relics":[],"items_purged_floors":[],"is_endless":false,"potions_floor_spawned":[1],"killed_by":"Gremlin Nob","ascension_level":15}