{"gold_per_floor":[119,119,138,138,138,138,167,183,210,229,259,346,308,332,344,459,471,503,534,461,473,485,524,142,173,224,244,244],"floor_reached":28,"playtime":1707,"items_purged":["Defend_R"],"score":331,"play_id":"7986cd57-e48d-48be-a38f-2aa0c599b3eb","local_time":"20190725214019","is_ascension_mode":true,"campfire_choices":[{"floor":6,"key":"RECALL"},{"floor":15,"key":"REST"}],"neow_cost":"NONE","seed_source_timestamp":1308018008219700,"circlet_count":0,"master_deck":["Strike_R","Strike_R+1","Strike_R","Strike_R+1","Defend_R","Bash","Burning Pact","Feel No Pain","Second Wind","Double Tap","Shrug It Off","Carnage","Metallicize","Flex","Demon Form","Carnage+1","Defend_B","Intimidate+1","Blood for Blood","Dark Shackles","Feel No Pain","Sentinel"],"relics":["Burning Blood","Potion Belt","Anchor","MawBank","Snecko Eye","Dream Catcher","Nilry\u0027s Codex","Strawberry","Membership Card","PreservedInsect","Letter Opener","Ancient Tea Set"],"potions_floor_usage":[11,11,16,19,19,27,28],"damage_taken":[{"damage":7,"enemies":"Jaw Worm","floor":1,"turns":6},{"damage":2,"enemies":"Small Slimes","floor":3,"turns":4},{"damage":40,"enemies":"Lagavulin","floor":7,"turns":6},{"damage":0,"enemies":"2 Louse","floor":8,"turns":3},{"damage":2,"enemies":"2 Fungi Beasts","floor":10,"turns":5},{"damage":0,"enemies":"Gremlin Nob","floor":11,"turns":2},{"damage":2,"enemies":"Blue Slaver","floor":14,"turns":2},{"damage":49,"enemies":"Hexaghost","floor":16,"turns":16},{"damage":4,"enemies":"Chosen","floor":18,"turns":6},{"damage":35,"enemies":"3 Byrds","floor":19,"turns":6},{"damage":8,"enemies":"Gremlin Leader","floor":23,"turns":6},{"damage":19,"enemies":"Book of Stabbing","floor":25,"turns":5},{"damage":11,"enemies":"Centurion and Healer","floor":27,"turns":4},{"damage":33,"enemies":"Slavers","floor":28,"turns":3}],"seed_played":"-4076616587317297886","potions_obtained":[{"floor":3,"key":"Swift Potion"},{"floor":8,"key":"SteroidPotion"},{"floor":10,"key":"Strength Potion"},{"floor":11,"key":"Swift Potion"},{"floor":18,"key":"EssenceOfSteel"},{"floor":23,"key":"Weak Potion"}],"is_trial":false,"path_per_floor":["M","?","M","?","?","R","E","M","T","M","E","?","?","M","R","B",null,"M","M","?","?","?","E","$","E","T","M","E"],"character_chosen":"IRONCLAD","items_purchased":["Membership Card","PreservedInsect","Strength Potion","Blood for Blood","Dark Shackles"],"campfire_rested":1,"item_purchase_floors":[24,24,24,24,24],"current_hp_per_floor":[87,87,88,70,63,63,29,35,35,39,45,34,34,38,64,21,88,88,59,59,43,43,48,48,35,35,30,0],"gold":244,"neow_bonus":"TEN_PERCENT_HP_BONUS","is_prod":false,"is_daily":false,"chose_seed":false,"campfire_upgraded":0,"win_rate":0,"timestamp":1564108819,"path_taken":["M","?","M","?","?","R","E","M","T","M","E","?","?","?","R","BOSS","M","M","?","?","?","E","$","E","T","?","E"],"build_version":"2019-07-17","purchased_purges":1,"victory":false,"max_hp_per_floor":[88,88,88,88,88,88,88,88,88,88,88,88,88,88,88,88,88,88,88,88,88,88,95,95,95,95,95,95],"card_choices":[{"not_picked":["Clash","Ghostly Armor"],"picked":"Burning Pact","floor":1},{"not_picked":["Feel No Pain","Rampage"],"picked":"Second Wind","floor":3},{"not_picked":["Brutality","Battle Trance"],"picked":"Double Tap","floor":7},{"not_picked":["Perfected Strike","Iron Wave"],"picked":"Shrug It Off","floor":8},{"not_picked":["Havoc","Headbutt"],"picked":"Carnage","floor":10},{"not_picked":["Cleave","Pommel Strike"],"picked":"Metallicize","floor":11},{"not_picked":["Iron Wave","Burning Pact"],"picked":"Flex","floor":14},{"not_picked":["Double Tap","Fiend Fire"],"picked":"Demon Form","floor":16},{"not_picked":["Anger+1","Perfected Strike+1"],"picked":"Carnage+1","floor":18},{"not_picked":["Thunderclap+1","Body Slam","Twin Strike"],"picked":"SKIP","floor":19},{"not_picked":["Clash","Feel No Pain"],"picked":"Intimidate+1","floor":23},{"not_picked":["True Grit+1","Pommel Strike"],"picked":"Feel No Pain","floor":25},{"not_picked":["Infernal Blade","Bloodletting+1"],"picked":"Sentinel","floor":27}],"player_experience":183249,"relics_obtained":[{"floor":7,"key":"Anchor"},{"floor":11,"key":"MawBank"},{"floor":21,"key":"Nilry\u0027s Codex"},{"floor":23,"key":"Strawberry"},{"floor":25,"key":"Letter Opener"},{"floor":26,"key":"Ancient Tea Set"}],"event_choices":[{"damage_healed":0,"gold_gain":0,"cards_transformed":["Defend_R"],"player_choice":"Change","damage_taken":0,"max_hp_gain":0,"max_hp_loss":0,"event_name":"Living Wall","floor":2,"gold_loss":0,"cards_obtained":["Feel No Pain"]},{"damage_healed":0,"gold_gain":0,"player_choice":"Entered Light","damage_taken":18,"max_hp_gain":0,"max_hp_loss":0,"event_name":"Shining Light","floor":4,"gold_loss":0,"cards_upgraded":["Strike_R","Strike_R"]},{"damage_healed":0,"gold_gain":0,"player_choice":"Success","damage_taken":7,"relics_obtained":["Potion Belt"],"max_hp_gain":0,"max_hp_loss":0,"event_name":"Scrap Ooze","floor":5,"gold_loss":0},{"damage_healed":0,"gold_gain":75,"player_choice":"Gather Gold","damage_taken":11,"max_hp_gain":0,"max_hp_loss":0,"event_name":"World of Goop","floor":12,"gold_loss":0},{"cards_removed":["Strike_R"],"damage_healed":0,"gold_gain":0,"player_choice":"Card Removal","damage_taken":0,"max_hp_gain":0,"max_hp_loss":0,"event_name":"The Cleric","floor":13,"gold_loss":50},{"damage_healed":0,"gold_gain":0,"player_choice":"Obtained Relic","damage_taken":0,"relics_obtained":["Dream Catcher"],"max_hp_gain":0,"max_hp_loss":0,"event_name":"Addict","floor":20,"gold_loss":85},{"damage_healed":0,"gold_gain":0,"player_choice":"Obtained Book","damage_taken":16,"max_hp_gain":0,"max_hp_loss":0,"event_name":"Cursed Tome","floor":21,"gold_loss":0},{"cards_removed":["Defend_R"],"damage_healed":0,"gold_gain":0,"player_choice":"Took Card","damage_taken":0,"max_hp_gain":0,"max_hp_loss":0,"event_name":"NoteForYourself","floor":22,"gold_loss":0,"cards_obtained":["Defend_B"]}],"is_beta":false,"boss_relics":[{"not_picked":["White Beast Statue","Velvet Choker"],"picked":"Snecko Eye"}],"items_purged_floors":[24],"is_endless":false,"potions_floor_spawned":[3,8,10,11,18,23],"killed_by":"Slavers","ascension_level":1}