{"gold_per_floor":[119,44,96,115,126,126,140,173,221,236,236,270,290,11,11,11],"floor_reached":16,"playtime":357,"items_purged":["Strike_G"],"score":224,"play_id":"b36cb497-c850-43b5-ada9-83d369d3a599","local_time":"20190414000226","is_ascension_mode":true,"campfire_choices":[{"data":"Flechettes","floor":6.0,"key":"SMITH"},{"floor":11.0,"key":"REST"},{"data":"Apotheosis","floor":15,"key":"SMITH"}],"neow_cost":"NONE","seed_source_timestamp":173528878526800,"circlet_count":0,"master_deck":["AscendersBane","Defend_G","Defend_G","Defend_G","Defend_G","Defend_G","Strike_G+1","Strike_G","Strike_G","Strike_G","Survivor","Neutralize+1","Slice","All Out Attack","Acrobatics","Flechettes+1","Bouncing Flask","PiercingWail","Backflip","Underhanded Strike","Deadly Poison","Apotheosis+1","Blur"],"special_seed":0,"relics":["Ring of the Snake","Potion Belt","WingedGreaves","Whetstone","Boot"],"potions_floor_usage":[12,12,16],"damage_taken":[{"damage":6.0,"enemies":"Cultist","floor":1.0,"turns":4.0},{"damage":8.0,"enemies":"2 Louse","floor":4.0,"turns":3.0},{"damage":4.0,"enemies":"Jaw Worm","floor":5.0,"turns":3.0},{"damage":16.0,"enemies":"3 Louse","floor":7.0,"turns":3.0},{"damage":18.0,"enemies":"Lagavulin","floor":8.0,"turns":6.0},{"damage":4.0,"enemies":"Blue Slaver","floor":10.0,"turns":3.0},{"damage":2,"enemies":"Gremlin Nob","floor":12,"turns":3},{"damage":4,"enemies":"Gremlin Gang","floor":13,"turns":3},{"damage":18,"enemies":"Hexaghost","floor":16,"turns":8}],"seed_played":"-262321724217393796","potions_obtained":[{"floor":1.0,"key":"GhostInAJar"},{"floor":8.0,"key":"FearPotion"},{"floor":10.0,"key":"Poison Potion"},{"floor":13,"key":"PowerPotion"}],"is_trial":false,"path_per_floor":["M","$","T","M","M","R","M","E","T","M","R","E","M","$","R","B"],"character_chosen":"THE_SILENT","items_purchased":["Apotheosis","Blur"],"campfire_rested":1,"item_purchase_floors":[14,14],"current_hp_per_floor":[53,53,53,45,41,41,25,7,7,3,22,20,16,16,16,0],"gold":11,"neow_bonus":"THREE_CARDS","is_prod":false,"is_daily":false,"chose_seed":false,"campfire_upgraded":2,"win_rate":0,"timestamp":1555167746,"path_taken":["M","?","?","M","M","R","M","E","T","M","R","E","M","$","R","BOSS"],"build_version":"2019-01-23","purchased_purges":1,"victory":false,"max_hp_per_floor":[66,66,66,66,66,66,66,66,66,66,66,66,66,66,66,66],"card_choices":[{"not_picked":["Dodge and Roll","Backflip"],"picked":"Slice","floor":0.0},{"not_picked":["Endless Agony","Dagger Throw"],"picked":"All Out Attack","floor":1.0},{"not_picked":["Blade Dance","Prepared"],"picked":"Acrobatics","floor":4.0},{"not_picked":["Accuracy","PiercingWail"],"picked":"Flechettes","floor":5.0},{"not_picked":["Blade Dance","Deadly Poison"],"picked":"Bouncing Flask","floor":7.0},{"not_picked":["Heel Hook","Poisoned Stab"],"picked":"PiercingWail","floor":8.0},{"not_picked":["Caltrops","Prepared"],"picked":"Backflip","floor":10.0},{"not_picked":["Masterful Stab","Prepared"],"picked":"Underhanded Strike","floor":12},{"not_picked":["Quick Slash","Bouncing Flask"],"picked":"Deadly Poison","floor":13}],"player_experience":4775054,"relics_obtained":[{"floor":3.0,"key":"Potion Belt"},{"floor":8.0,"key":"WingedGreaves"},{"floor":9.0,"key":"Whetstone"},{"floor":12,"key":"Boot"}],"event_choices":[],"is_beta":false,"boss_relics":[],"items_purged_floors":[2],"is_endless":false,"potions_floor_spawned":[1,8,10,13],"killed_by":"Hexaghost","ascension_level":20}