{"gold_per_floor":[113,113,35,52,52,63,91,91,91,91,121,20,20,48,48,119,119,129,129,129,161,8,35,35,35,35,45,55,55,82,38,38,112,112,122,22,22,22,122,122,151,166,166,8,8,8,25,36,36,36,36,36,36,36,62,62],"floor_reached":57,"playtime":2540,"items_purged":["Strike_G","Shame"],"score":2865,"play_id":"15934816-f9d7-4c0c-b049-f0add34dda1a","local_time":"20190607013506","is_ascension_mode":true,"campfire_choices":[{"data":"Noxious Fumes","floor":8,"key":"SMITH"},{"data":"All Out Attack","floor":10,"key":"SMITH"},{"data":"Glass Knife","floor":15,"key":"SMITH"},{"floor":24,"key":"REST"},{"floor":29,"key":"REST"},{"data":"Catalyst","floor":32,"key":"SMITH"},{"floor":40,"key":"RECALL"},{"data":"Ghostly","floor":45,"key":"SMITH"},{"data":"Burst","floor":49,"key":"SMITH"},{"data":"Night Terror","floor":53,"key":"SMITH"}],"neow_cost":"NONE","seed_source_timestamp":962618047471300,"circlet_count":0,"master_deck":["AscendersBane","Defend_G","Defend_G+1","Defend_G","Defend_G","Defend_G","Strike_G","Strike_G","Strike_G","Strike_G","Survivor","Neutralize","PiercingWail","Predator+1","All Out Attack+1","Noxious Fumes+1","Dagger Spray","Glass Knife+1","Burst+1","PiercingWail","Footwork","Terror","Sucker Punch","Deadly Poison","Ghostly+1","Ghostly","Ghostly","Backstab","Adrenaline","Blade Dance","Night Terror+1","Crippling Poison+1","Catalyst+1","Night Terror","Backflip","Backstab","Ghostly+1","PiercingWail+1"],"relics":["Ring of the Snake","NeowsBlessing","Pantograph","Pen Nib","Gremlin Horn","Bag of Preparation","Bronze Scales","Orrery","Gambling Chip","Red Mask","Dead Branch","Ancient Tea Set","Coffee Dripper","Du-Vu Doll","Vajra","Mummified Hand","Happy Flower","Oddly Smooth Stone"],"potions_floor_usage":[14,14,18,33,56,56,56,56],"damage_taken":[{"damage":0,"enemies":"Small Slimes","floor":1,"turns":1},{"damage":0,"enemies":"Jaw Worm","floor":4,"turns":1},{"damage":0,"enemies":"Cultist","floor":6,"turns":1},{"damage":9,"enemies":"3 Sentries","floor":7,"turns":6},{"damage":16,"enemies":"Lagavulin","floor":14,"turns":6},{"damage":9,"enemies":"Slime Boss","floor":16,"turns":6},{"damage":26,"enemies":"Spheric Guardian","floor":18,"turns":4},{"damage":4,"enemies":"Masked Bandits","floor":21,"turns":4},{"damage":14,"enemies":"Book of Stabbing","floor":23,"turns":5},{"damage":0,"enemies":"3 Byrds","floor":27,"turns":2},{"damage":3,"enemies":"Cultist and Chosen","floor":28,"turns":5},{"damage":10,"enemies":"Slavers","floor":30,"turns":7},{"damage":5,"enemies":"Automaton","floor":33,"turns":8},{"damage":1,"enemies":"3 Shapes","floor":35,"turns":5},{"damage":0,"enemies":"Mind Bloom Boss Battle","floor":39,"turns":3},{"damage":0,"enemies":"Nemesis","floor":41,"turns":3},{"damage":2,"enemies":"Orb Walker","floor":42,"turns":3},{"damage":3,"enemies":"4 Shapes","floor":47,"turns":7},{"damage":0,"enemies":"3 Darklings","floor":48,"turns":2},{"damage":0,"enemies":"Awakened One","floor":50,"turns":11},{"damage":6,"enemies":"Donu and Deca","floor":51,"turns":9},{"damage":4,"enemies":"Shield and Spear","floor":55,"turns":8},{"damage":28,"enemies":"The Heart","floor":56,"turns":11}],"seed_played":"8521097268820803911","potions_obtained":[{"floor":4,"key":"Poison Potion"},{"floor":6,"key":"Strength Potion"},{"floor":7,"key":"Poison Potion"},{"floor":16,"key":"Swift Potion"},{"floor":27,"key":"GamblersBrew"},{"floor":28,"key":"GhostInAJar"},{"floor":33,"key":"EntropicBrew"}],"is_trial":false,"path_per_floor":["M","?","$","M","?","M","E","R","T","R","?","$","?","E","R","B",null,"M","?","?","?","$","E","R","?","T","M","M","R","E","$","R","B",null,"M","$","?","?","?","R","E","M","T","$","R","?","M","M","R","B","B",null,"R","$","E","B",null],"character_chosen":"THE_SILENT","items_purchased":["Predator","Dagger Spray","Adrenaline","Catalyst","Happy Flower"],"campfire_rested":2,"item_purchase_floors":[3,12,22,31,44],"current_hp_per_floor":[59,24,24,24,46,46,37,37,37,37,37,37,17,1,1,17,54,28,28,28,24,24,10,19,13,13,13,10,19,9,9,9,28,32,31,31,31,31,33,33,33,31,31,31,31,31,28,28,28,33,27,32,32,32,28,5],"gold":62,"neow_bonus":"THREE_ENEMY_KILL","is_prod":false,"is_daily":false,"chose_seed":false,"campfire_upgraded":7,"win_rate":0,"timestamp":1559838906,"path_taken":["M","?","?","?","?","M","E","R","T","R","?","$","?","E","R","BOSS","M","?","?","?","$","E","R","?","T","M","?","R","E","?","R","BOSS","M","$","?","?","?","R","E","M","T","?","R","?","M","?","R","BOSS","BOSS","R","$","E","BOSS"],"build_version":"2019-01-23","purchased_purges":2,"victory":true,"max_hp_per_floor":[66,66,66,66,66,66,66,66,66,66,66,66,66,66,66,66,66,66,33,33,33,33,33,33,33,33,33,33,33,33,33,33,33,33,33,33,33,33,33,33,33,33,33,33,33,33,33,33,33,33,33,33,33,33,33,33],"card_choices":[{"not_picked":["Bane","Endless Agony"],"picked":"PiercingWail","floor":1},{"not_picked":["Acrobatics","Backflip"],"picked":"All Out Attack","floor":4},{"not_picked":["Backflip","Dagger Spray"],"picked":"Noxious Fumes","floor":6},{"not_picked":["Accuracy","Unload","Slice"],"picked":"SKIP","floor":7},{"not_picked":["Sucker Punch","Masterful Stab"],"picked":"Glass Knife","floor":14},{"not_picked":["Night Terror","Tools of the Trade"],"picked":"Burst","floor":16},{"not_picked":["Expertise","Slice"],"picked":"PiercingWail","floor":17},{"not_picked":["Quick Slash","Finisher"],"picked":"Footwork","floor":17},{"not_picked":["Concentrate","Choke"],"picked":"Terror","floor":17},{"not_picked":["Infinite Blades","Quick Slash"],"picked":"Sucker Punch","floor":17},{"not_picked":["Choke","Finisher+1"],"picked":"Deadly Poison","floor":18},{"not_picked":["Deflect","Bane"],"picked":"Backstab","floor":21},{"not_picked":["Accuracy","Underhanded Strike"],"picked":"Blade Dance","floor":23},{"not_picked":["Acrobatics","All Out Attack"],"picked":"Night Terror","floor":27},{"not_picked":["Prepared","Cloak And Dagger"],"picked":"Crippling Poison+1","floor":28},{"not_picked":["Outmaneuver","Deadly Poison+1","Flying Knee"],"picked":"SKIP","floor":30},{"not_picked":["Burst","Glass Knife"],"picked":"Night Terror","floor":33},{"not_picked":["Finisher+1","Crippling Poison","Poisoned Stab"],"picked":"SKIP","floor":35},{"not_picked":["Unload","Masterful Stab"],"picked":"Backflip","floor":41},{"not_picked":["Sucker Punch","Backflip"],"picked":"Backstab","floor":42},{"not_picked":["Quick Slash","Blade Dance+1"],"picked":"PiercingWail+1","floor":47},{"not_picked":["PiercingWail","Outmaneuver","Acrobatics"],"picked":"SKIP","floor":48},{"not_picked":["Reflex","Cloak And Dagger","Flechettes"],"picked":"SKIP","floor":55}],"player_experience":5287687,"relics_obtained":[{"floor":7,"key":"Pen Nib"},{"floor":9,"key":"Gremlin Horn"},{"floor":14,"key":"Bronze Scales"},{"floor":21,"key":"Red Mask"},{"floor":23,"key":"Dead Branch"},{"floor":30,"key":"Ancient Tea Set"},{"floor":39,"key":"Du-Vu Doll"},{"floor":41,"key":"Vajra"},{"floor":43,"key":"Mummified Hand"},{"floor":55,"key":"Oddly Smooth Stone"}],"event_choices":[{"damage_healed":0,"gold_gain":0,"player_choice":"Success","damage_taken":35,"relics_obtained":["Pantograph"],"max_hp_gain":0,"max_hp_loss":0,"event_name":"Scrap Ooze","floor":2,"gold_loss":0},{"damage_healed":22,"gold_gain":0,"player_choice":"Banana","damage_taken":0,"max_hp_gain":0,"max_hp_loss":0,"event_name":"Big Fish","floor":5,"gold_loss":0},{"damage_healed":0,"gold_gain":30,"player_choice":"Searched \u00272\u0027 times","damage_taken":0,"relics_obtained":["Bag of Preparation"],"max_hp_gain":0,"max_hp_loss":0,"event_name":"Dead Adventurer","floor":11,"gold_loss":0},{"damage_healed":0,"gold_gain":0,"player_choice":"Entered Light","damage_taken":20,"max_hp_gain":0,"max_hp_loss":0,"event_name":"Shining Light","floor":13,"gold_loss":0,"cards_upgraded":["Predator","Defend_G"]},{"damage_healed":0,"gold_gain":0,"player_choice":"Became a Ghost","damage_taken":0,"max_hp_gain":0,"max_hp_loss":33,"event_name":"Ghosts","floor":19,"gold_loss":0,"cards_obtained":["Ghostly","Ghostly","Ghostly"]},{"damage_healed":0,"gold_gain":0,"player_choice":"Stole Relic","damage_taken":0,"relics_obtained":["Gambling Chip"],"max_hp_gain":0,"max_hp_loss":0,"event_name":"Addict","floor":20,"gold_loss":0,"cards_obtained":["Shame"]},{"damage_healed":0,"gold_gain":0,"player_choice":"Fought Bandits","damage_taken":0,"max_hp_gain":0,"max_hp_loss":0,"event_name":"Masked Bandits","floor":21,"gold_loss":0},{"damage_healed":0,"gold_gain":0,"player_choice":"","damage_taken":6,"max_hp_gain":0,"max_hp_loss":0,"event_name":"Knowing Skull","floor":25,"potions_obtained":[],"gold_loss":0,"cards_obtained":[]},{"damage_healed":0,"gold_gain":0,"player_choice":"Ignored","damage_taken":0,"max_hp_gain":0,"max_hp_loss":0,"event_name":"Mysterious Sphere","floor":37,"gold_loss":0},{"damage_healed":0,"gold_gain":0,"player_choice":"Memory 1","damage_taken":0,"max_hp_gain":0,"max_hp_loss":0,"event_name":"SensoryStone","floor":38,"gold_loss":0},{"damage_healed":0,"gold_gain":0,"player_choice":"Fight","damage_taken":0,"max_hp_gain":0,"max_hp_loss":0,"event_name":"MindBloom","floor":39,"gold_loss":0},{"damage_healed":0,"gold_gain":0,"player_choice":"Copied","damage_taken":0,"max_hp_gain":0,"max_hp_loss":0,"event_name":"Duplicator","floor":46,"gold_loss":0,"cards_obtained":["Ghostly"]}],"is_beta":false,"boss_relics":[{"not_picked":["Tiny House","Ring of the Serpent"],"picked":"Orrery"},{"not_picked":["Lizard Tail","Sozu"],"picked":"Coffee Dripper"}],"items_purged_floors":[12,36],"is_endless":false,"potions_floor_spawned":[4,6,7,16,27,28,33,41,47],"ascension_level":20}