{"gold_per_floor":[114,131,81,100,120,120,120,120,143,154,168,168,168,188,188,188],"floor_reached":16,"playtime":759,"items_purged":[],"score":94,"play_id":"e0f03977-8004-42ea-85e3-25fb5fe55e65","local_time":"20181230222056","is_ascension_mode":false,"campfire_choices":[{"data":"Footwork","floor":6,"key":"SMITH"},{"data":"Neutralize","floor":8,"key":"SMITH"},{"data":"Sucker Punch","floor":15,"key":"SMITH"}],"neow_cost":"NONE","seed_source_timestamp":17469254382442,"circlet_count":0,"master_deck":["Defend_G","Defend_G","Defend_G","Defend_G","Defend_G","Strike_G","Strike_G","Strike_G","Strike_G","Strike_G","Survivor","Neutralize+1","Footwork+1","Deflect","Sucker Punch","Deflect","Sucker Punch+1","Bullet Time","Regret","Backflip"],"relics":["Ring of the Snake","NeowsBlessing","Bag of Marbles","Happy Flower","Bird Faced Urn"],"potions_floor_usage":[],"damage_taken":[{"damage":0,"enemies":"Cultist","floor":1,"turns":1},{"damage":0,"enemies":"2 Louse","floor":2,"turns":1},{"damage":0,"enemies":"Small Slimes","floor":4,"turns":1},{"damage":0,"enemies":"Blue Slaver","floor":5,"turns":5},{"damage":2,"enemies":"3 Louse","floor":10,"turns":5},{"damage":0,"enemies":"Exordium Thugs","floor":11,"turns":6},{"damage":2,"enemies":"Red Slaver","floor":14,"turns":3},{"damage":71,"enemies":"Slime Boss","floor":16,"turns":15}],"seed_played":"3422500584076537470","potions_obtained":[{"floor":1,"key":"SteroidPotion"},{"floor":5,"key":"Ancient Potion"},{"floor":11,"key":"FairyPotion"}],"is_trial":false,"path_per_floor":["M","M","$","M","M","R","?","R","T","M","M","?","?","M","R","B"],"character_chosen":"THE_SILENT","items_purchased":["Sucker Punch"],"campfire_rested":0,"item_purchase_floors":[3],"current_hp_per_floor":[70,70,70,70,70,70,52,52,52,50,50,50,50,50,50,0],"gold":188,"neow_bonus":"THREE_ENEMY_KILL","is_prod":false,"is_daily":false,"chose_seed":false,"campfire_upgraded":3,"win_rate":0,"timestamp":1546226456,"path_taken":["M","M","$","M","M","R","?","R","T","M","M","?","?","M","R","BOSS"],"build_version":"2018-12-20","purchased_purges":0,"victory":false,"max_hp_per_floor":[70,70,70,70,70,70,70,70,70,70,70,70,70,70,70,70],"card_choices":[{"not_picked":["Outmaneuver","Heel Hook"],"picked":"Footwork","floor":1},{"not_picked":["Calculated Gamble","Dagger Throw"],"picked":"Deflect","floor":2},{"not_picked":["Backstab","Slice"],"picked":"Deflect","floor":4},{"not_picked":["Bane","Deflect"],"picked":"Sucker Punch","floor":5},{"not_picked":["Acrobatics","Noxious Fumes"],"picked":"Bullet Time","floor":10},{"not_picked":["PiercingWail","Riddle With Holes","Tactician"],"picked":"SKIP","floor":11},{"not_picked":["Catalyst","Reflex"],"picked":"Backflip","floor":14}],"player_experience":46875,"relics_obtained":[{"floor":9,"key":"Happy Flower"}],"event_choices":[{"damage_healed":0,"gold_gain":0,"player_choice":"Success","damage_taken":18,"relics_obtained":["Bag of Marbles"],"max_hp_gain":0,"max_hp_loss":0,"event_name":"Scrap Ooze","floor":7,"gold_loss":0},{"damage_healed":0,"gold_gain":0,"player_choice":"Ignored","damage_taken":0,"max_hp_gain":0,"max_hp_loss":0,"event_name":"Liars Game","floor":12,"gold_loss":0},{"damage_healed":0,"gold_gain":0,"player_choice":"Box","damage_taken":0,"relics_obtained":["Bird Faced Urn"],"max_hp_gain":0,"max_hp_loss":0,"event_name":"Big Fish","floor":13,"gold_loss":0,"cards_obtained":["Regret"]}],"is_beta":false,"boss_relics":[],"items_purged_floors":[],"is_endless":false,"potions_floor_spawned":[1,5,11],"killed_by":"Slime Boss","ascension_level":0}