{"gold_per_floor":[119,136,153,153,163,189,189,203,227,262,262,288,316,410,422,507,519,547,484,506,544,573,585],"floor_reached":23,"playtime":900,"items_purged":[],"score":526,"play_id":"8592945e-c1ca-4355-9486-49ba19975641","local_time":"20190522235208","is_ascension_mode":true,"campfire_choices":[{"floor":7,"key":"REST"},{"data":"Armaments","floor":11,"key":"SMITH"},{"data":"Battle Trance","floor":15,"key":"SMITH"}],"neow_cost":"NONE","seed_source_timestamp":165460905500,"circlet_count":0,"master_deck":["AscendersBane","Strike_R","Strike_R","Strike_R","Defend_R","Defend_R","Defend_R","Defend_R","Bash","Carnage","Battle Trance+1","Blood for Blood","Feel No Pain","Combust","Bludgeon","Armaments+1","Havoc","Reckless Charge","Shrug It Off","Dark Embrace+1","Warcry","Havoc","Sever Soul","Flame Barrier","Rupture+1"],"relics":["Burning Blood","Gremlin Horn","Omamori","Red Skull","MawBank","Frozen Egg 2","Orrery","Regal Pillow"],"potions_floor_usage":[6,16,16,23],"damage_taken":[{"damage":12,"enemies":"Jaw Worm","floor":1,"turns":3},{"damage":0,"enemies":"Cultist","floor":2,"turns":2},{"damage":10,"enemies":"2 Louse","floor":3,"turns":3},{"damage":18,"enemies":"Exordium Thugs","floor":5,"turns":4},{"damage":31,"enemies":"Lagavulin","floor":6,"turns":5},{"damage":10,"enemies":"Gremlin Gang","floor":8,"turns":3},{"damage":10,"enemies":"Gremlin Nob","floor":10,"turns":3},{"damage":9,"enemies":"3 Sentries","floor":12,"turns":6},{"damage":9,"enemies":"Lots of Slimes","floor":13,"turns":2},{"damage":6,"enemies":"The Guardian","floor":16,"turns":9},{"damage":24,"enemies":"3 Byrds","floor":18,"turns":5},{"damage":14,"enemies":"2 Thieves","floor":20,"turns":4},{"damage":21,"enemies":"Centurion and Healer","floor":22,"turns":7},{"damage":25,"enemies":"Book of Stabbing","floor":23,"turns":4}],"seed_played":"6864340990726830171","potions_obtained":[{"floor":2,"key":"LiquidBronze"},{"floor":4,"key":"FearPotion"},{"floor":10,"key":"SpeedPotion"},{"floor":12,"key":"Ancient Potion"},{"floor":22,"key":"Weak Potion"}],"is_trial":false,"path_per_floor":["M","M","M","?","M","E","R","M","T","E","R","E","M","T","R","B",null,"M","?","M","T","M","E"],"character_chosen":"IRONCLAD","items_purchased":[],"campfire_rested":1,"item_purchase_floors":[],"current_hp_per_floor":[62,68,64,64,52,27,49,45,45,41,41,38,35,35,35,35,65,47,47,39,39,24,0],"gold":585,"neow_bonus":"TRANSFORM_CARD","is_prod":false,"is_daily":false,"chose_seed":false,"campfire_upgraded":2,"win_rate":0,"timestamp":1558536728,"path_taken":["M","M","M","?","?","E","R","M","T","E","R","E","M","?","R","BOSS","M","?","M","?","?","E"],"build_version":"2019-01-23","purchased_purges":0,"victory":false,"max_hp_per_floor":[75,75,75,75,75,75,75,75,75,75,75,75,75,75,75,75,75,75,75,75,75,75,75],"card_choices":[{"not_picked":["Pommel Strike","Body Slam"],"picked":"Battle Trance","floor":1},{"not_picked":["Shockwave","Heavy Blade"],"picked":"Blood for Blood","floor":2},{"not_picked":["Warcry","Reckless Charge"],"picked":"Feel No Pain","floor":3},{"not_picked":["Cleave","Warcry"],"picked":"Combust","floor":5},{"not_picked":["Shrug It Off","Heavy Blade"],"picked":"Bludgeon","floor":6},{"not_picked":["Pommel Strike","Whirlwind"],"picked":"Armaments","floor":8},{"not_picked":["Clash","Body Slam"],"picked":"Havoc","floor":10},{"not_picked":["Thunderclap","Havoc"],"picked":"Reckless Charge","floor":12},{"not_picked":["Headbutt","Thunderclap"],"picked":"Shrug It Off","floor":13},{"not_picked":["Demon Form+1","Berserk+1"],"picked":"Dark Embrace+1","floor":16},{"not_picked":["Iron Wave","Sentinel"],"picked":"Warcry","floor":17},{"not_picked":["Shrug It Off","Heavy Blade"],"picked":"Havoc","floor":17},{"not_picked":["Armaments","Anger"],"picked":"Sever Soul","floor":18},{"not_picked":["Combust+1","Twin Strike"],"picked":"Flame Barrier","floor":20},{"not_picked":["Entrench","Wild Strike"],"picked":"Rupture+1","floor":22}],"player_experience":5107183,"relics_obtained":[{"floor":6,"key":"Gremlin Horn"},{"floor":9,"key":"Omamori"},{"floor":10,"key":"Red Skull"},{"floor":12,"key":"MawBank"},{"floor":14,"key":"Frozen Egg 2"},{"floor":21,"key":"Regal Pillow"}],"event_choices":[{"damage_healed":0,"gold_gain":0,"player_choice":"Got Potions","damage_taken":0,"max_hp_gain":0,"max_hp_loss":0,"event_name":"Lab","floor":4,"gold_loss":0},{"cards_removed":["Strike_R"],"damage_healed":0,"gold_gain":0,"player_choice":"Gave Gold","damage_taken":0,"max_hp_gain":0,"max_hp_loss":0,"event_name":"Beggar","floor":19,"gold_loss":75}],"is_beta":false,"boss_relics":[{"not_picked":["Eternal Feather","Black Blood"],"picked":"Orrery"}],"items_purged_floors":[],"is_endless":false,"potions_floor_spawned":[2,5,10,12,13,22],"killed_by":"Book of Stabbing","ascension_level":20}