{"gold_per_floor":[113,127,137,63,74,74,109,109,160,171,96,110,124,124,124,226,226,245,270,290,290,95,95,122,32,56,56],"floor_reached":27,"playtime":1090,"items_purged":["Strike_R"],"score":245,"play_id":"691a091e-f45d-4193-8dd0-864f504b5a4f","local_time":"20190728164405","is_ascension_mode":true,"campfire_choices":[{"floor":6,"key":"RECALL"},{"data":"Armaments","floor":8,"key":"SMITH"},{"floor":15,"key":"REST"},{"data":"Inflame","floor":23,"key":"SMITH"}],"neow_cost":"NONE","seed_source_timestamp":1550061937539900,"circlet_count":0,"master_deck":["Strike_R","Strike_R","Strike_R","Strike_R","Defend_R","Defend_R","Bash","Body Slam","Armaments+1","Pummel","Uppercut","Limit Break+1","Shrug It Off","Limit Break","Intimidate","Blood for Blood","Uppercut","Regret","Exhume","Rupture","Feel No Pain","Inflame+1","Pummel+1"],"relics":["Burning Blood","Letter Opener","Happy Flower","Vajra","Runic Pyramid","Red Mask","Tiny Chest","Unceasing Top"],"potions_floor_usage":[7,7,16,16,24,27],"damage_taken":[{"damage":0,"enemies":"Small Slimes","floor":1,"turns":3},{"damage":5,"enemies":"2 Louse","floor":2,"turns":3},{"damage":5,"enemies":"Jaw Worm","floor":3,"turns":4},{"damage":19,"enemies":"Exordium Wildlife","floor":5,"turns":4},{"damage":37,"enemies":"Lagavulin","floor":7,"turns":10},{"damage":9,"enemies":"Large Slime","floor":10,"turns":6},{"damage":11,"enemies":"Exordium Thugs","floor":12,"turns":6},{"damage":27,"enemies":"2 Fungi Beasts","floor":13,"turns":5},{"damage":20,"enemies":"Hexaghost","floor":16,"turns":7},{"damage":3,"enemies":"Chosen","floor":18,"turns":4},{"damage":37,"enemies":"Masked Bandits","floor":19,"turns":5},{"damage":25,"enemies":"Spheric Guardian","floor":20,"turns":4},{"damage":21,"enemies":"Book of Stabbing","floor":24,"turns":3},{"damage":22,"enemies":"Centurion and Healer","floor":27,"turns":6}],"seed_played":"-8253015717855957382","potions_obtained":[{"floor":3,"key":"Weak Potion"},{"floor":5,"key":"Fire Potion"},{"floor":7,"key":"Energy Potion"},{"floor":13,"key":"Swift Potion"},{"floor":16,"key":"Swift Potion"},{"floor":19,"key":"Energy Potion"}],"is_trial":false,"path_per_floor":["M","M","M","$","M","R","E","R","T","M","$","M","M","?","R","B",null,"M","?","M","?","$","R","E","?","T","M"],"character_chosen":"IRONCLAD","items_purchased":["Limit Break","Tiny Chest","Inflame"],"campfire_rested":1,"item_purchase_floors":[4,22,22],"current_hp_per_floor":[80,80,80,80,67,67,36,36,36,33,33,28,7,7,31,17,80,80,49,30,30,30,30,15,15,15,0],"gold":56,"neow_bonus":"TRANSFORM_CARD","is_prod":false,"is_daily":false,"chose_seed":false,"campfire_upgraded":2,"win_rate":0,"timestamp":1564350245,"path_taken":["M","M","M","$","M","R","E","R","T","M","$","M","M","?","R","BOSS","M","?","M","?","?","R","E","?","T","?"],"build_version":"2019-07-17","purchased_purges":1,"victory":false,"max_hp_per_floor":[80,80,80,80,80,80,80,80,80,80,80,80,80,80,80,80,80,80,80,80,80,80,80,80,80,80,80],"card_choices":[{"not_picked":["Wild Strike","Intimidate"],"picked":"Armaments","floor":1},{"not_picked":["Body Slam","Bloodletting"],"picked":"Pummel","floor":2},{"not_picked":["Intimidate","Shrug It Off"],"picked":"Uppercut","floor":3},{"not_picked":["Disarm","Pommel Strike"],"picked":"Shrug It Off","floor":5},{"not_picked":["Burning Pact","Clothesline"],"picked":"Limit Break","floor":7},{"not_picked":["Twin Strike","Body Slam"],"picked":"Intimidate","floor":10},{"not_picked":["Dropkick","Perfected Strike"],"picked":"Blood for Blood","floor":12},{"not_picked":["Armaments","Shrug It Off"],"picked":"Uppercut","floor":13},{"not_picked":["Offering","Immolate"],"picked":"Exhume","floor":16},{"not_picked":["Disarm","Iron Wave"],"picked":"Rupture","floor":18},{"not_picked":["Twin Strike+1","Wild Strike"],"picked":"Feel No Pain","floor":20},{"not_picked":["Headbutt","Clothesline+1"],"picked":"Pummel+1","floor":24}],"player_experience":192679,"relics_obtained":[{"floor":7,"key":"Letter Opener"},{"floor":9,"key":"Happy Flower"},{"floor":19,"key":"Red Mask"},{"floor":24,"key":"Unceasing Top"}],"event_choices":[{"damage_healed":0,"gold_gain":0,"player_choice":"Box","damage_taken":0,"relics_obtained":["Vajra"],"max_hp_gain":0,"max_hp_loss":0,"event_name":"Big Fish","floor":14,"gold_loss":0,"cards_obtained":["Regret"]},{"damage_healed":0,"gold_gain":0,"player_choice":"Fought Bandits","damage_taken":0,"max_hp_gain":0,"max_hp_loss":0,"event_name":"Masked Bandits","floor":19,"gold_loss":0},{"damage_healed":0,"gold_gain":0,"player_choice":"Ignored","damage_taken":0,"max_hp_gain":0,"max_hp_loss":0,"event_name":"Vampires","floor":21,"gold_loss":0},{"cards_removed":["Defend_R"],"damage_healed":0,"gold_gain":0,"player_choice":"Upgrade and Remove","damage_taken":0,"max_hp_gain":0,"max_hp_loss":0,"event_name":"Designer","floor":25,"gold_loss":90,"cards_upgraded":["Limit Break"]}],"is_beta":false,"boss_relics":[{"not_picked":["Snecko Eye","Tiny House"],"picked":"Runic Pyramid"}],"items_purged_floors":[11],"is_endless":false,"potions_floor_spawned":[3,5,7,13,16,19],"killed_by":"Centurion and Healer","ascension_level":1}