{"gold_per_floor":[110,110,60,60,10,10,10,10,37,57,75,75,75,91,91,91],"floor_reached":16,"playtime":234,"items_purged":["Strike_G","Defend_G"],"score":176,"play_id":"6747f122-0a4d-4507-8514-44a47e538dbd","local_time":"20190429002642","is_ascension_mode":true,"campfire_choices":[{"data":"Strike_G","floor":6,"key":"PURGE"},{"data":"Defend_G","floor":8,"key":"PURGE"},{"floor":13,"key":"RECALL"},{"data":"Bane","floor":15,"key":"SMITH"}],"neow_cost":"","seed_source_timestamp":0,"circlet_count":0,"master_deck":["Survivor+1","Defend_G","Neutralize","Strike_G","Strike_G","Strike_G+1","Bane+1"],"relics":["Ring of the Snake","Peace Pipe","Smiling Mask","Golden Idol","Vajra"],"potions_floor_usage":[16,16],"damage_taken":[{"damage":1,"enemies":"Cultist","floor":1,"turns":5},{"damage":4,"enemies":"Small Slimes","floor":10,"turns":3},{"damage":1,"enemies":"Jaw Worm","floor":11,"turns":3},{"damage":4,"enemies":"Blue Slaver","floor":14,"turns":3},{"damage":6,"enemies":"The Guardian","floor":16,"turns":5}],"seed_played":"1902640717417030765","potions_obtained":[{"floor":11,"key":"Poison Potion"},{"floor":14,"key":"EssenceOfSteel"}],"is_trial":true,"path_per_floor":["M","?","$","?","$","R","?","R","T","M","M","?","R","M","R","B"],"character_chosen":"THE_SILENT","items_purchased":[],"campfire_rested":0,"item_purchase_floors":[],"current_hp_per_floor":[58,58,58,51,51,51,51,51,51,47,46,28,28,24,24,18],"gold":91,"neow_bonus":"","is_prod":false,"is_daily":false,"chose_seed":false,"campfire_upgraded":1,"win_rate":0,"timestamp":1556465202,"path_taken":["M","?","?","?","$","R","?","R","T","M","?","?","R","M","R","BOSS"],"build_version":"2019-01-23","purchased_purges":2,"victory":false,"max_hp_per_floor":[66,66,66,66,66,66,60,60,60,60,60,60,60,60,60,60],"card_choices":[{"not_picked":["PiercingWail","Flechettes","Underhanded Strike"],"picked":"SKIP","floor":1},{"not_picked":["Accuracy","Slice","Terror"],"picked":"SKIP","floor":10},{"not_picked":["Escape Plan","Poisoned Stab","Terror"],"picked":"SKIP","floor":11},{"not_picked":["Deflect","Dodge and Roll","Bane"],"picked":"SKIP","floor":14},{"not_picked":["Deflect","Dodge and Roll","Bane"],"picked":"SKIP","floor":14},{"not_picked":["Deflect","Dodge and Roll","Bane"],"picked":"SKIP","floor":14},{"not_picked":["Deflect","Dodge and Roll"],"picked":"Bane","floor":14}],"player_experience":4859745,"relics_obtained":[{"floor":9,"key":"Vajra"}],"event_choices":[{"cards_removed":["Defend_G"],"damage_healed":0,"gold_gain":0,"player_choice":"Offered Basic","damage_taken":0,"max_hp_gain":0,"max_hp_loss":0,"event_name":"Bonfire Elementals","floor":2,"gold_loss":0},{"cards_removed":["Defend_G"],"damage_healed":0,"gold_gain":0,"player_choice":"Card Removal","damage_taken":7,"max_hp_gain":0,"max_hp_loss":0,"event_name":"Golden Wing","floor":4,"gold_loss":0},{"damage_healed":0,"gold_gain":0,"player_choice":"Lose Max HP","damage_taken":0,"relics_obtained":["Golden Idol"],"max_hp_gain":0,"max_hp_loss":6,"event_name":"Golden Idol","floor":7,"gold_loss":0},{"damage_healed":0,"gold_gain":0,"player_choice":"Entered Light","damage_taken":18,"max_hp_gain":0,"max_hp_loss":0,"event_name":"Shining Light","floor":12,"gold_loss":0,"cards_upgraded":["Strike_G","Survivor"]}],"is_beta":false,"boss_relics":[],"items_purged_floors":[3,5],"is_endless":false,"potions_floor_spawned":[11,14],"killed_by":"The Guardian","ascension_level":20}