{"gold_per_floor":[115,115,127,151,188,235,261,273,363,375,387,399,434,461,473,611,623,654,581,611,648,684,736,287,287,287,357,370,370,386,400,400,519,519,535,551,601,651,670,670,703,703,728,778,68,82,121,171,171,171,171,171,96,96],"floor_reached":54,"playtime":3450,"items_purged":["Strike_R","Normality"],"score":931,"play_id":"4e22fc54-ab9c-4ddb-a0b8-4f0b8c3376e9","local_time":"20190728151340","is_ascension_mode":true,"campfire_choices":[{"floor":8,"key":"RECALL"},{"data":"Iron Wave","floor":10,"key":"SMITH"},{"floor":15,"key":"REST"},{"floor":29,"key":"REST"},{"floor":32,"key":"REST"},{"data":"Shockwave","floor":40,"key":"SMITH"},{"floor":42,"key":"REST"},{"data":"Inflame","floor":49,"key":"SMITH"},{"data":"Barricade","floor":52,"key":"SMITH"}],"neow_cost":"PERCENT_DAMAGE","seed_source_timestamp":1542273828207500,"circlet_count":0,"master_deck":["Strike_R+1","Defend_R","Defend_R","Bash","Uppercut","Regret","Bloodletting","Clothesline","Iron Wave+1","Injury","Offering","Shockwave+1","Reaper+1","Blood for Blood+1","Whirlwind+1","Whirlwind+1","Ghostly Armor","Seeing Red","Shrug It Off+1","Shrug It Off","Secret Weapon","Inflame+1","Bloodletting+1","Barricade+1","Iron Wave+1","Feed+1","Pain","Clumsy","Pummel+1","Rupture+1","Chrysalis","Bandage Up","Madness","Madness","Metallicize","Corruption","Doubt","Rage"],"relics":["Burning Blood","MawBank","Happy Flower","Blue Candle","Golden Idol","Thread and Needle","Astrolabe","Dream Catcher","Turnip","Chemical X","SsserpentHead","Molten Egg 2","Calling Bell","Juzu Bracelet","Kunai","Mango","Boot","Whetstone","Brimstone","Dodecahedron","Gambling Chip"],"potions_floor_usage":[16,16,27,33,39,41,41,46,46],"damage_taken":[{"damage":2,"enemies":"2 Louse","floor":1,"turns":4},{"damage":5,"enemies":"Jaw Worm","floor":4,"turns":3},{"damage":31,"enemies":"Gremlin Nob","floor":6,"turns":4},{"damage":6,"enemies":"Small Slimes","floor":7,"turns":3},{"damage":2,"enemies":"2 Fungi Beasts","floor":13,"turns":4},{"damage":0,"enemies":"Looter","floor":14,"turns":2},{"damage":42,"enemies":"Hexaghost","floor":16,"turns":11},{"damage":17,"enemies":"2 Thieves","floor":18,"turns":2},{"damage":9,"enemies":"Chosen","floor":20,"turns":3},{"damage":21,"enemies":"Snake Plant","floor":21,"turns":3},{"damage":10,"enemies":"Centurion and Healer","floor":22,"turns":4},{"damage":50,"enemies":"Slavers","floor":23,"turns":3},{"damage":7,"enemies":"Chosen and Byrds","floor":27,"turns":2},{"damage":6,"enemies":"Snake Plant","floor":28,"turns":2},{"damage":6,"enemies":"Sentry and Sphere","floor":30,"turns":3},{"damage":10,"enemies":"Cultist and Chosen","floor":31,"turns":3},{"damage":16,"enemies":"Collector","floor":33,"turns":6},{"damage":24,"enemies":"Orb Walker","floor":35,"turns":5},{"damage":24,"enemies":"3 Shapes","floor":36,"turns":2},{"damage":37,"enemies":"Maw","floor":39,"turns":7},{"damage":66,"enemies":"Reptomancer","floor":41,"turns":7},{"damage":7,"enemies":"3 Darklings","floor":46,"turns":2},{"damage":39,"enemies":"Giant Head","floor":47,"turns":7},{"damage":132,"enemies":"Donu and Deca","floor":50,"turns":6},{"damage":99,"enemies":"Shield and Spear","floor":54,"turns":3}],"seed_played":"-3437771111224809328","potions_obtained":[{"floor":1,"key":"Swift Potion"},{"floor":14,"key":"SpeedPotion"},{"floor":21,"key":"Ancient Potion"},{"floor":22,"key":"Energy Potion"},{"floor":23,"key":"GamblersBrew"},{"floor":28,"key":"Dexterity Potion"},{"floor":33,"key":"Energy Potion"},{"floor":36,"key":"BloodPotion"}],"is_trial":false,"path_per_floor":["M","?","$","M","T","E","M","R","T","R","?","?","M","M","R","B",null,"M","?","M","M","M","E","$","?","T","M","M","R","M","M","R","B",null,"M","M","?","?","M","R","E","R","T","?","$","M","E","?","R","B",null,"R","$","E"],"character_chosen":"IRONCLAD","items_purchased":["Chemical X","Secret Weapon","Corruption","Brimstone","Block Potion","AttackPotion","Dodecahedron","Rage"],"campfire_rested":4,"item_purchase_floors":[24,24,45,45,45,45,45,53],"current_hp_per_floor":[60,60,60,61,61,36,36,36,36,36,36,33,37,43,67,31,80,69,69,66,51,57,25,25,25,25,24,24,48,48,44,68,58,94,76,58,53,41,51,51,15,43,43,43,43,42,23,94,94,14,94,94,94,0],"gold":96,"neow_bonus":"REMOVE_TWO","is_prod":false,"is_daily":false,"chose_seed":false,"campfire_upgraded":4,"win_rate":0,"timestamp":1564344820,"path_taken":["M","?","$","M","?","E","M","R","T","R","?","?","M","M","R","BOSS","M","?","M","M","M","E","$","?","T","?","M","R","M","M","R","BOSS","M","M","?","?","M","R","E","R","T","?","$","M","E","?","R","BOSS","R","$","E"],"build_version":"2019-07-17","purchased_purges":2,"victory":false,"max_hp_per_floor":[80,80,80,80,80,80,80,80,80,80,80,80,80,80,80,80,80,80,80,80,80,80,80,80,80,80,80,80,80,80,80,80,80,94,94,94,94,94,94,94,94,94,94,94,94,94,94,94,94,94,94,94,94,94],"card_choices":[{"not_picked":["Hemokinesis","Body Slam"],"picked":"Uppercut","floor":1},{"not_picked":["Sever Soul","Infernal Blade"],"picked":"Bloodletting","floor":4},{"not_picked":["Rupture","Dual Wield"],"picked":"Clothesline","floor":6},{"not_picked":["Headbutt","Sword Boomerang"],"picked":"Iron Wave","floor":7},{"not_picked":["Headbutt","Iron Wave"],"picked":"Offering","floor":13},{"not_picked":["Iron Wave","Dropkick"],"picked":"Shockwave","floor":14},{"not_picked":["Fiend Fire","Bludgeon"],"picked":"Reaper","floor":16},{"not_picked":["Anger","Flame Barrier"],"picked":"Ghostly Armor","floor":18},{"not_picked":["Warcry","Feel No Pain"],"picked":"Seeing Red","floor":20},{"not_picked":["Sword Boomerang","Twin Strike","Rampage"],"picked":"SKIP","floor":21},{"not_picked":["Body Slam","Reckless Charge"],"picked":"Shrug It Off+1","floor":22},{"not_picked":["True Grit","Cleave"],"picked":"Shrug It Off","floor":23},{"not_picked":["Thunderclap+1","Dropkick+1"],"picked":"Inflame","floor":27},{"not_picked":["Wild Strike+1","Hemokinesis+1"],"picked":"Bloodletting+1","floor":28},{"not_picked":["Rupture","Cleave+1"],"picked":"Barricade","floor":30},{"not_picked":["Anger+1","Hemokinesis+1"],"picked":"Iron Wave+1","floor":31},{"not_picked":["Fiend Fire+1","Berserk"],"picked":"Feed+1","floor":33},{"not_picked":["Wild Strike+1","Sword Boomerang+1"],"picked":"Pummel+1","floor":35},{"not_picked":["Twin Strike+1","Sentinel+1"],"picked":"Rupture+1","floor":36},{"not_picked":["Panacea","Deep Breath"],"picked":"Chrysalis","floor":37},{"not_picked":["Impatience","Thinking Ahead"],"picked":"Bandage Up","floor":37},{"not_picked":["Disarm+1","Wild Strike+1","Twin Strike+1"],"picked":"SKIP","floor":39},{"not_picked":["Whirlwind+1","Power Through"],"picked":"Metallicize","floor":41},{"not_picked":["Clothesline+1","Hemokinesis+1","Burning Pact"],"picked":"SKIP","floor":46},{"not_picked":["Fire Breathing","Cleave+1","Havoc"],"picked":"SKIP","floor":47}],"player_experience":184956,"relics_obtained":[{"floor":5,"key":"Happy Flower"},{"floor":6,"key":"Blue Candle"},{"floor":23,"key":"Turnip"},{"floor":26,"key":"Molten Egg 2"},{"floor":34,"key":"Juzu Bracelet"},{"floor":34,"key":"Kunai"},{"floor":34,"key":"Mango"},{"floor":41,"key":"Boot"},{"floor":43,"key":"Whetstone"},{"floor":47,"key":"Gambling Chip"}],"event_choices":[{"damage_healed":0,"gold_gain":0,"player_choice":"Box","damage_taken":0,"relics_obtained":["MawBank"],"max_hp_gain":0,"max_hp_loss":0,"event_name":"Big Fish","floor":2,"gold_loss":0,"cards_obtained":["Regret"]},{"damage_healed":0,"gold_gain":0,"player_choice":"Take Wound","damage_taken":0,"relics_obtained":["Golden Idol"],"max_hp_gain":0,"max_hp_loss":0,"event_name":"Golden Idol","floor":11,"gold_loss":0,"cards_obtained":["Injury"]},{"damage_healed":0,"gold_gain":0,"player_choice":"Success","damage_taken":3,"relics_obtained":["Thread and Needle"],"max_hp_gain":0,"max_hp_loss":0,"event_name":"Scrap Ooze","floor":12,"gold_loss":0},{"damage_healed":0,"gold_gain":0,"player_choice":"Obtained Relic","damage_taken":0,"relics_obtained":["Dream Catcher"],"max_hp_gain":0,"max_hp_loss":0,"event_name":"Addict","floor":19,"gold_loss":85},{"damage_healed":0,"gold_gain":0,"player_choice":"Trade","damage_taken":0,"relics_obtained":["SsserpentHead"],"max_hp_gain":0,"max_hp_loss":0,"event_name":"FaceTrader","floor":25,"gold_loss":0},{"damage_healed":0,"gold_gain":0,"player_choice":"Memory 2","damage_taken":5,"max_hp_gain":0,"max_hp_loss":0,"event_name":"SensoryStone","floor":37,"gold_loss":0},{"damage_healed":0,"gold_gain":0,"player_choice":"Embrace Madness","damage_taken":12,"max_hp_gain":0,"max_hp_loss":0,"event_name":"Winding Halls","floor":38,"gold_loss":0,"cards_obtained":["Madness","Madness"]},{"damage_healed":0,"gold_gain":0,"player_choice":"Ignored","damage_taken":0,"max_hp_gain":0,"max_hp_loss":0,"event_name":"NoteForYourself","floor":44,"gold_loss":0},{"damage_healed":71,"gold_gain":0,"player_choice":"Heal","damage_taken":0,"max_hp_gain":0,"max_hp_loss":0,"event_name":"MindBloom","floor":48,"gold_loss":0,"cards_obtained":["Doubt"]}],"is_beta":false,"boss_relics":[{"not_picked":["Mark of Pain","Sozu"],"picked":"Astrolabe"},{"not_picked":["Runic Cube","Eternal Feather"],"picked":"Calling Bell"}],"items_purged_floors":[24,45],"is_endless":false,"potions_floor_spawned":[1,14,21,22,23,28,33,35,36],"killed_by":"Shield and Spear","ascension_level":1}