{"gold_per_floor":[113,123,135,148,159,177,177,22,96,106,140,150,150,180,180,180],"floor_reached":16,"playtime":486,"items_purged":["Strike_B"],"score":232,"play_id":"26c8b6f6-8a1d-437a-91b1-9ab4cfa00279","local_time":"20190602002147","is_ascension_mode":true,"campfire_choices":[{"data":"Sweeping Beam","floor":7,"key":"SMITH"},{"data":"Fission","floor":13,"key":"SMITH"},{"data":"Dualcast","floor":15,"key":"SMITH"}],"neow_cost":"NONE","seed_source_timestamp":528283994513700,"circlet_count":0,"master_deck":["AscendersBane","Strike_B","Strike_B","Strike_B","Defend_B","Defend_B","Defend_B","Defend_B","Zap","Dualcast+1","Melter","BootSequence","Ball Lightning","Rebound","Sweeping Beam+1","Coolheaded","Conserve Battery","Compile Driver","Chill","Fission+1","Leap","FTL"],"relics":["Cracked Core","Sundial","Calipers","Incense Burner"],"potions_floor_usage":[11,16,16],"damage_taken":[{"damage":1,"enemies":"Cultist","floor":1,"turns":3},{"damage":6,"enemies":"2 Louse","floor":2,"turns":3},{"damage":0,"enemies":"Jaw Worm","floor":3,"turns":3},{"damage":0,"enemies":"Exordium Wildlife","floor":4,"turns":3},{"damage":3,"enemies":"Blue Slaver","floor":5,"turns":2},{"damage":6,"enemies":"Looter","floor":6,"turns":3},{"damage":4,"enemies":"2 Fungi Beasts","floor":10,"turns":3},{"damage":2,"enemies":"Gremlin Nob","floor":11,"turns":3},{"damage":9,"enemies":"Exordium Thugs","floor":12,"turns":4},{"damage":4,"enemies":"3 Sentries","floor":14,"turns":4},{"damage":45,"enemies":"Slime Boss","floor":16,"turns":7}],"seed_played":"4984251547972247023","potions_obtained":[{"floor":2,"key":"Poison Potion"},{"floor":5,"key":"Block Potion"},{"floor":11,"key":"PowerPotion"}],"is_trial":false,"path_per_floor":["M","M","M","M","M","M","R","$","T","M","E","M","R","E","R","B"],"character_chosen":"DEFECT","items_purchased":["Conserve Battery","Compile Driver"],"campfire_rested":0,"item_purchase_floors":[8,8],"current_hp_per_floor":[70,64,64,64,61,55,55,55,55,51,49,40,40,36,36,0],"gold":180,"neow_bonus":"TEN_PERCENT_HP_BONUS","is_prod":false,"is_daily":false,"chose_seed":false,"campfire_upgraded":3,"win_rate":0,"timestamp":1559402507,"path_taken":["M","M","M","M","M","M","R","$","T","M","E","M","R","E","R","BOSS"],"build_version":"2019-01-23","purchased_purges":1,"victory":false,"max_hp_per_floor":[78,78,78,78,78,78,78,78,78,78,78,78,78,78,78,78],"card_choices":[{"not_picked":["Steam","Tempest"],"picked":"Melter","floor":1},{"not_picked":["Steam","Fusion"],"picked":"BootSequence","floor":2},{"not_picked":["Steam","Chaos"],"picked":"Ball Lightning","floor":3},{"not_picked":["Barrage","Heatsinks"],"picked":"Rebound","floor":4},{"not_picked":["Creative AI","Ball Lightning"],"picked":"Sweeping Beam","floor":5},{"not_picked":["Chaos","Stack"],"picked":"Coolheaded","floor":6},{"not_picked":["Auto Shields","Beam Cell"],"picked":"Chill","floor":10},{"not_picked":["Chaos","Hyperbeam"],"picked":"Fission","floor":11},{"not_picked":["Go for the Eyes","Beam Cell"],"picked":"Leap","floor":12},{"not_picked":["Streamline","Blizzard"],"picked":"FTL","floor":14}],"player_experience":5239571,"relics_obtained":[{"floor":9,"key":"Sundial"},{"floor":11,"key":"Calipers"},{"floor":14,"key":"Incense Burner"}],"event_choices":[],"is_beta":false,"boss_relics":[],"items_purged_floors":[8],"is_endless":false,"potions_floor_spawned":[2,5,11,12],"killed_by":"Slime Boss","ascension_level":20}