{"gold_per_floor":[11,11,28,43,60,60,60,60,60,60,93,105,118,135,135],"floor_reached":15,"playtime":440,"items_purged":[],"score":198,"play_id":"1aeab289-9ee3-4566-9f04-592d1dd4d846","local_time":"20190408013549","is_ascension_mode":true,"campfire_choices":[{"floor":7,"key":"REST"},{"floor":10,"key":"REST"}],"neow_cost":"NO_GOLD","seed_source_timestamp":457827764177800,"circlet_count":0,"master_deck":["AscendersBane","Defend_G+1","Defend_G+1","Defend_G","Defend_G","Strike_G+1","Strike_G","Strike_G","Survivor","Neutralize","Well Laid Plans","Storm of Steel","Poisoned Stab","Bane","All Out Attack","Deflect+1","Accuracy","Acrobatics","Underhanded Strike","Escape Plan"],"relics":["Ring of the Snake","War Paint","Matryoshka"],"potions_floor_usage":[],"damage_taken":[{"damage":9,"enemies":"Small Slimes","floor":1,"turns":4},{"damage":0,"enemies":"2 Louse","floor":3,"turns":3},{"damage":0,"enemies":"Jaw Worm","floor":4,"turns":4},{"damage":20,"enemies":"Gremlin Gang","floor":5,"turns":5},{"damage":26,"enemies":"3 Sentries","floor":11,"turns":8},{"damage":0,"enemies":"2 Fungi Beasts","floor":12,"turns":3},{"damage":9,"enemies":"Exordium Thugs","floor":13,"turns":5},{"damage":8,"enemies":"3 Louse","floor":14,"turns":3}],"seed_played":"3769869234576909187","potions_obtained":[{"floor":3,"key":"Energy Potion"},{"floor":5,"key":"SteroidPotion"},{"floor":11,"key":"Swift Potion"}],"is_trial":false,"path_per_floor":["M","?","M","M","M","?","R","$","T","R","E","M","M","M","R"],"character_chosen":"THE_SILENT","items_purchased":[],"campfire_rested":2,"item_purchase_floors":[],"current_hp_per_floor":[50,30,30,30,10,10,29,29,29,48,22,22,13,5,5],"gold":135,"neow_bonus":"TRANSFORM_TWO_CARDS","is_prod":false,"is_daily":false,"chose_seed":false,"campfire_upgraded":0,"win_rate":0,"timestamp":1554654949,"path_taken":["M","?","M","M","M","?","R","?","T","R","E","M","M","M","R"],"build_version":"2019-01-23","purchased_purges":0,"victory":false,"max_hp_per_floor":[66,66,66,66,66,66,66,66,66,66,66,66,66,66,66],"card_choices":[{"not_picked":["Blur","Deflect"],"picked":"Poisoned Stab","floor":1},{"not_picked":["Choke","Quick Slash"],"picked":"Bane","floor":3},{"not_picked":["Endless Agony","Eviscerate"],"picked":"All Out Attack","floor":4},{"not_picked":["Venomology","Dodge and Roll"],"picked":"Deflect","floor":5},{"not_picked":["Dodge and Roll","Distraction"],"picked":"Accuracy","floor":11},{"not_picked":["Dodge and Roll","Concentrate"],"picked":"Acrobatics","floor":12},{"not_picked":["Dagger Throw","Outmaneuver"],"picked":"Underhanded Strike","floor":13},{"not_picked":["Accuracy","Underhanded Strike"],"picked":"Escape Plan","floor":14}],"player_experience":4724552,"relics_obtained":[{"floor":9,"key":"War Paint"},{"floor":11,"key":"Matryoshka"}],"event_choices":[{"damage_healed":0,"gold_gain":0,"player_choice":"Entered Light","damage_taken":20,"max_hp_gain":0,"max_hp_loss":0,"event_name":"Shining Light","floor":2,"gold_loss":0,"cards_upgraded":["Defend_G","Strike_G"]},{"cards_removed":["Strike_G"],"damage_healed":0,"gold_gain":0,"player_choice":"Forget","damage_taken":0,"max_hp_gain":0,"max_hp_loss":0,"event_name":"Living Wall","floor":6,"gold_loss":0}],"is_beta":false,"boss_relics":[],"items_purged_floors":[],"is_endless":false,"potions_floor_spawned":[3,5,11,13],"ascension_level":20}