{"gold_per_floor":[117,134,134,209,221,221,12,29,99,118,129,144,144,164,164,241,241,256,230,155,172,188,213,213,242,242,242,167,183,201,221,221,298,298,316,331,350,450,121,185,185,213,213,213,226,226,257,310,310,310,310,310,310,4,29,29],"floor_reached":57,"playtime":3150,"items_purged":["Strike_B","Strike_B"],"score":2856,"play_id":"e8a279b8-7a0a-49d9-b8c0-a1d504c3c06d","local_time":"20190615023544","is_ascension_mode":true,"campfire_choices":[{"data":"Consume","floor":6,"key":"SMITH"},{"data":"Apotheosis","floor":13,"key":"SMITH"},{"floor":15,"key":"RECALL"},{"floor":24,"key":"REST"},{"floor":27,"key":"REST"},{"floor":32,"key":"REST"},{"floor":44,"key":"REST"},{"floor":46,"key":"REST"},{"floor":49,"key":"REST"},{"floor":53,"key":"REST"}],"neow_cost":"PERCENT_DAMAGE","seed_source_timestamp":29290193048200,"circlet_count":0,"master_deck":["AscendersBane","Defend_B","Defend_B","Defend_B","Zap","Dualcast","Redo","Consume+1","Cold Snap","Apotheosis+1","Steam","Cold Snap","Self Repair","BootSequence","Creative AI","Seek","Tempest+1","Cold Snap+1","Hologram","Compile Driver","Amplify","Storm","Leap","Fission","Impatience","Fusion","Compile Driver","Fission","Heatsinks","Loop","Coolheaded"],"relics":["Cracked Core","Bottled Lightning","Black Star","Ancient Tea Set","Symbiotic Virus","Boot","Pen Nib","Mummified Hand","Fusion Hammer","Torii","Orichalcum","Tiny Chest","Bronze Scales","Sundial","PreservedInsect","Happy Flower","Turnip","OrangePellets","Blood Vial","Pear"],"potions_floor_usage":[8,19,22,23,30,30,33,42,42,48,56],"damage_taken":[{"damage":7,"enemies":"Jaw Worm","floor":1,"turns":4},{"damage":5,"enemies":"Small Slimes","floor":2,"turns":3},{"damage":2,"enemies":"Cultist","floor":5,"turns":4},{"damage":15,"enemies":"Lots of Slimes","floor":8,"turns":5},{"damage":4,"enemies":"Large Slime","floor":10,"turns":4},{"damage":12,"enemies":"Red Slaver","floor":11,"turns":4},{"damage":0,"enemies":"Looter","floor":12,"turns":4},{"damage":0,"enemies":"2 Fungi Beasts","floor":14,"turns":4},{"damage":2,"enemies":"Hexaghost","floor":16,"turns":9},{"damage":20,"enemies":"Chosen","floor":18,"turns":5},{"damage":19,"enemies":"2 Thieves","floor":19,"turns":4},{"damage":23,"enemies":"Sentry and Sphere","floor":21,"turns":7},{"damage":0,"enemies":"3 Cultists","floor":22,"turns":5},{"damage":20,"enemies":"Gremlin Leader","floor":23,"turns":8},{"damage":39,"enemies":"Book of Stabbing","floor":25,"turns":7},{"damage":3,"enemies":"Snake Plant","floor":29,"turns":3},{"damage":2,"enemies":"Cultist and Chosen","floor":30,"turns":5},{"damage":27,"enemies":"Shelled Parasite and Fungi","floor":31,"turns":5},{"damage":5,"enemies":"Champ","floor":33,"turns":7},{"damage":19,"enemies":"3 Darklings","floor":35,"turns":5},{"damage":0,"enemies":"Orb Walker","floor":36,"turns":2},{"damage":0,"enemies":"3 Darklings","floor":37,"turns":3},{"damage":0,"enemies":"Mind Bloom Boss Battle","floor":38,"turns":3},{"damage":1,"enemies":"Giant Head","floor":40,"turns":6},{"damage":46,"enemies":"Reptomancer","floor":42,"turns":7},{"damage":30,"enemies":"Writhing Mass","floor":45,"turns":4},{"damage":0,"enemies":"Nemesis","floor":47,"turns":3},{"damage":0,"enemies":"2 Orb Walkers","floor":48,"turns":3},{"damage":36,"enemies":"Awakened One","floor":50,"turns":8},{"damage":37,"enemies":"Time Eater","floor":51,"turns":19},{"damage":0,"enemies":"Shield and Spear","floor":55,"turns":3},{"damage":28,"enemies":"The Heart","floor":56,"turns":7}],"seed_played":"3832569981721608429","potions_obtained":[{"floor":1,"key":"Swift Potion"},{"floor":8,"key":"Energy Potion"},{"floor":12,"key":"Block Potion"},{"floor":19,"key":"Swift Potion"},{"floor":21,"key":"PowerPotion"},{"floor":25,"key":"Poison Potion"},{"floor":29,"key":"Ancient Potion"},{"floor":30,"key":"Strength Potion"},{"floor":33,"key":"Strength Potion"},{"floor":35,"key":"SpeedPotion"},{"floor":45,"key":"SkillPotion"},{"floor":48,"key":"Energy Potion"}],"is_trial":false,"path_per_floor":["M","M","?","?","M","R","$","M","T","M","M","M","R","M","R","B",null,"M","M","$","M","M","E","R","E","T","R","?","M","M","M","R","B",null,"M","M","M","?","$","E","?","E","T","R","M","R","E","?","R","B","B",null,"R","$","E","B",null],"character_chosen":"DEFECT","items_purchased":["Apotheosis","Steam","Impatience","Fusion","Compile Driver","OrangePellets","Ancient Potion"],"campfire_rested":7,"item_purchase_floors":[7,7,39,39,39,54,54],"current_hp_per_floor":[39,34,57,46,44,44,44,29,29,25,23,23,23,33,33,41,64,54,45,45,32,42,32,53,24,24,45,45,42,50,43,64,69,71,71,71,71,71,71,71,71,35,35,56,46,67,71,71,71,45,18,58,71,71,81,63],"gold":29,"neow_bonus":"REMOVE_TWO","is_prod":false,"is_daily":false,"chose_seed":false,"campfire_upgraded":2,"win_rate":0,"timestamp":1560533744,"path_taken":["M","M","?","?","M","R","$","?","T","M","?","M","R","M","R","BOSS","M","M","$","?","M","E","R","E","T","R","?","M","M","?","R","BOSS","M","M","M","?","$","E","?","E","T","R","M","R","E","?","R","BOSS","BOSS","R","$","E","BOSS"],"build_version":"2019-01-23","purchased_purges":2,"victory":true,"max_hp_per_floor":[71,71,71,71,71,71,71,71,71,71,71,71,71,71,71,71,71,71,71,71,71,71,71,71,71,71,71,71,71,71,71,71,71,71,71,71,71,71,71,71,71,71,71,71,71,71,71,71,71,71,71,71,71,71,81,81],"card_choices":[{"not_picked":["Heatsinks","Leap"],"picked":"Redo","floor":1},{"not_picked":["Fusion","Recycle"],"picked":"Consume","floor":2},{"not_picked":["Coolheaded","Doom and Gloom"],"picked":"Cold Snap","floor":5},{"not_picked":["Storm","Doom and Gloom"],"picked":"Cold Snap","floor":8},{"not_picked":["Skim","Steam"],"picked":"Self Repair","floor":10},{"not_picked":["Genetic Algorithm","Hello World"],"picked":"BootSequence","floor":11},{"not_picked":["Redo","Streamline","Reprogram"],"picked":"SKIP","floor":12},{"not_picked":["Ball Lightning","Barrage"],"picked":"Creative AI","floor":14},{"not_picked":["Hyperbeam","Meteor Strike"],"picked":"Seek","floor":16},{"not_picked":["Hologram","Turbo"],"picked":"Tempest+1","floor":18},{"not_picked":["Cold Snap","Sweeping Beam","Streamline"],"picked":"SKIP","floor":19},{"not_picked":["Gash","Conserve Battery"],"picked":"Cold Snap+1","floor":21},{"not_picked":["Go for the Eyes","Stack","Coolheaded"],"picked":"SKIP","floor":22},{"not_picked":["Skim","Stack"],"picked":"Hologram","floor":23},{"not_picked":["Hyperbeam","Go for the Eyes"],"picked":"Compile Driver","floor":25},{"not_picked":["Compile Driver","Coolheaded"],"picked":"Amplify","floor":29},{"not_picked":["Rebound","Reinforced Body"],"picked":"Storm","floor":30},{"not_picked":["Tempest","Sweeping Beam"],"picked":"Leap","floor":31},{"not_picked":["Machine Learning","All For One"],"picked":"Fission","floor":33},{"not_picked":["Conserve Battery","Aggregate","Steam"],"picked":"SKIP","floor":35},{"not_picked":["Aggregate","Streamline+1","Barrage+1"],"picked":"SKIP","floor":36},{"not_picked":["Barrage","Darkness+1","Lockon"],"picked":"SKIP","floor":37},{"not_picked":["Rebound","Steam","Lockon"],"picked":"SKIP","floor":40},{"not_picked":["Streamline+1","Cold Snap"],"picked":"Fission","floor":42},{"not_picked":["Streamline","Rebound"],"picked":"Heatsinks","floor":45},{"not_picked":["Coolheaded","Rebound"],"picked":"Loop","floor":47},{"not_picked":["Beam Cell","Electrodynamics"],"picked":"Coolheaded","floor":55}],"player_experience":5362126,"relics_obtained":[{"floor":9,"key":"Bottled Lightning"},{"floor":23,"key":"Ancient Tea Set"},{"floor":23,"key":"Symbiotic Virus"},{"floor":25,"key":"Boot"},{"floor":25,"key":"Pen Nib"},{"floor":26,"key":"Mummified Hand"},{"floor":38,"key":"Torii"},{"floor":40,"key":"Orichalcum"},{"floor":40,"key":"Tiny Chest"},{"floor":42,"key":"Bronze Scales"},{"floor":42,"key":"Sundial"},{"floor":47,"key":"PreservedInsect"},{"floor":47,"key":"Happy Flower"},{"floor":48,"key":"Turnip"},{"floor":55,"key":"Blood Vial"},{"floor":55,"key":"Pear"}],"event_choices":[{"damage_healed":23,"gold_gain":0,"player_choice":"Banana","damage_taken":0,"max_hp_gain":0,"max_hp_loss":0,"event_name":"Big Fish","floor":3,"gold_loss":0},{"damage_healed":0,"gold_gain":75,"player_choice":"Gather Gold","damage_taken":11,"max_hp_gain":0,"max_hp_loss":0,"event_name":"World of Goop","floor":4,"gold_loss":0},{"cards_removed":["Strike_B"],"damage_healed":0,"gold_gain":0,"player_choice":"Single Remove","damage_taken":0,"max_hp_gain":0,"max_hp_loss":0,"event_name":"Designer","floor":28,"gold_loss":75},{"damage_healed":0,"gold_gain":0,"player_choice":"Fight","damage_taken":0,"max_hp_gain":0,"max_hp_loss":0,"event_name":"MindBloom","floor":38,"gold_loss":0},{"damage_healed":0,"gold_gain":0,"player_choice":"Ignored","damage_taken":0,"max_hp_gain":0,"max_hp_loss":0,"event_name":"Tomb of Lord Red Mask","floor":41,"gold_loss":0},{"damage_healed":0,"gold_gain":0,"player_choice":"Fight","damage_taken":0,"max_hp_gain":0,"max_hp_loss":0,"event_name":"Mysterious Sphere","floor":48,"gold_loss":0}],"is_beta":false,"boss_relics":[{"not_picked":["Calling Bell","Velvet Choker"],"picked":"Black Star"},{"not_picked":["Runic Pyramid","Inserter"],"picked":"Fusion Hammer"}],"items_purged_floors":[20,39],"is_endless":false,"potions_floor_spawned":[1,8,12,19,21,25,29,30,33,35,40,45,48],"ascension_level":20}