{"gold_per_floor":[116,41,41,41,41,41,51,70,123,142,142,160,179,179,179,179],"floor_reached":16,"playtime":383,"items_purged":["Strike_R"],"score":184,"play_id":"16df8fc1-6f33-4aaa-800b-387a90aa0dec","local_time":"20190531005455","is_ascension_mode":true,"campfire_choices":[{"data":"Armaments","floor":6,"key":"SMITH"},{"data":"Blood for Blood","floor":11,"key":"SMITH"},{"data":"True Grit","floor":15,"key":"SMITH"}],"neow_cost":"NONE","seed_source_timestamp":357570102500500,"circlet_count":0,"master_deck":["AscendersBane","Strike_R","Defend_R","Defend_R","Defend_R","Defend_R","Bash","Body Slam","Armaments+1","Ghostly Armor","Blood for Blood+1","Clash","True Grit+1"],"relics":["Burning Blood","Smiling Mask"],"potions_floor_usage":[16],"damage_taken":[{"damage":4,"enemies":"Jaw Worm","floor":1,"turns":4},{"damage":0,"enemies":"2 Louse","floor":7,"turns":3},{"damage":19,"enemies":"Cultist","floor":8,"turns":8},{"damage":17,"enemies":"Large Slime","floor":10,"turns":8},{"damage":7,"enemies":"3 Louse","floor":12,"turns":4},{"damage":0,"enemies":"Blue Slaver","floor":13,"turns":5},{"damage":67,"enemies":"Slime Boss","floor":16,"turns":9}],"seed_played":"-1506488868417742817","potions_obtained":[{"floor":12,"key":"Fire Potion"}],"is_trial":false,"path_per_floor":["M","$","?","?","?","R","M","M","T","M","R","M","M","?","R","B"],"character_chosen":"IRONCLAD","items_purchased":[],"campfire_rested":0,"item_purchase_floors":[],"current_hp_per_floor":[70,70,70,70,70,70,75,62,62,51,51,50,56,61,61,0],"gold":179,"neow_bonus":"TRANSFORM_CARD","is_prod":false,"is_daily":false,"chose_seed":false,"campfire_upgraded":3,"win_rate":0,"timestamp":1559231695,"path_taken":["M","$","?","?","?","R","M","M","T","?","R","M","M","?","R","BOSS"],"build_version":"2019-01-23","purchased_purges":1,"victory":false,"max_hp_per_floor":[75,75,75,75,75,75,75,75,75,75,75,75,75,80,80,80],"card_choices":[{"not_picked":["Thunderclap","Reckless Charge"],"picked":"Armaments","floor":1},{"not_picked":["Pommel Strike","Sword Boomerang"],"picked":"Ghostly Armor","floor":7},{"not_picked":["Warcry","Wild Strike"],"picked":"Blood for Blood","floor":8},{"not_picked":["Power Through","Pommel Strike"],"picked":"Clash","floor":10},{"not_picked":["Warcry","Rampage","Perfected Strike"],"picked":"SKIP","floor":12},{"not_picked":["Seeing Red","Sentinel"],"picked":"True Grit","floor":13}],"player_experience":5219014,"relics_obtained":[{"floor":9,"key":"Smiling Mask"}],"event_choices":[{"damage_healed":0,"gold_gain":0,"player_choice":"Ignored","damage_taken":0,"max_hp_gain":0,"max_hp_loss":0,"event_name":"Liars Game","floor":3,"gold_loss":0},{"cards_removed":["Strike_R"],"damage_healed":0,"gold_gain":0,"player_choice":"Forget","damage_taken":0,"max_hp_gain":0,"max_hp_loss":0,"event_name":"Living Wall","floor":4,"gold_loss":0},{"cards_removed":["Strike_R"],"damage_healed":0,"gold_gain":0,"player_choice":"Offered Basic","damage_taken":0,"max_hp_gain":0,"max_hp_loss":0,"event_name":"Bonfire Elementals","floor":5,"gold_loss":0},{"damage_healed":0,"gold_gain":0,"player_choice":"Donut","damage_taken":0,"max_hp_gain":5,"max_hp_loss":0,"event_name":"Big Fish","floor":14,"gold_loss":0}],"is_beta":false,"boss_relics":[],"items_purged_floors":[2],"is_endless":false,"potions_floor_spawned":[12],"killed_by":"Slime Boss","ascension_level":20}