{"gold_per_floor":[118,118,118,133,23,57,69,69,69,87,98,98,110,139,139,237,237,247,247,172,185,3,3,23,23,72,100,111,111,141,156,156,254,254,270,270,106,86,97,97,122,140,140,152,165,165,165,181,181,181],"floor_reached":51,"playtime":7096,"items_purged":["Pain","Strike_G+1","Strike_G+1"],"score":779,"play_id":"63fb82e1-ef6b-4991-85cd-95eb976e174a","local_time":"20190727190147","is_ascension_mode":false,"campfire_choices":[{"data":"Bouncing Flask","floor":8.0,"key":"SMITH"},{"data":"Deadly Poison","floor":15.0,"key":"SMITH"},{"data":"After Image","floor":23.0,"key":"SMITH"},{"floor":29.0,"key":"REST"},{"floor":32.0,"key":"REST"},{"floor":40.0,"key":"REST"},{"floor":47,"key":"REST"},{"floor":49,"key":"REST"}],"neow_cost":"NONE","seed_source_timestamp":0,"circlet_count":0,"master_deck":["Strike_G+1","Defend_G+1","Defend_G+1","Defend_G+1","Defend_G+1","Survivor","Neutralize","Infinite Blades","Predator","Dodge and Roll","Bouncing Flask+1","Venomology","Masterful Stab","Deadly Poison+1","Backflip","Acrobatics","After Image+1","Dash+1","Noxious Fumes","Footwork","Reflex","Crippling Poison+1","Blur+1","Bullet Time","Blur","Apotheosis","Well Laid Plans","Backstab","PiercingWail+1","Calculated Gamble+1","Backflip+1"],"special_seed":0,"relics":["Ring of the Snake","NeowsBlessing","WarpedTongs","Gremlin Horn","Bottled Flame","Orichalcum","WristBlade","Enchiridion","Potion Belt","Matryoshka","Regal Pillow","Fusion Hammer","Mercury Hourglass","Bottled Tornado","Sundial","CultistMask"],"potions_floor_usage":[48,48,50,50,50,50,50],"damage_taken":[{"damage":0.0,"enemies":"Jaw Worm","floor":1.0,"turns":1.0},{"damage":1.0,"enemies":"Cultist","floor":4.0,"turns":1.0},{"damage":0.0,"enemies":"Lagavulin","floor":6.0,"turns":1.0},{"damage":0.0,"enemies":"2 Louse","floor":7.0,"turns":2.0},{"damage":0.0,"enemies":"Looter","floor":10.0,"turns":3.0},{"damage":0.0,"enemies":"3 Louse","floor":11.0,"turns":2.0},{"damage":0.0,"enemies":"Lots of Slimes","floor":13.0,"turns":3.0},{"damage":1.0,"enemies":"3 Sentries","floor":14.0,"turns":6.0},{"damage":3.0,"enemies":"Slime Boss","floor":16.0,"turns":9.0},{"damage":0.0,"enemies":"Chosen","floor":18.0,"turns":5.0},{"damage":4.0,"enemies":"Shell Parasite","floor":21.0,"turns":4.0},{"damage":10.0,"enemies":"Centurion and Healer","floor":24.0,"turns":8.0},{"damage":14.0,"enemies":"Slavers","floor":27.0,"turns":6.0},{"damage":9.0,"enemies":"Sentry and Sphere","floor":28.0,"turns":5.0},{"damage":12.0,"enemies":"Book of Stabbing","floor":30.0,"turns":8.0},{"damage":11.0,"enemies":"3 Cultists","floor":31.0,"turns":6.0},{"damage":40.0,"enemies":"Champ","floor":33.0,"turns":15.0},{"damage":0.0,"enemies":"3 Shapes","floor":35.0,"turns":3.0},{"damage":1.0,"enemies":"3 Darklings","floor":39.0,"turns":5.0},{"damage":0.0,"enemies":"Reptomancer","floor":41.0,"turns":7.0},{"damage":20.0,"enemies":"Jaw Worm Horde","floor":42.0,"turns":4.0},{"damage":29.0,"enemies":"Spire Growth","floor":44.0,"turns":5.0},{"damage":12,"enemies":"3 Darklings","floor":45,"turns":4},{"damage":0,"enemies":"Maw","floor":48,"turns":6},{"damage":0,"enemies":"Time Eater","floor":50,"turns":11}],"seed_played":"8321843134227269199","potions_obtained":[{"floor":1.0,"key":"GamblersBrew"},{"floor":6.0,"key":"LiquidBronze"},{"floor":7.0,"key":"Ancient Potion"},{"floor":16.0,"key":"Weak Potion"},{"floor":18.0,"key":"LiquidBronze"},{"floor":24.0,"key":"Dexterity Potion"},{"floor":27.0,"key":"Weak Potion"},{"floor":31.0,"key":"SkillPotion"},{"floor":33.0,"key":"GhostInAJar"},{"floor":38.0,"key":"Swift Potion"},{"floor":39.0,"key":"Ancient Potion"},{"floor":42.0,"key":"FearPotion"},{"floor":48,"key":"PowerPotion"}],"is_trial":false,"path_per_floor":["M","?","?","M","$","E","M","R","T","M","M","?","M","E","R","B",null,"M","?","?","M","$","R","M","?","T","E","M","R","E","M","R","B",null,"M","?","$","?","M","R","E","M","T","M","M","?","R","M","R","B",null],"character_chosen":"THE_SILENT","items_purchased":["Bouncing Flask","Footwork","Well Laid Plans"],"campfire_rested":5,"item_purchase_floors":[5,22,37],"current_hp_per_floor":[70,70,70,69,69,69,69,69,69,69,69,62,62,61,61,58,70,70,70,70,66,66,66,56,40,40,26,17,38,26,15,51,11,70,70,60,60,60,59,70,70,50,50,21,9,9,45,45,70,70],"gold":181,"neow_bonus":"THREE_ENEMY_KILL","is_prod":false,"is_daily":false,"chose_seed":false,"campfire_upgraded":3,"win_rate":0.0,"timestamp":1564279307,"path_taken":["M","?","?","M","$","E","M","R","T","?","M","?","M","E","R","BOSS","M","?","?","M","$","R","M","?","T","E","M","R","E","M","R","BOSS","M","?","$","?","M","R","E","M","T","?","M","?","R","M","R","BOSS"],"build_version":"2019-07-17","purchased_purges":3,"victory":true,"max_hp_per_floor":[70,70,70,70,70,70,70,70,70,70,70,70,70,70,70,70,70,70,70,70,70,70,70,70,70,70,70,70,70,70,70,70,70,70,70,70,70,70,70,70,70,70,70,70,70,70,70,70,70,70],"card_choices":[{"not_picked":["Choke","Underhanded Strike"],"picked":"Infinite Blades","floor":1.0},{"not_picked":["Slice","Underhanded Strike"],"picked":"Dodge and Roll","floor":4.0},{"not_picked":["Malaise","Dagger Throw"],"picked":"Venomology","floor":6.0},{"not_picked":["Sucker Punch","Acrobatics"],"picked":"Masterful Stab","floor":7.0},{"not_picked":["Underhanded Strike","Expertise","Choke"],"picked":"SKIP","floor":10.0},{"not_picked":["Quick Slash","Phantasmal Killer"],"picked":"Deadly Poison","floor":11.0},{"not_picked":["Calculated Gamble","Dagger Spray"],"picked":"Backflip","floor":13.0},{"not_picked":["Reflex","Bullet Time"],"picked":"Acrobatics","floor":14.0},{"not_picked":["Bullet Time","A Thousand Cuts"],"picked":"After Image","floor":16.0},{"not_picked":["Deflect","Dodge and Roll+1"],"picked":"Dash+1","floor":18.0},{"not_picked":["Eviscerate","Prepared"],"picked":"Noxious Fumes","floor":21.0},{"not_picked":["Deflect","Slice"],"picked":"Reflex","floor":24.0},{"not_picked":["Dodge and Roll","Infinite Blades","Deflect"],"picked":"SKIP","floor":27.0},{"not_picked":["Backflip","Flying Knee","Masterful Stab"],"picked":"SKIP","floor":28.0},{"not_picked":["All Out Attack+1","Well Laid Plans"],"picked":"Crippling Poison+1","floor":30.0},{"not_picked":["Blade Dance","Heel Hook"],"picked":"Blur+1","floor":31.0},{"not_picked":["Night Terror","Envenom"],"picked":"Bullet Time","floor":33.0},{"not_picked":["Acrobatics+1","Poisoned Stab"],"picked":"Blur","floor":35.0},{"not_picked":["HandOfGreed","Impatience"],"picked":"Apotheosis","floor":36.0},{"not_picked":["Sucker Punch","Poisoned Stab"],"picked":"Backstab","floor":39.0},{"not_picked":["Dagger Spray","Dodge and Roll","Underhanded Strike+1"],"picked":"SKIP","floor":41.0},{"not_picked":["Dagger Throw+1","Terror+1"],"picked":"PiercingWail+1","floor":42.0},{"not_picked":["Dagger Spray+1","Flechettes"],"picked":"Calculated Gamble+1","floor":44.0},{"not_picked":["Escape Plan+1","Footwork+1"],"picked":"Backflip+1","floor":45},{"not_picked":["Deflect+1","Slice+1","Malaise"],"picked":"SKIP","floor":48}],"player_experience":65798,"relics_obtained":[{"floor":6.0,"key":"Gremlin Horn"},{"floor":9.0,"key":"Bottled Flame"},{"floor":14.0,"key":"Orichalcum"},{"floor":25.0,"key":"Enchiridion"},{"floor":26.0,"key":"Potion Belt"},{"floor":27.0,"key":"Matryoshka"},{"floor":30.0,"key":"Regal Pillow"},{"floor":41.0,"key":"Mercury Hourglass"},{"floor":43.0,"key":"Bottled Tornado"},{"floor":43.0,"key":"Sundial"}],"event_choices":[{"damage_healed":0.0,"max_hp_gain":0.0,"max_hp_loss":0.0,"gold_gain":0.0,"cards_transformed":["Strike_G"],"event_name":"Living Wall","player_choice":"Change","floor":2.0,"gold_loss":0.0,"damage_taken":0.0,"cards_obtained":["Predator"]},{"damage_healed":0.0,"max_hp_gain":0.0,"max_hp_loss":0.0,"gold_gain":0.0,"event_name":"Accursed Blacksmith","player_choice":"Rummage","floor":3.0,"gold_loss":0.0,"damage_taken":0.0,"relics_obtained":["WarpedTongs"],"cards_obtained":["Pain"]},{"cards_removed":["Strike_G"],"damage_healed":0.0,"max_hp_gain":0.0,"max_hp_loss":0.0,"gold_gain":0.0,"event_name":"Golden Wing","player_choice":"Card Removal","floor":12.0,"gold_loss":0.0,"damage_taken":7.0},{"damage_healed":0.0,"max_hp_gain":0.0,"max_hp_loss":0.0,"gold_gain":0.0,"event_name":"Back to Basics","player_choice":"Simplicity","floor":19.0,"gold_loss":0.0,"damage_taken":0.0,"cards_upgraded":["Strike_G","Strike_G","Strike_G","Defend_G","Defend_G","Defend_G","Defend_G","Defend_G"]},{"cards_removed":["Defend_G"],"damage_healed":0.0,"max_hp_gain":0.0,"max_hp_loss":0.0,"gold_gain":0.0,"event_name":"Beggar","player_choice":"Gave Gold","floor":20.0,"gold_loss":75.0,"damage_taken":0.0},{"damage_healed":0.0,"max_hp_gain":0.0,"max_hp_loss":0.0,"gold_gain":0.0,"event_name":"Cursed Tome","player_choice":"Obtained Book","floor":25.0,"gold_loss":0.0,"damage_taken":16.0},{"damage_healed":0.0,"max_hp_gain":0.0,"max_hp_loss":0.0,"gold_gain":0.0,"event_name":"SensoryStone","player_choice":"Memory 3","floor":36.0,"gold_loss":0.0,"damage_taken":10.0},{"damage_healed":0.0,"max_hp_gain":0.0,"max_hp_loss":0.0,"gold_gain":0.0,"event_name":"The Woman in Blue","player_choice":"Bought 1 Potion","floor":38.0,"gold_loss":0.0,"damage_taken":0.0},{"damage_healed":0,"gold_gain":0,"player_choice":"Trade","damage_taken":0,"relics_obtained":["CultistMask"],"max_hp_gain":0,"max_hp_loss":0,"event_name":"FaceTrader","floor":46,"gold_loss":0}],"is_beta":false,"boss_relics":[{"not_picked":["Calling Bell","Velvet Choker"],"picked":"WristBlade"},{"not_picked":["Black Star","Orrery"],"picked":"Fusion Hammer"}],"items_purged_floors":[5,22,37],"is_endless":false,"potions_floor_spawned":[1,6,7,16,18,24,27,31,33,39,42,48],"ascension_level":0}