{"gold_per_floor":[119,136,12,24,44,44,44,44,115,115,190,205,205,238,238,309,309,323,238,238,249,264,264,130,180,180,180,130,145,145,171,171,245,245,263,276,287,341,341,341,375,375,401,417,452,470,503,553,553,553,553,553,553,116,142,142],"floor_reached":57,"playtime":1529,"items_purged":["Poisoned Stab+1"],"score":3416,"play_id":"796ff931-ff0e-4334-a37c-2a7e3795c93f","local_time":"20190611024828","is_ascension_mode":true,"campfire_choices":[{"data":"Poisoned Stab","floor":6.0,"key":"SMITH"},{"data":"Neutralize","floor":8.0,"key":"SMITH"},{"floor":10.0,"key":"REST"},{"data":"Escape Plan","floor":15.0,"key":"SMITH"},{"data":"A Thousand Cuts","floor":23.0,"key":"SMITH"},{"data":"Survivor","floor":30.0,"key":"SMITH"},{"data":"Expertise","floor":32.0,"key":"SMITH"},{"data":"Grand Finale","floor":40.0,"key":"SMITH"},{"floor":42.0,"key":"RECALL"},{"data":"Wraith Form v2","floor":49,"key":"SMITH"},{"data":"Predator","floor":53,"key":"SMITH"}],"neow_cost":"","seed_source_timestamp":1310841015049300,"circlet_count":0,"master_deck":["Survivor+1","Predator+1","Escape Plan+1","Expertise+1","Adrenaline+1","A Thousand Cuts+1","Terror+1","Reflex+1","Prepared+1","Grand Finale+1","Backflip+1","Wraith Form v2+1","Well Laid Plans","Backflip+1"],"special_seed":0,"relics":["Ring of the Snake","Juzu Bracelet","Toxic Egg 2","Matryoshka","Du-Vu Doll","Sozu","Art of War","MutagenicStrength","Shuriken","Ornamental Fan","Bottled Tornado","Eternal Feather","Mango","Bottled Lightning","Pen Nib","Paper Crane","Regal Pillow","Pantograph","Oddly Smooth Stone"],"potions_floor_usage":[],"damage_taken":[{"damage":42.0,"enemies":"Small Slimes","floor":1.0,"turns":17.0},{"damage":0.0,"enemies":"Cultist","floor":2.0,"turns":4.0},{"damage":1.0,"enemies":"Jaw Worm","floor":4.0,"turns":3.0},{"damage":0.0,"enemies":"Blue Slaver","floor":5.0,"turns":4.0},{"damage":0.0,"enemies":"Gremlin Gang","floor":12.0,"turns":6.0},{"damage":13.0,"enemies":"3 Sentries","floor":14.0,"turns":7.0},{"damage":0.0,"enemies":"The Guardian","floor":16.0,"turns":9.0},{"damage":2.0,"enemies":"Shell Parasite","floor":18.0,"turns":2.0},{"damage":0.0,"enemies":"Spheric Guardian","floor":21.0,"turns":1.0},{"damage":0.0,"enemies":"3 Cultists","floor":22.0,"turns":2.0},{"damage":0.0,"enemies":"Shelled Parasite and Fungi","floor":29.0,"turns":1.0},{"damage":0.0,"enemies":"Slavers","floor":31.0,"turns":1.0},{"damage":0.0,"enemies":"Automaton","floor":33.0,"turns":1.0},{"damage":0.0,"enemies":"Orb Walker","floor":35.0,"turns":1.0},{"damage":0.0,"enemies":"3 Darklings","floor":36.0,"turns":1.0},{"damage":0.0,"enemies":"Maw","floor":37.0,"turns":1.0},{"damage":0.0,"enemies":"2 Orb Walkers","floor":38.0,"turns":1.0},{"damage":0.0,"enemies":"Reptomancer","floor":41.0,"turns":1.0},{"damage":0.0,"enemies":"Spire Growth","floor":44.0,"turns":1.0},{"damage":0,"enemies":"Giant Head","floor":45,"turns":1},{"damage":0,"enemies":"Writhing Mass","floor":46,"turns":1},{"damage":0,"enemies":"Nemesis","floor":47,"turns":1},{"damage":0,"enemies":"Donu and Deca","floor":50,"turns":1},{"damage":0,"enemies":"Awakened One","floor":51,"turns":3},{"damage":0,"enemies":"Shield and Spear","floor":55,"turns":1},{"damage":24,"enemies":"The Heart","floor":56,"turns":5}],"seed_played":"-3516537388023931918","potions_obtained":[{"floor":4.0,"key":"Energy Potion"},{"floor":5.0,"key":"Regen Potion"}],"is_trial":true,"path_per_floor":["M","M","?","M","M","R","?","R","T","R","?","M","T","E","R","B",null,"M","?","?","M","M","R","$","?","T","?","?","M","R","E","R","B",null,"M","M","M","?","?","R","E","R","T","M","E","M","E","?","R","B","B",null,"R","$","E","B",null],"character_chosen":"THE_SILENT","items_purchased":["Reflex+1","Prepared+1","Pantograph","Well Laid Plans"],"campfire_rested":1,"item_purchase_floors":[24,24,54,54],"current_hp_per_floor":[17,17,17,16,16,16,16,16,16,35,24,39,39,26,26,26,56,54,54,54,54,54,54,54,54,54,54,54,54,54,54,54,54,63,63,63,63,77,77,80,80,80,80,80,80,80,80,80,80,80,80,80,80,80,80,56],"gold":142,"neow_bonus":"","is_prod":false,"is_daily":false,"chose_seed":false,"campfire_upgraded":9,"win_rate":0,"timestamp":1560188908,"path_taken":["M","M","?","M","M","R","?","R","T","R","?","M","?","E","R","BOSS","M","?","?","M","M","R","$","?","T","?","?","M","R","E","R","BOSS","M","M","M","?","?","R","E","R","T","M","E","M","E","?","R","BOSS","BOSS","R","$","E","BOSS"],"build_version":"2019-01-23","purchased_purges":1,"victory":true,"max_hp_per_floor":[66,66,66,66,66,66,66,66,66,66,66,66,66,66,66,66,66,66,66,66,66,66,66,66,66,66,66,66,66,66,66,66,66,66,66,66,66,80,80,80,80,80,80,80,80,80,80,80,80,80,80,80,80,80,80,80],"card_choices":[{"not_picked":["Bane","Deflect"],"picked":"Predator","floor":1.0},{"not_picked":["Cloak And Dagger","Leg Sweep"],"picked":"Escape Plan","floor":2.0},{"not_picked":["Bane","All Out Attack"],"picked":"Expertise","floor":4.0},{"not_picked":["Backflip","Bane"],"picked":"Poisoned Stab","floor":5.0},{"not_picked":["Underhanded Strike","Dagger Spray","Blade Dance+1"],"picked":"SKIP","floor":12.0},{"not_picked":["Poisoned Stab","Dagger Throw"],"picked":"Adrenaline+1","floor":14.0},{"not_picked":["Doppelganger+1","Unload"],"picked":"A Thousand Cuts","floor":16.0},{"not_picked":["Deadly Poison+1","Sucker Punch","Bane"],"picked":"SKIP","floor":18.0},{"not_picked":["Sucker Punch","Unload"],"picked":"Terror+1","floor":21.0},{"not_picked":["Deadly Poison+1","Flechettes","Sucker Punch"],"picked":"SKIP","floor":22.0},{"not_picked":["Deadly Poison+1","Sucker Punch","Poisoned Stab"],"picked":"SKIP","floor":29.0},{"not_picked":["Underhanded Strike","Slice","Heel Hook"],"picked":"SKIP","floor":31.0},{"not_picked":["Storm of Steel+1","A Thousand Cuts"],"picked":"Grand Finale","floor":33.0},{"not_picked":["Dagger Spray","Backstab","Leg Sweep+1"],"picked":"SKIP","floor":35.0},{"not_picked":["Dagger Spray","Sucker Punch+1","Backstab+1"],"picked":"SKIP","floor":36.0},{"not_picked":["Slice","Poisoned Stab","Masterful Stab"],"picked":"SKIP","floor":37.0},{"not_picked":["Envenom","Dagger Throw+1","Quick Slash"],"picked":"SKIP","floor":41.0},{"not_picked":["Envenom","Dagger Throw+1","Quick Slash"],"picked":"SKIP","floor":41.0},{"not_picked":["Deadly Poison+1","Escape Plan+1"],"picked":"Backflip+1","floor":44},{"not_picked":["Endless Agony","All Out Attack+1"],"picked":"Wraith Form v2","floor":45},{"not_picked":["PiercingWail+1","Dodge and Roll+1","Deflect+1"],"picked":"SKIP","floor":46},{"not_picked":["Catalyst+1","Poisoned Stab","Bane"],"picked":"SKIP","floor":47},{"not_picked":["Blade Dance+1","Terror+1"],"picked":"Backflip+1","floor":55}],"player_experience":5323970,"relics_obtained":[{"floor":9.0,"key":"Toxic Egg 2"},{"floor":13.0,"key":"Matryoshka"},{"floor":14.0,"key":"Du-Vu Doll"},{"floor":26.0,"key":"Shuriken"},{"floor":26.0,"key":"Ornamental Fan"},{"floor":31.0,"key":"Bottled Tornado"},{"floor":38.0,"key":"Mango"},{"floor":41.0,"key":"Bottled Lightning"},{"floor":43.0,"key":"Pen Nib"},{"floor":45,"key":"Paper Crane"},{"floor":47,"key":"Regal Pillow"},{"floor":55,"key":"Oddly Smooth Stone"}],"event_choices":[{"damage_healed":0.0,"max_hp_gain":0.0,"max_hp_loss":0.0,"gold_gain":0.0,"event_name":"WeMeetAgain","player_choice":"Paid Gold","floor":3.0,"gold_loss":124.0,"damage_taken":0.0,"relics_obtained":["Juzu Bracelet"]},{"damage_healed":0.0,"max_hp_gain":0.0,"max_hp_loss":0.0,"gold_gain":0.0,"event_name":"Shining Light","player_choice":"Ignored","floor":7.0,"gold_loss":0.0,"damage_taken":0.0},{"damage_healed":0.0,"max_hp_gain":0.0,"max_hp_loss":0.0,"gold_gain":75.0,"event_name":"World of Goop","player_choice":"Gather Gold","floor":11.0,"gold_loss":0.0,"damage_taken":11.0},{"damage_healed":0.0,"max_hp_gain":0.0,"max_hp_loss":0.0,"gold_gain":0.0,"event_name":"Addict","player_choice":"Obtained Relic","floor":19.0,"gold_loss":85.0,"damage_taken":0.0,"relics_obtained":["Art of War"]},{"damage_healed":0.0,"max_hp_gain":0.0,"max_hp_loss":0.0,"gold_gain":0.0,"event_name":"Drug Dealer","player_choice":"Inject Mutagens","floor":20.0,"gold_loss":0.0,"damage_taken":0.0,"relics_obtained":["MutagenicStrength"]},{"damage_healed":0.0,"max_hp_gain":0.0,"max_hp_loss":0.0,"gold_gain":50.0,"event_name":"Nest","player_choice":"Stole From Cult","floor":25.0,"gold_loss":0.0,"damage_taken":0.0},{"damage_healed":0.0,"max_hp_gain":0.0,"max_hp_loss":0.0,"gold_gain":0.0,"event_name":"Cursed Tome","player_choice":"Ignored","floor":27.0,"gold_loss":0.0,"damage_taken":0.0},{"damage_healed":0.0,"max_hp_gain":0.0,"max_hp_loss":0.0,"gold_gain":0.0,"event_name":"The Joust","player_choice":"Bet on Murderer","floor":28.0,"gold_loss":50.0,"damage_taken":0.0},{"damage_healed":0.0,"max_hp_gain":0.0,"max_hp_loss":0.0,"gold_gain":0.0,"event_name":"Mysterious Sphere","player_choice":"Fight","floor":38.0,"gold_loss":0.0,"damage_taken":0.0},{"cards_removed":["Neutralize"],"damage_healed":0.0,"max_hp_gain":0.0,"max_hp_loss":0.0,"gold_gain":0.0,"event_name":"Falling","player_choice":"Removed Attack","floor":39.0,"gold_loss":0.0,"damage_taken":0.0},{"damage_healed":0,"gold_gain":50,"player_choice":"Pray","damage_taken":0,"max_hp_gain":0,"max_hp_loss":0,"event_name":"Golden Shrine","floor":48,"gold_loss":0}],"is_beta":false,"boss_relics":[{"not_picked":["White Beast Statue","Philosopher\u0027s Stone"],"picked":"Sozu"},{"not_picked":["HoveringKite","Fusion Hammer"],"picked":"Eternal Feather"}],"items_purged_floors":[54],"is_endless":false,"potions_floor_spawned":[4,5,18,21,22,31,36,37,45,46,47],"ascension_level":20}