{"gold_per_floor":[109,109,109,35,47,80,98,98,151,174,218,218,261,275,275,394,394,419,419,419,20,20,61,81,81,81,5,5,24,80,6,6,105,105,124,142,242,261,261,287,42,75,75,88,88,102,102,102,102,102],"floor_reached":51,"playtime":4807,"items_purged":["Strike_R","Strike_R"],"score":1142,"play_id":"30ec6302-79ec-4c56-a3d7-16044913cc79","local_time":"20190721195419","is_ascension_mode":true,"campfire_choices":[{"floor":12.0,"key":"REST"},{"floor":15.0,"key":"REST"},{"data":"Corruption","floor":28.0,"key":"SMITH"},{"data":"Feel No Pain","floor":32,"key":"SMITH"},{"data":"Metamorphosis","floor":49,"key":"SMITH"}],"neow_cost":"NONE","seed_source_timestamp":16964017589399,"circlet_count":0,"master_deck":["Defend_R+1","Defend_R+1","Defend_R+1","Defend_R+1","Bash+1","Combust","Carnage","Hemokinesis+1","Shrug It Off","Pommel Strike","Feed","Disarm","Exhume","Burning Pact","Ghostly","Ghostly","Ghostly","Ghostly","Ghostly","Feel No Pain+1","Rupture","Second Wind","Infernal Blade+1","Corruption+1","Shockwave","Reckless Charge","Exhume","Shockwave","Pommel Strike+1","True Grit+1","Pummel+1","Flame Barrier","Corruption+1","Disarm","Metamorphosis+1","Magnetism"],"special_seed":0,"relics":["Burning Blood","War Paint","Whetstone","Bloody Idol","Art of War","Question Card","Happy Flower","Runic Cube","Potion Belt","Centennial Puzzle","Pantograph","Tiny Chest","Empty Cage","FossilizedHelix","Juzu Bracelet","Bag of Preparation","Gambling Chip","Ice Cream"],"potions_floor_usage":[30,30,36,40,42,44,50,50,50],"damage_taken":[{"damage":6.0,"enemies":"2 Louse","floor":1.0,"turns":3.0},{"damage":4.0,"enemies":"Jaw Worm","floor":5.0,"turns":3.0},{"damage":26.0,"enemies":"Lagavulin","floor":6.0,"turns":6.0},{"damage":2.0,"enemies":"Cultist","floor":7.0,"turns":2.0},{"damage":6.0,"enemies":"2 Fungi Beasts","floor":10.0,"turns":3.0},{"damage":22.0,"enemies":"3 Sentries","floor":11.0,"turns":5.0},{"damage":28.0,"enemies":"Lagavulin","floor":13.0,"turns":5.0},{"damage":3.0,"enemies":"Looter","floor":14.0,"turns":3.0},{"damage":59.0,"enemies":"The Guardian","floor":16.0,"turns":12.0},{"damage":32.0,"enemies":"Shell Parasite","floor":18.0,"turns":6.0},{"damage":9.0,"enemies":"Book of Stabbing","floor":23.0,"turns":8.0},{"damage":16.0,"enemies":"3 Byrds","floor":24.0,"turns":6.0},{"damage":7.0,"enemies":"Snake Plant","floor":29.0,"turns":3.0},{"damage":38,"enemies":"Slavers","floor":30,"turns":8},{"damage":18,"enemies":"Automaton","floor":33,"turns":11},{"damage":5,"enemies":"3 Shapes","floor":35,"turns":9},{"damage":8,"enemies":"3 Darklings","floor":36,"turns":8},{"damage":8,"enemies":"Mind Bloom Boss Battle","floor":37,"turns":10},{"damage":7,"enemies":"Sphere and 2 Shapes","floor":38,"turns":7},{"damage":48,"enemies":"Nemesis","floor":40,"turns":13},{"damage":7,"enemies":"Reptomancer","floor":42,"turns":9},{"damage":6,"enemies":"Spire Growth","floor":44,"turns":6},{"damage":3,"enemies":"Jaw Worm Horde","floor":46,"turns":10},{"damage":59,"enemies":"Donu and Deca","floor":50,"turns":13}],"seed_played":"-8404274789522800285","potions_obtained":[{"floor":0.0,"key":"Block Potion"},{"floor":0.0,"key":"Fruit Juice"},{"floor":0.0,"key":"SkillPotion"},{"floor":1.0,"key":"SkillPotion"},{"floor":10.0,"key":"Ancient Potion"},{"floor":11.0,"key":"SpeedPotion"},{"floor":14.0,"key":"Swift Potion"},{"floor":16.0,"key":"Regen Potion"},{"floor":18.0,"key":"GamblersBrew"},{"floor":23.0,"key":"Energy Potion"},{"floor":29.0,"key":"Energy Potion"},{"floor":35,"key":"Explosive Potion"},{"floor":36,"key":"Regen Potion"},{"floor":37,"key":"Block Potion"},{"floor":40,"key":"Regen Potion"}],"is_trial":false,"path_per_floor":["M","?","?","$","M","E","M","?","T","M","E","R","E","M","R","B",null,"M","?","?","$","?","E","M","?","T","$","R","M","E","$","R","B",null,"M","M","?","M","?","E","$","E","T","M","?","M","?","?","R","B",null],"character_chosen":"IRONCLAD","items_purchased":["Carnage","Rupture","Potion Belt","AttackPotion","Energy Potion","Corruption","Reckless Charge","Bag of Preparation"],"campfire_rested":2,"item_purchase_floors":[4,21,21,21,21,27,31,41],"current_hp_per_floor":[77,60,60,60,62,42,46,46,46,46,30,53,31,37,61,11,67,59,44,44,44,44,41,34,34,34,34,34,41,22,22,22,40,50,56,56,59,62,59,22,22,44,44,62,62,68,63,68,68,15],"gold":102,"neow_bonus":"THREE_SMALL_POTIONS","is_prod":false,"is_daily":false,"chose_seed":false,"campfire_upgraded":3,"win_rate":0,"timestamp":1563753259,"path_taken":["M","?","?","$","M","E","?","?","T","M","E","R","E","M","R","BOSS","M","?","?","$","?","E","?","?","T","?","R","M","E","$","R","BOSS","M","?","?","M","?","E","$","E","T","M","?","M","?","?","R","BOSS"],"build_version":"2019-07-17","purchased_purges":2,"victory":true,"max_hp_per_floor":[85,85,85,85,85,85,85,79,79,79,79,79,79,82,82,85,85,88,44,44,44,44,44,47,47,47,47,47,50,53,53,53,53,53,56,56,59,62,59,59,59,62,62,62,62,68,68,68,68,68],"card_choices":[{"not_picked":["Pommel Strike","Havoc"],"picked":"Combust","floor":1.0},{"not_picked":["Uppercut","Warcry"],"picked":"Hemokinesis","floor":5.0},{"not_picked":["Thunderclap","Flex","Searing Blow"],"picked":"SKIP","floor":6.0},{"not_picked":["Anger","Thunderclap"],"picked":"Shrug It Off","floor":7.0},{"not_picked":["Burning Pact","Heavy Blade","Sword Boomerang"],"picked":"SKIP","floor":10.0},{"not_picked":["Whirlwind","Berserk"],"picked":"Pommel Strike","floor":11.0},{"not_picked":["Pommel Strike","Twin Strike","Pummel"],"picked":"Feed","floor":13.0},{"not_picked":["Shrug It Off","Clash","Battle Trance"],"picked":"Disarm","floor":14.0},{"not_picked":["Barricade","Bludgeon","Fiend Fire"],"picked":"Exhume","floor":16.0},{"not_picked":["Perfected Strike","Clash","Wild Strike+1"],"picked":"Burning Pact","floor":18.0},{"not_picked":["Battle Trance+1","Second Wind","Burning Pact"],"picked":"Infernal Blade+1","floor":23.0},{"not_picked":["Combust+1","Feel No Pain","Headbutt+1"],"picked":"Intimidate","floor":24.0},{"not_picked":["Thunderclap","Combust+1","Flex"],"picked":"Shockwave","floor":29.0},{"not_picked":["Cleave","Clash+1","Rage","Heavy Blade"],"picked":"SKIP","floor":30},{"not_picked":["Feed","Demon Form","Fiend Fire"],"picked":"Exhume","floor":33},{"not_picked":["Clash+1","Dropkick+1","Whirlwind+1"],"picked":"Shockwave","floor":35},{"not_picked":["Havoc","Second Wind","Rampage"],"picked":"Pommel Strike+1","floor":36},{"not_picked":["Clash+1","Blood for Blood","Ghostly Armor"],"picked":"True Grit+1","floor":37},{"not_picked":["True Grit","Warcry+1","Clash+1"],"picked":"Pummel+1","floor":38},{"not_picked":["Armaments+1","Entrench+1","Sword Boomerang"],"picked":"Flame Barrier","floor":40},{"not_picked":["Second Wind","Headbutt","Thunderclap","Havoc"],"picked":"SKIP","floor":42},{"not_picked":["Double Tap","Thunderclap","Havoc"],"picked":"Corruption+1","floor":44},{"not_picked":["Body Slam","Shockwave+1","Armaments+1"],"picked":"Disarm","floor":46},{"not_picked":["Secret Weapon","Sadistic Nature","Secret Technique"],"picked":"Metamorphosis","floor":47},{"not_picked":["Sadistic Nature","Finesse","Impatience"],"picked":"Magnetism","floor":47}],"player_experience":284231,"relics_obtained":[{"floor":6.0,"key":"Whetstone"},{"floor":9.0,"key":"Art of War"},{"floor":11.0,"key":"Question Card"},{"floor":13.0,"key":"Happy Flower"},{"floor":23.0,"key":"Centennial Puzzle"},{"floor":26.0,"key":"Pantograph"},{"floor":30,"key":"Tiny Chest"},{"floor":37,"key":"FossilizedHelix"},{"floor":40,"key":"Juzu Bracelet"},{"floor":42,"key":"Gambling Chip"},{"floor":43,"key":"Ice Cream"}],"event_choices":[{"damage_healed":0.0,"max_hp_gain":0.0,"max_hp_loss":0.0,"gold_gain":0.0,"event_name":"Shining Light","player_choice":"Entered Light","floor":2.0,"gold_loss":0.0,"damage_taken":17.0,"cards_upgraded":["Defend_R","Defend_R"]},{"damage_healed":0.0,"max_hp_gain":0.0,"max_hp_loss":0.0,"gold_gain":0.0,"event_name":"WeMeetAgain","player_choice":"Gave Potion","floor":3.0,"gold_loss":0.0,"damage_taken":0.0,"relics_obtained":["War Paint"]},{"damage_healed":0.0,"max_hp_gain":0.0,"max_hp_loss":6.0,"gold_gain":0.0,"event_name":"Golden Idol","player_choice":"Lose Max HP","floor":8.0,"gold_loss":0.0,"damage_taken":0.0,"relics_obtained":["Golden Idol"]},{"damage_healed":0.0,"max_hp_gain":0.0,"max_hp_loss":44.0,"gold_gain":0.0,"event_name":"Ghosts","player_choice":"Became a Ghost","floor":19.0,"gold_loss":0.0,"damage_taken":0.0,"cards_obtained":["Ghostly","Ghostly","Ghostly","Ghostly","Ghostly"]},{"damage_healed":0.0,"max_hp_gain":0.0,"max_hp_loss":0.0,"gold_gain":0.0,"event_name":"The Library","player_choice":"Read","floor":20.0,"gold_loss":0.0,"damage_taken":0.0,"cards_obtained":["Feel No Pain"]},{"damage_healed":0.0,"max_hp_gain":0.0,"max_hp_loss":0.0,"gold_gain":0.0,"cards_transformed":["Strike_R"],"event_name":"Transmorgrifier","player_choice":"Transformed","floor":22.0,"gold_loss":0.0,"damage_taken":0.0,"cards_obtained":["Second Wind"]},{"damage_healed":0.0,"max_hp_gain":0.0,"max_hp_loss":0.0,"gold_gain":0.0,"event_name":"Forgotten Altar","player_choice":"Gave Idol","floor":25.0,"relics_lost":["Golden Idol"],"gold_loss":0.0,"damage_taken":0.0,"relics_obtained":["Bloody Idol"]},{"damage_healed":0,"gold_gain":0,"player_choice":"Fight","damage_taken":0,"max_hp_gain":0,"max_hp_loss":0,"event_name":"MindBloom","floor":37,"gold_loss":0},{"damage_healed":0,"gold_gain":0,"player_choice":"Max HP","damage_taken":0,"max_hp_gain":0,"max_hp_loss":3,"event_name":"Winding Halls","floor":39,"gold_loss":0},{"damage_healed":0,"gold_gain":0,"cards_transformed":["Intimidate"],"player_choice":"Transformed","damage_taken":0,"max_hp_gain":0,"max_hp_loss":0,"event_name":"Transmorgrifier","floor":45,"gold_loss":0,"cards_obtained":["Entrench"]},{"damage_healed":0,"gold_gain":0,"player_choice":"Memory 2","damage_taken":5,"max_hp_gain":0,"max_hp_loss":0,"event_name":"SensoryStone","floor":47,"gold_loss":0},{"cards_removed":["Entrench"],"damage_healed":5,"gold_gain":0,"player_choice":"Offered Uncommon","damage_taken":0,"max_hp_gain":0,"max_hp_loss":0,"event_name":"Bonfire Elementals","floor":48,"gold_loss":0}],"is_beta":false,"boss_relics":[{"not_picked":["Lizard Tail","Busted Crown"],"picked":"Runic Cube"},{"not_picked":["Runic Dome","Black Blood"],"picked":"Empty Cage"}],"items_purged_floors":[21,41],"is_endless":false,"potions_floor_spawned":[1,10,11,14,16,18,23,29,35,36,37,40],"ascension_level":9}