{"gold_per_floor":[366,0,0,20,37,37,37,37,112,6,23,41,41,55,55,132,132,143,68,83,102,114,114,127,34,34,34,34],"floor_reached":28,"playtime":936,"items_purged":["Defend_G","Defend_G"],"score":424,"play_id":"10c5a86a-87f6-469a-9261-723486a2df31","local_time":"20190515034243","is_ascension_mode":true,"campfire_choices":[{"data":"Noxious Fumes","floor":6,"key":"SMITH"},{"data":"Neutralize","floor":8,"key":"SMITH"},{"data":"Bane","floor":13,"key":"SMITH"},{"floor":15,"key":"REST"},{"floor":23,"key":"REST"}],"neow_cost":"PERCENT_DAMAGE","seed_source_timestamp":811895014422800,"circlet_count":0,"master_deck":["AscendersBane","Defend_G","Defend_G","Strike_G","Strike_G","Strike_G","Survivor","Neutralize+1","Noxious Fumes+1","Flying Knee","Terror+1","Backflip+1","Cloak And Dagger+1","Escape Plan+1","Bane+1","Backflip+1","After Image","Outmaneuver+1","A Thousand Cuts","Backflip+1","Acrobatics+1","Bane+1","Grand Finale","Deadly Poison+1","Cloak And Dagger+1","Envenom"],"special_seed":0,"relics":["Ring of the Serpent","Membership Card","Toxic Egg 2","Bag of Preparation","Tiny Chest","Singing Bowl"],"potions_floor_usage":[14,16,22],"damage_taken":[{"damage":10.0,"enemies":"Small Slimes","floor":1.0,"turns":5.0},{"damage":0,"enemies":"Cultist","floor":4,"turns":4},{"damage":0,"enemies":"2 Louse","floor":5,"turns":3},{"damage":6,"enemies":"2 Fungi Beasts","floor":11,"turns":3},{"damage":0,"enemies":"Gremlin Gang","floor":12,"turns":3},{"damage":0,"enemies":"Lots of Slimes","floor":14,"turns":4},{"damage":29,"enemies":"Slime Boss","floor":16,"turns":7},{"damage":10,"enemies":"Shell Parasite","floor":18,"turns":4},{"damage":7,"enemies":"Chosen","floor":20,"turns":5},{"damage":11,"enemies":"Shelled Parasite and Fungi","floor":21,"turns":5},{"damage":20,"enemies":"Chosen and Byrds","floor":22,"turns":4},{"damage":13,"enemies":"Sentry and Sphere","floor":24,"turns":5},{"damage":13,"enemies":"Shelled Parasite and Fungi","floor":28,"turns":2}],"seed_played":"-4298086426440441592","potions_obtained":[{"floor":1.0,"key":"Block Potion"},{"floor":4,"key":"Regen Potion"},{"floor":12,"key":"FearPotion"},{"floor":20,"key":"Dexterity Potion"},{"floor":21,"key":"LiquidBronze"}],"is_trial":false,"path_per_floor":["M","$","?","M","M","R","?","R","T","$","M","M","R","M","R","B",null,"M","?","M","M","M","R","M","$","T","?","M"],"character_chosen":"THE_SILENT","items_purchased":["Membership Card","Toxic Egg 2","Flying Knee","Escape Plan+1","Bane","Deadly Poison+1","Cloak And Dagger+1"],"campfire_rested":2,"item_purchase_floors":[2,2,2,10,10,25,25],"current_hp_per_floor":[34,34,34,34,34,34,34,34,34,34,28,28,28,28,47,18,54,44,44,37,26,6,25,12,12,12,12,0],"gold":34,"neow_bonus":"TWO_FIFTY_GOLD","is_prod":false,"is_daily":false,"chose_seed":false,"campfire_upgraded":3,"win_rate":0,"timestamp":1557859363,"path_taken":["M","$","?","M","M","R","?","R","T","$","?","M","R","M","R","BOSS","M","?","M","M","M","R","M","$","T","?","M"],"build_version":"2019-01-23","purchased_purges":2,"victory":false,"max_hp_per_floor":[66,66,66,66,66,66,66,66,66,66,66,66,66,66,66,66,66,66,66,66,66,66,66,66,66,66,66,66],"card_choices":[{"not_picked":["Eviscerate","Quick Slash"],"picked":"Noxious Fumes","floor":1.0},{"not_picked":["Outmaneuver+1","Setup+1"],"picked":"Backflip+1","floor":4},{"not_picked":["Deflect+1","Dagger Spray"],"picked":"Cloak And Dagger+1","floor":5},{"not_picked":["Eviscerate","Slice"],"picked":"Backflip+1","floor":11},{"not_picked":["Distraction+1","Dagger Spray"],"picked":"After Image","floor":12},{"not_picked":["Prepared+1","Sucker Punch"],"picked":"Outmaneuver+1","floor":14},{"not_picked":["Venomology+1","Die Die Die"],"picked":"A Thousand Cuts","floor":16},{"not_picked":["Poisoned Stab","Expertise+1"],"picked":"Backflip+1","floor":18},{"not_picked":["Heel Hook","Dagger Throw"],"picked":"Acrobatics+1","floor":20},{"not_picked":["Distraction+1","Leg Sweep+1"],"picked":"Bane+1","floor":21},{"not_picked":["Bane+1","All Out Attack","Dagger Throw"],"picked":"SKIP","floor":22},{"not_picked":["Backflip+1","Dagger Spray"],"picked":"Grand Finale","floor":24}],"player_experience":5028430,"relics_obtained":[{"floor":9,"key":"Tiny Chest"},{"floor":26,"key":"Singing Bowl"}],"event_choices":[{"damage_healed":0,"gold_gain":0,"cards_transformed":["Strike_G"],"player_choice":"Change","damage_taken":0,"max_hp_gain":0,"max_hp_loss":0,"event_name":"Living Wall","floor":3,"gold_loss":0,"cards_obtained":["Terror"]},{"damage_healed":0,"gold_gain":0,"player_choice":"Gave Potion","damage_taken":0,"relics_obtained":["Bag of Preparation"],"max_hp_gain":0,"max_hp_loss":0,"event_name":"WeMeetAgain","floor":7,"gold_loss":0},{"cards_removed":["Defend_G"],"damage_healed":0,"gold_gain":0,"player_choice":"Gave Gold","damage_taken":0,"max_hp_gain":0,"max_hp_loss":0,"event_name":"Beggar","floor":19,"gold_loss":75},{"damage_healed":0,"gold_gain":0,"cards_transformed":["Strike_G"],"player_choice":"Transformed","damage_taken":0,"max_hp_gain":0,"max_hp_loss":0,"event_name":"Transmorgrifier","floor":27,"gold_loss":0,"cards_obtained":["Envenom"]}],"is_beta":false,"boss_relics":[{"not_picked":["Busted Crown","Coffee Dripper"],"picked":"Ring of the Serpent"}],"items_purged_floors":[10,25],"is_endless":false,"potions_floor_spawned":[1,4,12,20,21],"killed_by":"Shelled Parasite and Fungi","ascension_level":20}