{"gold_per_floor":[118,135,135,151,169,204,204,240,240,240,255,278,278],"floor_reached":13,"playtime":325,"items_purged":[],"score":194,"play_id":"b668f939-8d3b-4f0c-92d9-3162be86655c","local_time":"20190601022550","is_ascension_mode":true,"campfire_choices":[{"floor":7,"key":"REST"},{"data":"Armaments","floor":10,"key":"SMITH"}],"neow_cost":"CURSE","seed_source_timestamp":449475310093900,"circlet_count":0,"master_deck":["AscendersBane","Strike_R","Strike_R","Strike_R","Strike_R","Strike_R","Defend_R+1","Defend_R+1","Defend_R","Defend_R","Bash","Parasite","Inflame","Armaments+1","Reaper","Pummel","Anger","Flex","Demon Form"],"special_seed":0,"relics":["Burning Blood","Shovel","Golden Idol","Lantern","War Paint","Self Forming Clay"],"potions_floor_usage":[6,8,11],"damage_taken":[{"damage":9.0,"enemies":"Jaw Worm","floor":1.0,"turns":6.0},{"damage":20.0,"enemies":"2 Louse","floor":2.0,"turns":3.0},{"damage":1.0,"enemies":"Cultist","floor":4.0,"turns":3.0},{"damage":39,"enemies":"Lots of Slimes","floor":5,"turns":6},{"damage":32,"enemies":"Gremlin Nob","floor":6,"turns":4},{"damage":22,"enemies":"Lagavulin","floor":8,"turns":7},{"damage":10,"enemies":"Red Slaver","floor":11,"turns":3},{"damage":22,"enemies":"Exordium Thugs","floor":12,"turns":5},{"damage":31,"enemies":"Gremlin Nob","floor":13,"turns":3}],"seed_played":"311921734936745357","potions_obtained":[{"floor":2.0,"key":"BloodPotion"},{"floor":5,"key":"Fire Potion"},{"floor":6,"key":"Swift Potion"},{"floor":8,"key":"BloodPotion"}],"is_trial":false,"path_per_floor":["M","M","?","M","M","E","R","E","T","R","M","M","?"],"character_chosen":"IRONCLAD","items_purchased":[],"campfire_rested":1,"item_purchase_floors":[],"current_hp_per_floor":[65,51,51,62,44,18,38,25,25,25,27,17,0],"gold":278,"neow_bonus":"ONE_RARE_RELIC","is_prod":false,"is_daily":false,"chose_seed":false,"campfire_upgraded":1,"win_rate":0,"timestamp":1559323550,"path_taken":["M","M","?","M","M","E","R","E","T","R","M","M","?"],"build_version":"2019-01-23","purchased_purges":0,"victory":false,"max_hp_per_floor":[75,75,68,68,68,68,68,68,68,68,68,68,68],"card_choices":[{"not_picked":["Power Through","Pommel Strike"],"picked":"Inflame","floor":1.0},{"not_picked":["Clothesline","Havoc"],"picked":"Armaments","floor":2.0},{"not_picked":["Clothesline","Sever Soul"],"picked":"Reaper","floor":4.0},{"not_picked":["Warcry","Clash"],"picked":"Pummel","floor":5},{"not_picked":["Shrug It Off","Thunderclap"],"picked":"Anger","floor":6},{"not_picked":["Thunderclap","Body Slam"],"picked":"Flex","floor":8},{"not_picked":["Shrug It Off","Armaments","Thunderclap"],"picked":"SKIP","floor":11},{"not_picked":["Fire Breathing","Perfected Strike"],"picked":"Demon Form","floor":12}],"player_experience":5233897,"relics_obtained":[{"floor":6,"key":"Lantern"},{"floor":8,"key":"War Paint"},{"floor":9,"key":"Self Forming Clay"}],"event_choices":[{"damage_healed":0.0,"max_hp_gain":0.0,"max_hp_loss":7.0,"gold_gain":0.0,"event_name":"Golden Idol","player_choice":"Lose Max HP","floor":3.0,"gold_loss":0.0,"damage_taken":0.0,"relics_obtained":["Golden Idol"]},{"damage_healed":0,"gold_gain":0,"player_choice":"Searched \u00271\u0027 times","damage_taken":0,"max_hp_gain":0,"max_hp_loss":0,"event_name":"Dead Adventurer","floor":13,"gold_loss":0}],"is_beta":false,"boss_relics":[],"items_purged_floors":[],"is_endless":false,"potions_floor_spawned":[2,5,6,8],"killed_by":"Gremlin Nob","ascension_level":20}