{"gold_per_floor":[111,128,140,150,150,150,185,185,209,244,262,296,91,117,117,191,191,211,223,273,292,304,336,356,385,385,385,385,485,497,507,507,582,582,592,603,619,619,619,619,647,647,647,663,459,485,497,113,113,113,113,113,113,16,42,42],"floor_reached":57,"playtime":3213,"items_purged":["Strike_R","Strike_R","Strike_R"],"score":3014,"play_id":"ed6ae979-76a9-4e79-8709-ae0d84e97f96","local_time":"20190424025356","is_ascension_mode":true,"campfire_choices":[{"data":"Armaments","floor":6.0,"key":"SMITH"},{"data":"Spot Weakness","floor":8.0,"key":"SMITH"},{"data":"Battle Trance","floor":15.0,"key":"SMITH"},{"floor":27,"key":"REST"},{"floor":32,"key":"REST"},{"floor":40,"key":"RECALL"},{"floor":42,"key":"REST"},{"floor":49,"key":"REST"},{"floor":53,"key":"REST"}],"neow_cost":"NONE","seed_source_timestamp":255666386931100,"circlet_count":0,"master_deck":["AscendersBane","Strike_R","Defend_R","Defend_R","Defend_R","Defend_R","Bash","Armaments+1","Spot Weakness+1","Twin Strike","Anger","Impervious","True Grit","Disarm","Battle Trance+1","Sword Boomerang","Fiend Fire","Burning Pact","Feel No Pain","Armaments+1","Second Wind","Power Through","Dark Embrace","Evolve+1","Thinking Ahead","Blind","Sword Boomerang+1","Power Through","Feel No Pain","Deep Breath","Power Through+1"],"special_seed":0,"relics":["Burning Blood","Happy Flower","Oddly Smooth Stone","Centennial Puzzle","Lantern","Pen Nib","Fusion Hammer","Calipers","Molten Egg 2","Thread and Needle","Mango","Bottled Lightning","Runic Dome","Strawberry","MawBank","Sundial","Gambling Chip"],"potions_floor_usage":[25,30,33,56,56],"damage_taken":[{"damage":14.0,"enemies":"Jaw Worm","floor":1.0,"turns":4.0},{"damage":1.0,"enemies":"Cultist","floor":2.0,"turns":3.0},{"damage":0.0,"enemies":"2 Louse","floor":3.0,"turns":2.0},{"damage":9.0,"enemies":"Blue Slaver","floor":4.0,"turns":5.0},{"damage":20.0,"enemies":"Lagavulin","floor":7.0,"turns":6.0},{"damage":12.0,"enemies":"3 Sentries","floor":10.0,"turns":7.0},{"damage":0.0,"enemies":"Exordium Wildlife","floor":11.0,"turns":5.0},{"damage":0.0,"enemies":"Gremlin Nob","floor":12.0,"turns":2.0},{"damage":5.0,"enemies":"Lagavulin","floor":14.0,"turns":6.0},{"damage":9.0,"enemies":"Hexaghost","floor":16.0,"turns":8.0},{"damage":16.0,"enemies":"3 Byrds","floor":18.0,"turns":7.0},{"damage":0.0,"enemies":"Chosen","floor":19.0,"turns":5.0},{"damage":0.0,"enemies":"Snake Plant","floor":21.0,"turns":2.0},{"damage":15.0,"enemies":"Centurion and Healer","floor":22.0,"turns":10.0},{"damage":16.0,"enemies":"Book of Stabbing","floor":23.0,"turns":3.0},{"damage":21.0,"enemies":"Snecko","floor":24.0,"turns":5.0},{"damage":28,"enemies":"Slavers","floor":25,"turns":9},{"damage":0,"enemies":"Colosseum Slavers","floor":29,"turns":5},{"damage":12,"enemies":"Colosseum Nobs","floor":29,"turns":5},{"damage":2,"enemies":"3 Cultists","floor":30,"turns":5},{"damage":0,"enemies":"Snake Plant","floor":31,"turns":5},{"damage":29,"enemies":"Collector","floor":33,"turns":10},{"damage":0,"enemies":"3 Shapes","floor":35,"turns":11},{"damage":15,"enemies":"3 Darklings","floor":36,"turns":10},{"damage":0,"enemies":"4 Shapes","floor":37,"turns":8},{"damage":17,"enemies":"Reptomancer","floor":41,"turns":6},{"damage":0,"enemies":"Maw","floor":44,"turns":7},{"damage":5,"enemies":"Nemesis","floor":46,"turns":9},{"damage":0,"enemies":"Time Eater","floor":50,"turns":11},{"damage":0,"enemies":"Donu and Deca","floor":51,"turns":12},{"damage":36,"enemies":"Shield and Spear","floor":55,"turns":11},{"damage":4,"enemies":"The Heart","floor":56,"turns":9}],"seed_played":"-6679818904595110144","potions_obtained":[{"floor":2.0,"key":"Ancient Potion"},{"floor":3.0,"key":"Weak Potion"},{"floor":7.0,"key":"LiquidBronze"},{"floor":10.0,"key":"SteroidPotion"},{"floor":18.0,"key":"Regen Potion"},{"floor":19.0,"key":"Swift Potion"},{"floor":24.0,"key":"Fire Potion"},{"floor":29,"key":"AttackPotion"},{"floor":30,"key":"Ancient Potion"},{"floor":41,"key":"LiquidBronze"},{"floor":44,"key":"Dexterity Potion"},{"floor":46,"key":"PowerPotion"}],"is_trial":false,"path_per_floor":["M","M","M","M","?","R","E","R","T","E","M","E","$","E","R","B",null,"M","M","?","M","M","E","M","E","T","R","?","?","M","M","R","B",null,"M","M","M","?","?","R","E","R","T","M","$","E","?","$","R","B","B",null,"R","$","E","B",null],"character_chosen":"IRONCLAD","items_purchased":["Battle Trance","Sword Boomerang","Sword Boomerang+1","Power Through","Sundial","Deep Breath"],"campfire_rested":5,"item_purchase_floors":[13,13,45,45,48,54],"current_hp_per_floor":[60,65,71,68,68,68,54,54,54,48,54,60,60,61,61,58,71,61,67,67,73,75,65,50,28,28,50,29,43,47,53,81,58,85,91,82,88,88,78,78,74,101,101,101,101,101,101,101,101,101,101,101,101,101,71,73],"gold":42,"neow_bonus":"THREE_CARDS","is_prod":false,"is_daily":false,"chose_seed":false,"campfire_upgraded":3,"win_rate":0,"timestamp":1556042036,"path_taken":["M","M","M","M","?","R","E","R","T","E","M","E","?","E","R","BOSS","M","M","?","M","?","E","M","E","T","R","?","?","M","M","R","BOSS","M","M","M","?","?","R","E","R","T","M","$","E","?","$","R","BOSS","BOSS","R","$","E","BOSS"],"build_version":"2019-01-23","purchased_purges":3,"victory":true,"max_hp_per_floor":[75,75,75,75,75,75,75,75,75,75,75,75,75,75,75,75,75,75,75,75,75,75,75,75,75,75,75,80,94,94,94,94,94,94,94,94,94,94,94,94,101,101,101,101,101,101,101,101,101,101,101,101,101,101,101,101],"card_choices":[{"not_picked":["Rupture","Clash"],"picked":"Twin Strike","floor":0.0},{"not_picked":["Headbutt","Rupture"],"picked":"Armaments","floor":1.0},{"not_picked":["Clash","Wild Strike"],"picked":"Spot Weakness","floor":2.0},{"not_picked":["Clothesline","Juggernaut"],"picked":"Twin Strike","floor":3.0},{"not_picked":["Headbutt","Warcry"],"picked":"Anger","floor":4.0},{"not_picked":["Thunderclap","Anger"],"picked":"Impervious","floor":7.0},{"not_picked":["Iron Wave","Warcry","Pommel Strike"],"picked":"SKIP","floor":10.0},{"not_picked":["Body Slam","Clothesline"],"picked":"True Grit","floor":11.0},{"not_picked":["Iron Wave","Fire Breathing"],"picked":"Disarm","floor":12.0},{"not_picked":["Clothesline","Sword Boomerang","Body Slam"],"picked":"SKIP","floor":14.0},{"not_picked":["Juggernaut","Brutality"],"picked":"Fiend Fire","floor":16.0},{"not_picked":["Iron Wave","Warcry"],"picked":"Burning Pact","floor":18.0},{"not_picked":["Metallicize+1","Warcry","Clothesline"],"picked":"SKIP","floor":19.0},{"not_picked":["Carnage","Flex","Headbutt"],"picked":"SKIP","floor":21.0},{"not_picked":["Wild Strike","Heavy Blade","Perfected Strike"],"picked":"SKIP","floor":22.0},{"not_picked":["Power Through","Second Wind"],"picked":"Feel No Pain","floor":23.0},{"not_picked":["Thunderclap","Sword Boomerang"],"picked":"Armaments+1","floor":24.0},{"not_picked":["Pommel Strike","Dropkick"],"picked":"Second Wind","floor":25},{"not_picked":["Anger+1","Cleave+1","Iron Wave+1"],"picked":"SKIP","floor":30},{"not_picked":["Seeing Red+1","Disarm"],"picked":"Power Through","floor":31},{"not_picked":["Reaper+1","Offering"],"picked":"Dark Embrace","floor":33},{"not_picked":["Carnage+1","Flex"],"picked":"Evolve+1","floor":35},{"not_picked":["Anger+1","Perfected Strike+1","Sentinel+1"],"picked":"SKIP","floor":36},{"not_picked":["Armaments","Pommel Strike+1","True Grit+1"],"picked":"SKIP","floor":37},{"not_picked":["Discovery","Deep Breath"],"picked":"Thinking Ahead","floor":39},{"not_picked":["Forethought","PanicButton"],"picked":"Blind","floor":39},{"not_picked":["Carnage+1","Clash+1","Inflame"],"picked":"SKIP","floor":41},{"not_picked":["Rupture+1","Bludgeon+1"],"picked":"Feel No Pain","floor":46},{"not_picked":["True Grit","Carnage+1"],"picked":"Power Through+1","floor":55}],"player_experience":4846777,"relics_obtained":[{"floor":7.0,"key":"Happy Flower"},{"floor":9.0,"key":"Oddly Smooth Stone"},{"floor":10.0,"key":"Centennial Puzzle"},{"floor":12.0,"key":"Lantern"},{"floor":14.0,"key":"Pen Nib"},{"floor":23.0,"key":"Calipers"},{"floor":25,"key":"Molten Egg 2"},{"floor":26,"key":"Thread and Needle"},{"floor":29,"key":"Mango"},{"floor":29,"key":"Bottled Lightning"},{"floor":41,"key":"Strawberry"},{"floor":46,"key":"MawBank"},{"floor":55,"key":"Gambling Chip"}],"event_choices":[{"cards_removed":["Strike_R"],"damage_healed":0.0,"max_hp_gain":0.0,"max_hp_loss":0.0,"gold_gain":0.0,"event_name":"Purifier","player_choice":"Purged","floor":5.0,"gold_loss":0.0,"damage_taken":0.0},{"damage_healed":0.0,"max_hp_gain":0.0,"max_hp_loss":0.0,"gold_gain":50.0,"event_name":"Golden Shrine","player_choice":"Pray","floor":20.0,"gold_loss":0.0,"damage_taken":0.0},{"damage_healed":0,"gold_gain":0,"player_choice":"Shed Blood","damage_taken":26,"max_hp_gain":5,"max_hp_loss":0,"event_name":"Forgotten Altar","floor":28,"gold_loss":0},{"damage_healed":0,"gold_gain":0,"player_choice":"Fight","damage_taken":0,"max_hp_gain":0,"max_hp_loss":0,"event_name":"Colosseum","floor":29,"gold_loss":0},{"damage_healed":0,"gold_gain":0,"player_choice":"Fought Nobs","damage_taken":0,"max_hp_gain":0,"max_hp_loss":0,"event_name":"Colosseum","floor":29,"gold_loss":0},{"damage_healed":0,"gold_gain":0,"player_choice":"Ignored","damage_taken":0,"max_hp_gain":0,"max_hp_loss":0,"event_name":"Tomb of Lord Red Mask","floor":38,"gold_loss":0},{"damage_healed":0,"gold_gain":0,"player_choice":"Memory 3","damage_taken":10,"max_hp_gain":0,"max_hp_loss":0,"event_name":"SensoryStone","floor":39,"gold_loss":0},{"cards_removed":["Twin Strike"],"damage_healed":0,"gold_gain":0,"player_choice":"Removed Attack","damage_taken":0,"max_hp_gain":0,"max_hp_loss":0,"event_name":"Falling","floor":47,"gold_loss":0}],"is_beta":false,"boss_relics":[{"not_picked":["Black Blood","Tiny House"],"picked":"Fusion Hammer"},{"not_picked":["Runic Cube","Orrery"],"picked":"Runic Dome"}],"items_purged_floors":[13,45,48],"is_endless":false,"potions_floor_spawned":[2,3,4,7,10,18,19,24,29,30,41,44,46],"ascension_level":20}