{"gold_per_floor":[109,120,120,139,139,139,64,64,109,121,153,175,187,214,226,238],"floor_reached":16,"playtime":850,"items_purged":["Defend_B"],"score":92,"play_id":"2ecebf2b-e0c2-4161-8b80-283a617605c4","local_time":"20190715212527","is_ascension_mode":false,"campfire_choices":[{"data":"Cold Snap","floor":6,"key":"SMITH"},{"data":"Zap","floor":10,"key":"SMITH"},{"data":"Static Discharge","floor":13,"key":"SMITH"},{"data":"Conserve Battery","floor":15,"key":"SMITH"}],"neow_cost":"NONE","seed_source_timestamp":443981163188400,"circlet_count":0,"master_deck":["Strike_B","Strike_B","Strike_B","Strike_B","Defend_B","Defend_B","Defend_B","Zap+1","Dualcast","Cold Snap+1","Genetic Algorithm+1","BootSequence","BootSequence","Static Discharge+1","Conserve Battery+1","Reinforced Body"],"relics":["Cracked Core","MawBank"],"potions_floor_usage":[12,16,16,16],"damage_taken":[{"damage":5,"enemies":"Small Slimes","floor":1,"turns":4},{"damage":6,"enemies":"Cultist","floor":2,"turns":4},{"damage":0,"enemies":"Jaw Worm","floor":4,"turns":3},{"damage":6,"enemies":"Exordium Thugs","floor":11,"turns":5},{"damage":0,"enemies":"Looter","floor":12,"turns":2},{"damage":15,"enemies":"Gremlin Gang","floor":14,"turns":6},{"damage":45,"enemies":"Slime Boss","floor":16,"turns":9}],"seed_played":"-5277201417739912803","potions_obtained":[{"floor":5,"key":"FocusPotion"},{"floor":5,"key":"Strength Potion"},{"floor":5,"key":"Swift Potion"},{"floor":14,"key":"EssenceOfSteel"}],"is_trial":false,"path_per_floor":["M","M","?","M","?","R","$","$","T","R","M","M","R","M","R","B"],"character_chosen":"DEFECT","items_purchased":[],"campfire_rested":0,"item_purchase_floors":[],"current_hp_per_floor":[70,64,64,64,64,64,64,64,64,64,58,58,58,43,43,0],"gold":238,"neow_bonus":"THREE_CARDS","is_prod":false,"is_daily":false,"chose_seed":false,"campfire_upgraded":4,"win_rate":0.0,"timestamp":1563243927,"path_taken":["M","M","?","?","?","R","?","$","T","R","M","M","R","M","R","BOSS"],"build_version":"2019-07-05","purchased_purges":1,"victory":false,"max_hp_per_floor":[75,75,75,75,75,75,75,75,75,75,75,75,75,75,75,75],"card_choices":[{"not_picked":["Storm","Conserve Battery"],"picked":"Cold Snap","floor":0},{"not_picked":["Turbo","Beam Cell"],"picked":"Genetic Algorithm","floor":1},{"not_picked":["Conserve Battery","Lockon"],"picked":"BootSequence","floor":2},{"not_picked":["Steam","Rebound"],"picked":"BootSequence","floor":4},{"not_picked":["Barrage","Stack"],"picked":"Static Discharge","floor":11},{"not_picked":["Hologram","Stack"],"picked":"Conserve Battery","floor":12},{"not_picked":["Hologram","Static Discharge"],"picked":"Reinforced Body","floor":14}],"player_experience":57424,"relics_obtained":[{"floor":9,"key":"MawBank"}],"event_choices":[{"damage_healed":0,"gold_gain":0,"player_choice":"Upgraded","damage_taken":0,"max_hp_gain":0,"max_hp_loss":0,"event_name":"Upgrade Shrine","floor":3,"gold_loss":0,"cards_upgraded":["Genetic Algorithm"]},{"damage_healed":0,"gold_gain":0,"player_choice":"Got Potions","damage_taken":0,"max_hp_gain":0,"max_hp_loss":0,"event_name":"Lab","floor":5,"gold_loss":0}],"is_beta":false,"boss_relics":[],"items_purged_floors":[7],"is_endless":false,"potions_floor_spawned":[11,14],"killed_by":"Slime Boss","ascension_level":0}