{"gold_per_floor":[117,42,117,292,292,292,302,333,357,357,382,401,401,430,430,430],"floor_reached":16,"playtime":353,"items_purged":["Defend_R"],"score":122,"play_id":"9881c95d-f502-45d3-84c8-313f027aba83","local_time":"20190724170841","is_ascension_mode":true,"campfire_choices":[{"floor":6,"key":"RECALL"},{"data":"Pommel Strike","floor":10,"key":"SMITH"},{"floor":15,"key":"REST"}],"neow_cost":"NONE","seed_source_timestamp":1206675929328200,"circlet_count":0,"master_deck":["Strike_R","Strike_R","Strike_R","Strike_R","Strike_R","Defend_R","Defend_R","Defend_R","Bash+1","Pommel Strike+1","Doubt","Regret","Anger+1","Shrug It Off","Bloodletting","Sever Soul"],"relics":["Busted Crown","Sundial","Whetstone","Bag of Marbles","Unceasing Top","FossilizedHelix"],"potions_floor_usage":[11,11,14],"damage_taken":[{"damage":8,"enemies":"Jaw Worm","floor":1,"turns":3},{"damage":9,"enemies":"2 Louse","floor":7,"turns":3},{"damage":16,"enemies":"Gremlin Nob","floor":8,"turns":3},{"damage":26,"enemies":"3 Sentries","floor":11,"turns":6},{"damage":0,"enemies":"Small Slimes","floor":12,"turns":2},{"damage":22,"enemies":"Lagavulin","floor":14,"turns":4},{"damage":23,"enemies":"The Guardian","floor":16,"turns":4}],"seed_played":"-7011786999862755996","potions_obtained":[{"floor":7,"key":"BloodPotion"},{"floor":8,"key":"SteroidPotion"},{"floor":12,"key":"Fire Potion"}],"is_trial":false,"path_per_floor":["M","$","?","?","?","R","M","E","T","R","E","M","T","E","R","B"],"character_chosen":"IRONCLAD","items_purchased":[],"campfire_rested":1,"item_purchase_floors":[],"current_hp_per_floor":[72,72,61,61,61,61,52,36,36,36,30,30,30,8,32,9],"gold":430,"neow_bonus":"BOSS_RELIC","is_prod":false,"is_daily":false,"chose_seed":false,"campfire_upgraded":1,"win_rate":0,"timestamp":1564006121,"path_taken":["M","$","?","?","?","R","M","E","T","R","E","M","?","E","R","BOSS"],"build_version":"2019-07-17","purchased_purges":1,"victory":false,"max_hp_per_floor":[80,80,80,80,80,80,80,80,80,80,80,80,80,80,80,80],"card_choices":[{"not_picked":[],"picked":"Pommel Strike","floor":1},{"not_picked":[],"picked":"Anger","floor":7},{"not_picked":[],"picked":"Shrug It Off","floor":8},{"not_picked":[],"picked":"Bloodletting","floor":11},{"not_picked":["Headbutt"],"picked":"SKIP","floor":12},{"not_picked":[],"picked":"Sever Soul","floor":14}],"player_experience":163106,"relics_obtained":[{"floor":8,"key":"Whetstone"},{"floor":11,"key":"Bag of Marbles"},{"floor":13,"key":"Unceasing Top"},{"floor":14,"key":"FossilizedHelix"}],"event_choices":[{"damage_healed":0,"gold_gain":75,"player_choice":"Gather Gold","damage_taken":11,"max_hp_gain":0,"max_hp_loss":0,"event_name":"World of Goop","floor":3,"gold_loss":0},{"damage_healed":0,"gold_gain":175,"player_choice":"AGREE","damage_taken":0,"max_hp_gain":0,"max_hp_loss":0,"event_name":"Liars Game","floor":4,"gold_loss":0,"cards_obtained":["Doubt"]},{"damage_healed":0,"gold_gain":0,"player_choice":"Box","damage_taken":0,"relics_obtained":["Sundial"],"max_hp_gain":0,"max_hp_loss":0,"event_name":"Big Fish","floor":5,"gold_loss":0,"cards_obtained":["Regret"]}],"is_beta":false,"boss_relics":[],"items_purged_floors":[2],"is_endless":false,"potions_floor_spawned":[7,8,12],"killed_by":"The Guardian","ascension_level":1}