{"gold_per_floor":[114,130,144,144,69,100,100,100,124,124,138,155,169,94,94,94],"floor_reached":16,"playtime":298,"items_purged":["Strike_G"],"score":204,"play_id":"cb63683a-cd43-4b9d-afea-b02fde18482e","local_time":"20190331234053","is_ascension_mode":true,"campfire_choices":[{"floor":10,"key":"REST"},{"data":"Deadly Poison","floor":15,"key":"SMITH"}],"neow_cost":"NONE","seed_source_timestamp":1554843410268400,"circlet_count":0,"master_deck":["AscendersBane","Defend_G","Defend_G","Defend_G","Defend_G","Defend_G","Strike_G","Strike_G","Survivor","Neutralize","All Out Attack","Masterful Stab","Dagger Throw","All Out Attack","Footwork","Distraction","Deadly Poison+1","Backflip"],"relics":["Ring of the Snake","NeowsBlessing","Orichalcum","Calipers","Anchor"],"potions_floor_usage":[16],"damage_taken":[{"damage":0,"enemies":"Cultist","floor":1,"turns":1},{"damage":0,"enemies":"Small Slimes","floor":2,"turns":1},{"damage":0,"enemies":"Jaw Worm","floor":3,"turns":1},{"damage":43,"enemies":"Lagavulin","floor":6,"turns":7},{"damage":14,"enemies":"Exordium Thugs","floor":11,"turns":5},{"damage":3,"enemies":"Looter","floor":12,"turns":4},{"damage":3,"enemies":"Blue Slaver","floor":13,"turns":4},{"damage":34,"enemies":"The Guardian","floor":16,"turns":2}],"seed_played":"4340813685438393255","potions_obtained":[{"floor":2,"key":"Ancient Potion"},{"floor":11,"key":"Dexterity Potion"}],"is_trial":false,"path_per_floor":["M","M","M","?","?","E","?","?","T","R","M","M","M","$","R","B"],"character_chosen":"THE_SILENT","items_purchased":[],"campfire_rested":1,"item_purchase_floors":[],"current_hp_per_floor":[59,59,59,59,59,16,5,5,5,24,10,7,4,4,4,0],"gold":94,"neow_bonus":"THREE_ENEMY_KILL","is_prod":false,"is_daily":false,"chose_seed":false,"campfire_upgraded":1,"win_rate":0,"timestamp":1554043253,"path_taken":["M","?","M","?","?","E","?","?","T","R","M","M","?","?","R","BOSS"],"build_version":"2019-01-23","purchased_purges":1,"victory":false,"max_hp_per_floor":[66,66,66,66,66,66,66,66,66,66,66,66,66,66,66,66],"card_choices":[{"not_picked":["Outmaneuver","Deflect"],"picked":"All Out Attack","floor":1},{"not_picked":["Dodge and Roll","Bouncing Flask"],"picked":"Masterful Stab","floor":2},{"not_picked":["Escape Plan","Dodge and Roll"],"picked":"Dagger Throw","floor":3},{"not_picked":["Underhanded Strike","Bane"],"picked":"Footwork","floor":6},{"not_picked":["Doppelganger","Infinite Blades"],"picked":"Distraction","floor":11},{"not_picked":["Accuracy","Quick Slash"],"picked":"Deadly Poison","floor":12},{"not_picked":["Distraction","Prepared"],"picked":"Backflip","floor":13}],"player_experience":4669002,"relics_obtained":[{"floor":6,"key":"Orichalcum"},{"floor":9,"key":"Anchor"}],"event_choices":[{"damage_healed":0,"gold_gain":0,"cards_transformed":["Strike_G"],"player_choice":"Change","damage_taken":0,"max_hp_gain":0,"max_hp_loss":0,"event_name":"Living Wall","floor":4,"gold_loss":0,"cards_obtained":["All Out Attack"]},{"cards_removed":["Strike_G"],"damage_healed":0,"gold_gain":0,"player_choice":"Card Removal","damage_taken":0,"max_hp_gain":0,"max_hp_loss":0,"event_name":"The Cleric","floor":5,"gold_loss":75},{"damage_healed":0,"gold_gain":0,"player_choice":"Success","damage_taken":11,"relics_obtained":["Calipers"],"max_hp_gain":0,"max_hp_loss":0,"event_name":"Scrap Ooze","floor":7,"gold_loss":0},{"damage_healed":0,"gold_gain":0,"player_choice":"Ignored","damage_taken":0,"max_hp_gain":0,"max_hp_loss":0,"event_name":"Liars Game","floor":8,"gold_loss":0}],"is_beta":false,"boss_relics":[],"items_purged_floors":[14],"is_endless":false,"potions_floor_spawned":[2,11,12,13],"killed_by":"The Guardian","ascension_level":20}