{"gold_per_floor":[114,36,36,9,21,21,55,75,75,75,99,130,130,130,130,221,221,244,265,265,280,25,25,25,59,82,123,137,137,151,185,185,185],"floor_reached":33,"playtime":1097,"items_purged":[],"score":558,"play_id":"de955df0-77b7-42c9-ba15-33afe8ea5997","local_time":"20190711192925","is_ascension_mode":true,"campfire_choices":[{"data":"Bash","floor":6.0,"key":"SMITH"},{"data":"Spot Weakness","floor":13.0,"key":"SMITH"},{"data":"Iron Wave","floor":15.0,"key":"SMITH"},{"floor":23,"key":"REST"},{"floor":32,"key":"REST"}],"neow_cost":"NONE","seed_source_timestamp":1751030023184542,"circlet_count":0,"master_deck":["AscendersBane","Strike_R","Strike_R","Strike_R","Strike_R","Strike_R","Defend_R","Defend_R+1","Defend_R","Defend_R","Bash+1","Battle Trance","Spot Weakness+1","True Grit+1","Thunderclap","Twin Strike","Iron Wave+1","Feed","Armaments","Pummel","Armaments+1","Impervious","Disarm","Double Tap","Offering"],"special_seed":0,"relics":["Burning Blood","NeowsBlessing","Incense Burner","Golden Idol","War Paint","Velvet Choker","Nloth\u0027s Gift","Kunai","Omamori","PreservedInsect","Orichalcum","Red Skull","Dodecahedron"],"potions_floor_usage":[27,28,33],"damage_taken":[{"damage":0.0,"enemies":"2 Louse","floor":1.0,"turns":1.0},{"damage":0.0,"enemies":"Cultist","floor":5.0,"turns":1.0},{"damage":0.0,"enemies":"Lagavulin","floor":7.0,"turns":1.0},{"damage":4.0,"enemies":"Small Slimes","floor":8.0,"turns":3.0},{"damage":0.0,"enemies":"2 Fungi Beasts","floor":11.0,"turns":3.0},{"damage":16.0,"enemies":"3 Sentries","floor":12.0,"turns":5.0},{"damage":53.0,"enemies":"Hexaghost","floor":16.0,"turns":10.0},{"damage":20,"enemies":"Spheric Guardian","floor":18,"turns":6},{"damage":3,"enemies":"Shell Parasite","floor":19,"turns":4},{"damage":38,"enemies":"Snake Plant","floor":21,"turns":4},{"damage":46,"enemies":"Gremlin Leader","floor":25,"turns":10},{"damage":9,"enemies":"Book of Stabbing","floor":27,"turns":4},{"damage":16,"enemies":"Snecko","floor":28,"turns":7},{"damage":10,"enemies":"Centurion and Healer","floor":30,"turns":6},{"damage":26,"enemies":"Gremlin Leader","floor":31,"turns":5},{"damage":68,"enemies":"Collector","floor":33,"turns":6}],"seed_played":"261411933248995074","potions_obtained":[{"floor":1.0,"key":"Energy Potion"},{"floor":3.0,"key":"Explosive Potion"},{"floor":3.0,"key":"BloodPotion"},{"floor":7.0,"key":"Ancient Potion"},{"floor":25,"key":"BloodPotion"},{"floor":27,"key":"Weak Potion"},{"floor":31,"key":"Fire Potion"}],"is_trial":false,"path_per_floor":["M","$","?","$","M","R","E","M","T","?","M","E","R","?","R","B",null,"M","M","?","M","$","R","?","E","T","E","M","?","M","E","R","B"],"character_chosen":"IRONCLAD","items_purchased":["Spot Weakness","True Grit","Kunai"],"campfire_rested":2,"item_purchase_floors":[2,4,22],"current_hp_per_floor":[78,78,78,78,80,80,80,80,80,74,74,64,64,64,64,17,60,49,52,52,23,23,47,73,36,36,53,46,46,46,26,53,0],"gold":185,"neow_bonus":"THREE_ENEMY_KILL","is_prod":false,"is_daily":false,"chose_seed":false,"campfire_upgraded":3,"win_rate":0,"timestamp":1562869765,"path_taken":["M","$","?","?","M","R","E","M","T","?","M","E","R","?","R","BOSS","M","M","?","?","$","R","?","E","T","E","M","?","M","E","R","BOSS"],"build_version":"2019-07-05","purchased_purges":0,"victory":false,"max_hp_per_floor":[80,80,80,80,80,80,80,80,80,74,74,74,74,74,74,74,74,77,77,77,80,80,80,80,83,83,83,86,86,90,90,90,90],"card_choices":[{"not_picked":["Headbutt","Sever Soul"],"picked":"Battle Trance","floor":1.0},{"not_picked":["Headbutt","Dual Wield","Searing Blow"],"picked":"SKIP","floor":5.0},{"not_picked":["Feel No Pain","Iron Wave"],"picked":"Thunderclap","floor":7.0},{"not_picked":["Infernal Blade","True Grit"],"picked":"Twin Strike","floor":8.0},{"not_picked":["Flex","Infernal Blade"],"picked":"Iron Wave","floor":11.0},{"not_picked":["Body Slam","Burning Pact","Havoc"],"picked":"SKIP","floor":12.0},{"not_picked":["Brutality","Berserk"],"picked":"Feed","floor":16.0},{"not_picked":["Sword Boomerang","Flex"],"picked":"Armaments","floor":18},{"not_picked":["Bloodletting","Havoc"],"picked":"Pummel","floor":19},{"not_picked":["Clash","Warcry"],"picked":"Armaments+1","floor":21},{"not_picked":["Carnage","Combust"],"picked":"Impervious","floor":25},{"not_picked":["Brutality","Body Slam"],"picked":"Disarm","floor":27},{"not_picked":["True Grit","Pommel Strike","Battle Trance"],"picked":"SKIP","floor":28},{"not_picked":["Flex","Feel No Pain"],"picked":"Double Tap","floor":30},{"not_picked":["Metallicize","Infernal Blade"],"picked":"Offering","floor":31}],"player_experience":350934,"relics_obtained":[{"floor":7.0,"key":"Incense Burner"},{"floor":9.0,"key":"Ornamental Fan"},{"floor":12.0,"key":"War Paint"},{"floor":25,"key":"Omamori"},{"floor":26,"key":"PreservedInsect"},{"floor":27,"key":"Orichalcum"},{"floor":31,"key":"Dodecahedron"}],"event_choices":[{"damage_healed":0.0,"max_hp_gain":0.0,"max_hp_loss":0.0,"gold_gain":0.0,"event_name":"Lab","player_choice":"Got Potions","floor":3.0,"gold_loss":0.0,"damage_taken":0.0},{"damage_healed":0.0,"max_hp_gain":0.0,"max_hp_loss":6.0,"gold_gain":0.0,"event_name":"Golden Idol","player_choice":"Lose Max HP","floor":10.0,"gold_loss":0.0,"damage_taken":0.0,"relics_obtained":["Golden Idol"]},{"damage_healed":0.0,"max_hp_gain":0.0,"max_hp_loss":0.0,"gold_gain":0.0,"event_name":"Liars Game","player_choice":"Ignored","floor":14.0,"gold_loss":0.0,"damage_taken":0.0},{"damage_healed":0,"gold_gain":0,"player_choice":"Traded Relic","damage_taken":0,"relics_obtained":["Nloth\u0027s Gift"],"max_hp_gain":0,"max_hp_loss":0,"event_name":"N\u0027loth","floor":20,"relics_lost":["Ornamental Fan"],"gold_loss":0},{"damage_healed":26,"gold_gain":0,"player_choice":"Heal","damage_taken":0,"max_hp_gain":0,"max_hp_loss":0,"event_name":"The Library","floor":24,"gold_loss":0},{"damage_healed":0,"gold_gain":0,"player_choice":"Opened","damage_taken":0,"relics_obtained":["Red Skull"],"max_hp_gain":0,"max_hp_loss":0,"event_name":"The Mausoleum","floor":29,"gold_loss":0,"cards_obtained":["Writhe"]}],"is_beta":false,"boss_relics":[{"not_picked":["Philosopher\u0027s Stone","Pandora\u0027s Box"],"picked":"Velvet Choker"}],"items_purged_floors":[],"is_endless":false,"potions_floor_spawned":[1,7,11,25,27,31],"killed_by":"Collector","ascension_level":13}