{"gold_per_floor":[114,114,124,142,67,100,100,60,113,132,151,162,182,182,182,182],"floor_reached":16,"playtime":560,"items_purged":["Strike_R"],"score":104,"play_id":"690d599a-cf17-404a-b893-0378d3ad2ccb","local_time":"20190708005556","is_ascension_mode":false,"campfire_choices":[{"floor":7,"key":"REST"},{"floor":15,"key":"REST"}],"neow_cost":"NONE","seed_source_timestamp":1425574945915510,"circlet_count":0,"master_deck":["Strike_R","Strike_R","Strike_R","Strike_R","Defend_R","Defend_R","Defend_R","Defend_R","Bash","Shrug It Off"],"relics":["Burning Blood","Regal Pillow","Red Skull","Omamori"],"potions_floor_usage":[6,10,11,16,16,16],"damage_taken":[{"damage":10,"enemies":"Jaw Worm","floor":1,"turns":4},{"damage":7,"enemies":"2 Louse","floor":3,"turns":3},{"damage":1,"enemies":"Cultist","floor":4,"turns":3},{"damage":60,"enemies":"Lagavulin","floor":6,"turns":12},{"damage":5,"enemies":"3 Louse","floor":10,"turns":6},{"damage":6,"enemies":"2 Fungi Beasts","floor":11,"turns":4},{"damage":15,"enemies":"Blue Slaver","floor":12,"turns":6},{"damage":32,"enemies":"Exordium Thugs","floor":13,"turns":6},{"damage":87,"enemies":"Hexaghost","floor":16,"turns":12}],"seed_played":"1729374895466322246","potions_obtained":[{"floor":1,"key":"SpeedPotion"},{"floor":8,"key":"Energy Potion"},{"floor":8,"key":"Dexterity Potion"},{"floor":8,"key":"Swift Potion"},{"floor":10,"key":"Swift Potion"},{"floor":13,"key":"Strength Potion"}],"is_trial":false,"path_per_floor":["M","?","M","M","$","E","R","?","T","M","M","M","M","?","R","B"],"character_chosen":"IRONCLAD","items_purchased":[],"campfire_rested":2,"item_purchase_floors":[],"current_hp_per_floor":[76,73,72,77,77,23,62,62,62,63,63,54,28,48,80,0],"gold":182,"neow_bonus":"THREE_CARDS","is_prod":false,"is_daily":false,"chose_seed":false,"campfire_upgraded":0,"win_rate":0,"timestamp":1562543756,"path_taken":["M","?","M","M","$","E","R","?","T","M","M","?","M","?","R","BOSS"],"build_version":"2019-07-05","purchased_purges":1,"victory":false,"max_hp_per_floor":[80,80,80,80,80,80,80,80,80,80,80,80,80,80,80,80],"card_choices":[{"not_picked":["Ghostly Armor","Infernal Blade","Perfected Strike"],"picked":"SKIP","floor":1},{"not_picked":["Entrench","Twin Strike","Shrug It Off"],"picked":"SKIP","floor":3},{"not_picked":["Headbutt","Anger","True Grit"],"picked":"SKIP","floor":4},{"not_picked":["Burning Pact","Thunderclap","Blood for Blood"],"picked":"SKIP","floor":6},{"not_picked":["Corruption","Havoc","Headbutt"],"picked":"SKIP","floor":10},{"not_picked":["Juggernaut","Flex","Sword Boomerang"],"picked":"SKIP","floor":11},{"not_picked":["Power Through","Twin Strike","Uppercut"],"picked":"SKIP","floor":12},{"not_picked":["Flex","Clothesline"],"picked":"Shrug It Off","floor":13}],"player_experience":257627,"relics_obtained":[{"floor":6,"key":"Red Skull"},{"floor":9,"key":"Omamori"}],"event_choices":[{"damage_healed":0,"gold_gain":0,"player_choice":"Success","damage_taken":3,"relics_obtained":["Regal Pillow"],"max_hp_gain":0,"max_hp_loss":0,"event_name":"Scrap Ooze","floor":2,"gold_loss":0},{"damage_healed":0,"gold_gain":0,"player_choice":"Bought 3 Potions","damage_taken":0,"max_hp_gain":0,"max_hp_loss":0,"event_name":"The Woman in Blue","floor":8,"gold_loss":0},{"damage_healed":20,"gold_gain":0,"player_choice":"Healed and dodged fight","damage_taken":0,"max_hp_gain":0,"max_hp_loss":0,"event_name":"Mushrooms","floor":14,"gold_loss":0,"cards_obtained":["Parasite"]}],"is_beta":false,"boss_relics":[],"items_purged_floors":[5],"is_endless":false,"potions_floor_spawned":[1,10,13],"killed_by":"Hexaghost","ascension_level":0}