{"gold_per_floor":[115,125,85,96,115,115,144,12,69,69,69,79,79,96,96,173,173,186,186,6,206,221,233,233,250,250,250,0,13,13,25,25,25],"floor_reached":33,"playtime":1180,"items_purged":["Strike_R","Strike_R"],"score":523,"play_id":"00ba0125-e680-41d7-b7bc-151d9b370fc2","local_time":"20190404235646","is_ascension_mode":true,"campfire_choices":[{"data":"Bash","floor":6.0,"key":"SMITH"},{"data":"Wild Strike","floor":13.0,"key":"SMITH"},{"data":"True Grit","floor":15.0,"key":"SMITH"},{"data":"Armaments","floor":24.0,"key":"SMITH"},{"floor":27.0,"key":"REST"},{"data":"Burning Pact","floor":32.0,"key":"SMITH"}],"neow_cost":"NONE","seed_source_timestamp":191838058088000,"circlet_count":0,"master_deck":["AscendersBane","Strike_R","Strike_R","Defend_R","Defend_R","Defend_R","Defend_R","Bash+1","Wild Strike+1","Anger","Perfected Strike","Twin Strike","Metallicize","Flex+1","Reaper","True Grit+1","Feed","Burning Pact+1","Armaments+1","Body Slam","True Grit"],"special_seed":0,"relics":["Burning Blood","Vajra","Tiny Chest","Runic Pyramid"],"potions_floor_usage":[],"damage_taken":[{"damage":14.0,"enemies":"Jaw Worm","floor":1.0,"turns":5.0},{"damage":0.0,"enemies":"Cultist","floor":2.0,"turns":2.0},{"damage":2.0,"enemies":"2 Louse","floor":4.0,"turns":2.0},{"damage":14.0,"enemies":"Large Slime","floor":5.0,"turns":5.0},{"damage":25.0,"enemies":"Lagavulin","floor":7.0,"turns":6.0},{"damage":7.0,"enemies":"Looter","floor":12.0,"turns":3.0},{"damage":9.0,"enemies":"Red Slaver","floor":14.0,"turns":2.0},{"damage":42.0,"enemies":"Hexaghost","floor":16.0,"turns":8.0},{"damage":19.0,"enemies":"Spheric Guardian","floor":18.0,"turns":4.0},{"damage":30.0,"enemies":"2 Thieves","floor":22.0,"turns":5.0},{"damage":28.0,"enemies":"Centurion and Healer","floor":23.0,"turns":9.0},{"damage":53.0,"enemies":"Chosen and Byrds","floor":25.0,"turns":8.0},{"damage":29.0,"enemies":"Shelled Parasite and Fungi","floor":29.0,"turns":12.0},{"damage":0.0,"enemies":"Colosseum Slavers","floor":30.0,"turns":11.0},{"damage":36.0,"enemies":"Snecko","floor":31.0,"turns":6.0},{"damage":4,"enemies":"Automaton","floor":33,"turns":4}],"seed_played":"-3808513726392601278","potions_obtained":[{"floor":3.0,"key":"FairyPotion"},{"floor":3.0,"key":"GamblersBrew"},{"floor":7.0,"key":"PowerPotion"},{"floor":16.0,"key":"Poison Potion"},{"floor":23.0,"key":"Strength Potion"},{"floor":25.0,"key":"Poison Potion"},{"floor":29.0,"key":"EntropicBrew"}],"is_trial":false,"path_per_floor":["M","M","?","M","M","R","E","$","T","?","?","M","R","M","R","B",null,"M","?","$","?","M","M","R","M","T","R","?","M","?","M","R","B"],"character_chosen":"IRONCLAD","items_purchased":["Flex","Body Slam","True Grit"],"campfire_rested":1,"item_purchase_floors":[8,20,20],"current_hp_per_floor":[67,73,73,77,69,69,50,50,50,43,43,42,42,39,39,16,66,56,56,56,56,50,54,54,23,23,50,50,40,54,41,41,37],"gold":25,"neow_bonus":"TEN_PERCENT_HP_BONUS","is_prod":false,"is_daily":false,"chose_seed":false,"campfire_upgraded":5,"win_rate":0,"timestamp":1554389806,"path_taken":["M","M","?","?","M","R","E","$","T","?","?","M","R","M","R","BOSS","M","?","$","?","M","M","R","?","T","R","?","M","?","M","R","BOSS"],"build_version":"2019-01-23","purchased_purges":2,"victory":false,"max_hp_per_floor":[82,82,82,82,82,82,82,82,82,82,82,82,82,82,82,82,82,85,85,85,85,85,89,89,93,93,93,93,97,97,101,101,101],"card_choices":[{"not_picked":["Sword Boomerang","Rage"],"picked":"Wild Strike","floor":1.0},{"not_picked":["Shrug It Off","Pommel Strike"],"picked":"Anger","floor":2.0},{"not_picked":["Rage","Pommel Strike"],"picked":"Perfected Strike","floor":4.0},{"not_picked":["Anger","Fire Breathing"],"picked":"Twin Strike","floor":5.0},{"not_picked":["Infernal Blade","Feel No Pain"],"picked":"Metallicize","floor":7.0},{"not_picked":["Rampage","Cleave"],"picked":"Reaper","floor":12.0},{"not_picked":["Iron Wave","Heavy Blade"],"picked":"True Grit","floor":14.0},{"not_picked":["Exhume","Barricade"],"picked":"Feed","floor":16.0},{"not_picked":["Metallicize","Clash"],"picked":"Burning Pact","floor":18.0},{"not_picked":["Anger","Flex","Shockwave"],"picked":"SKIP","floor":22.0},{"not_picked":["Carnage","True Grit","Anger"],"picked":"SKIP","floor":23.0},{"not_picked":["Clothesline","Havoc+1","Combust"],"picked":"SKIP","floor":25.0},{"not_picked":["Pummel","Armaments+1","Perfected Strike"],"picked":"SKIP","floor":29.0},{"not_picked":["Wild Strike","Intimidate","Thunderclap"],"picked":"SKIP","floor":31.0}],"player_experience":4701444,"relics_obtained":[{"floor":7.0,"key":"Vajra"},{"floor":9.0,"key":"Tiny Chest"}],"event_choices":[{"damage_healed":0.0,"max_hp_gain":0.0,"max_hp_loss":0.0,"gold_gain":0.0,"event_name":"The Woman in Blue","player_choice":"Bought 3 Potions","floor":3.0,"gold_loss":0.0,"damage_taken":0.0},{"cards_removed":["Strike_R"],"damage_healed":0.0,"max_hp_gain":0.0,"max_hp_loss":0.0,"gold_gain":0.0,"event_name":"Golden Wing","player_choice":"Card Removal","floor":10.0,"gold_loss":0.0,"damage_taken":7.0},{"damage_healed":0.0,"max_hp_gain":0.0,"max_hp_loss":0.0,"gold_gain":0.0,"event_name":"Living Wall","player_choice":"Grow","floor":11.0,"gold_loss":0.0,"damage_taken":0.0,"cards_upgraded":["Flex"]},{"damage_healed":0.0,"max_hp_gain":0.0,"max_hp_loss":0.0,"gold_gain":0.0,"event_name":"The Library","player_choice":"Read","floor":19.0,"gold_loss":0.0,"damage_taken":0.0,"cards_obtained":["Armaments"]},{"damage_healed":0.0,"max_hp_gain":0.0,"max_hp_loss":0.0,"gold_gain":200.0,"event_name":"Wheel of Change","player_choice":"Gold","floor":21.0,"gold_loss":0.0,"damage_taken":0.0},{"damage_healed":0.0,"max_hp_gain":0.0,"max_hp_loss":0.0,"gold_gain":0.0,"event_name":"Masked Bandits","player_choice":"Paid Fearfully","floor":28.0,"gold_loss":250.0,"damage_taken":0.0},{"damage_healed":0.0,"max_hp_gain":0.0,"max_hp_loss":0.0,"gold_gain":0.0,"event_name":"Colosseum","player_choice":"Fight","floor":30.0,"gold_loss":0.0,"damage_taken":0.0},{"damage_healed":0.0,"max_hp_gain":0.0,"max_hp_loss":0.0,"gold_gain":0.0,"event_name":"Colosseum","player_choice":"Fled From Nobs","floor":30.0,"gold_loss":0.0,"damage_taken":0.0}],"is_beta":false,"boss_relics":[{"not_picked":["Pandora\u0027s Box","White Beast Statue"],"picked":"Runic Pyramid"}],"items_purged_floors":[8,20],"is_endless":false,"potions_floor_spawned":[4,7,12,16,23,25,29,30],"killed_by":"Automaton","ascension_level":20}