{"gold_per_floor":[110,125,50,50,68,68,68,68,68,68,86,100,135,35,35,35],"floor_reached":16,"playtime":120,"items_purged":["Strike_R","Strike_R"],"score":200,"play_id":"82314d12-0fb7-46c4-9926-e4f5c86b5446","local_time":"20190413024421","is_ascension_mode":true,"campfire_choices":[{"data":"Searing Blow","floor":6,"key":"SMITH"},{"data":"Searing Blow+1","floor":8,"key":"SMITH"},{"data":"Searing Blow+2","floor":10,"key":"SMITH"},{"data":"Searing Blow+3","floor":15,"key":"SMITH"}],"neow_cost":"NONE","seed_source_timestamp":97130451392700,"circlet_count":0,"master_deck":["AscendersBane","Strike_R","Strike_R+1","Strike_R","Defend_R","Defend_R","Defend_R","Defend_R+1","Bash","Infernal Blade","Searing Blow+4","Reaper","Thunderclap","Disarm"],"relics":["Burning Blood","NeowsBlessing","Shuriken","Vajra"],"potions_floor_usage":[],"damage_taken":[{"damage":0,"enemies":"Small Slimes","floor":1,"turns":1},{"damage":0,"enemies":"Jaw Worm","floor":2,"turns":1},{"damage":0,"enemies":"Cultist","floor":5,"turns":1},{"damage":14,"enemies":"Looter","floor":11,"turns":3},{"damage":14,"enemies":"Red Slaver","floor":12,"turns":2},{"damage":42,"enemies":"3 Sentries","floor":13,"turns":6},{"damage":31,"enemies":"Slime Boss","floor":16,"turns":4}],"seed_played":"-302350003424217816","potions_obtained":[{"floor":2,"key":"Poison Potion"},{"floor":13,"key":"SpeedPotion"}],"is_trial":false,"path_per_floor":["M","M","$","?","M","R","?","R","T","R","M","M","E","$","R","B"],"character_chosen":"IRONCLAD","items_purchased":[],"campfire_rested":0,"item_purchase_floors":[],"current_hp_per_floor":[74,75,75,52,58,58,58,58,58,58,54,50,29,29,29,0],"gold":35,"neow_bonus":"THREE_ENEMY_KILL","is_prod":false,"is_daily":false,"chose_seed":false,"campfire_upgraded":4,"win_rate":0,"timestamp":1555091061,"path_taken":["M","M","$","?","M","R","?","R","T","R","M","M","E","$","R","BOSS"],"build_version":"2019-01-23","purchased_purges":2,"victory":false,"max_hp_per_floor":[75,75,75,75,75,75,75,75,75,75,75,75,75,75,75,75],"card_choices":[{"not_picked":["Heavy Blade","True Grit"],"picked":"Infernal Blade","floor":1},{"not_picked":["Searing Blow","Thunderclap","Twin Strike"],"picked":"SKIP","floor":2},{"not_picked":["Thunderclap","Twin Strike"],"picked":"Searing Blow","floor":2},{"not_picked":["Intimidate","True Grit"],"picked":"Reaper","floor":5},{"not_picked":["Clothesline","Havoc"],"picked":"Thunderclap","floor":11},{"not_picked":["Havoc","True Grit"],"picked":"Disarm","floor":12},{"not_picked":["Perfected Strike","Intimidate","Headbutt"],"picked":"SKIP","floor":13}],"player_experience":4772560,"relics_obtained":[{"floor":9,"key":"Shuriken"},{"floor":13,"key":"Vajra"}],"event_choices":[{"damage_healed":0,"gold_gain":0,"player_choice":"Entered Light","damage_taken":23,"max_hp_gain":0,"max_hp_loss":0,"event_name":"Shining Light","floor":4,"gold_loss":0,"cards_upgraded":["Defend_R","Strike_R"]},{"damage_healed":0,"gold_gain":0,"player_choice":"Searched \u00270\u0027 times","damage_taken":0,"max_hp_gain":0,"max_hp_loss":0,"event_name":"Dead Adventurer","floor":7,"gold_loss":0}],"is_beta":false,"boss_relics":[],"items_purged_floors":[3,14],"is_endless":false,"potions_floor_spawned":[2,13],"killed_by":"Slime Boss","ascension_level":20}