{"gold_per_floor":[112,125,125,50,62,62,79,79,106,116,149,149,159,171,171,245,245,262,119,69,119,169,169,197,23,49,65,65,96,46,46,46,46],"floor_reached":33,"playtime":747,"items_purged":["Strike_G","Accuracy+1","Bouncing Flask"],"score":616,"play_id":"7a583753-9828-45e1-929e-bdfd48c6b982","local_time":"20190612023737","is_ascension_mode":true,"campfire_choices":[{"data":"Crippling Poison","floor":6.0,"key":"SMITH"},{"floor":12.0,"key":"REST"},{"data":"Noxious Fumes","floor":15.0,"key":"SMITH"},{"floor":23.0,"key":"REST"},{"floor":28.0,"key":"REST"},{"data":"Ghostly","floor":32.0,"key":"SMITH"}],"neow_cost":"TEN_PERCENT_HP_LOSS","seed_source_timestamp":1400099565624600,"circlet_count":0,"master_deck":["AscendersBane","Defend_G","Defend_G","Defend_G+1","Defend_G","Survivor","Neutralize","Noxious Fumes+1","Crippling Poison+1","Crippling Poison","Noxious Fumes+1","Bouncing Flask","PiercingWail","Malaise+1","Sucker Punch+1","After Image+1","Adrenaline","Night Terror","Ghostly+1","Ghostly","Ghostly"],"special_seed":0,"relics":["Ring of the Snake","Anchor","Smiling Mask","Astrolabe","Gremlin Horn","Prayer Wheel","Centennial Puzzle","War Paint"],"potions_floor_usage":[],"damage_taken":[{"damage":7.0,"enemies":"Jaw Worm","floor":1.0,"turns":6.0},{"damage":7.0,"enemies":"Cultist","floor":2.0,"turns":5.0},{"damage":4.0,"enemies":"2 Louse","floor":5.0,"turns":3.0},{"damage":7.0,"enemies":"Red Slaver","floor":7.0,"turns":5.0},{"damage":13.0,"enemies":"Large Slime","floor":10.0,"turns":4.0},{"damage":0.0,"enemies":"Lagavulin","floor":11.0,"turns":7.0},{"damage":3.0,"enemies":"Exordium Thugs","floor":13.0,"turns":4.0},{"damage":6.0,"enemies":"3 Louse","floor":14.0,"turns":3.0},{"damage":15.0,"enemies":"The Guardian","floor":16.0,"turns":8.0},{"damage":6.0,"enemies":"3 Byrds","floor":18.0,"turns":5.0},{"damage":31.0,"enemies":"Slavers","floor":24.0,"turns":4.0},{"damage":3.0,"enemies":"Chosen","floor":27.0,"turns":6.0},{"damage":35.0,"enemies":"Book of Stabbing","floor":29.0,"turns":7.0},{"damage":43,"enemies":"Automaton","floor":33,"turns":6}],"seed_played":"676058738508853085","potions_obtained":[{"floor":1.0,"key":"Dexterity Potion"},{"floor":7.0,"key":"Fire Potion"},{"floor":11.0,"key":"Swift Potion"},{"floor":14.0,"key":"PowerPotion"},{"floor":18.0,"key":"AttackPotion"}],"is_trial":false,"path_per_floor":["M","M","?","$","M","R","M","?","T","M","E","R","M","M","R","B",null,"M","?","$","?","?","R","E","$","T","M","R","E","$","?","R","B"],"character_chosen":"THE_SILENT","items_purchased":["Adrenaline"],"campfire_rested":3,"item_purchase_floors":[25],"current_hp_per_floor":[52,45,45,45,41,41,34,34,34,21,21,39,36,30,30,15,49,43,43,43,43,37,55,24,24,24,21,39,4,4,4,4,0],"gold":46,"neow_bonus":"REMOVE_TWO","is_prod":false,"is_daily":false,"chose_seed":false,"campfire_upgraded":3,"win_rate":0,"timestamp":1560274657,"path_taken":["M","M","?","$","M","R","?","?","T","?","E","R","M","M","R","BOSS","M","?","?","?","?","R","E","$","T","?","R","E","$","?","R","BOSS"],"build_version":"2019-01-23","purchased_purges":3,"victory":false,"max_hp_per_floor":[60,60,60,60,60,60,60,60,60,60,60,60,60,60,60,60,60,60,60,60,60,60,60,60,60,60,60,60,60,60,30,30,30],"card_choices":[{"not_picked":["Concentrate","Catalyst"],"picked":"Noxious Fumes","floor":1.0},{"not_picked":["Concentrate","Outmaneuver"],"picked":"Bouncing Flask","floor":2.0},{"not_picked":["Escape Plan","Concentrate"],"picked":"Crippling Poison","floor":5.0},{"not_picked":["Blade Dance","Sucker Punch"],"picked":"Crippling Poison","floor":7.0},{"not_picked":["Dagger Throw","Dagger Spray"],"picked":"Noxious Fumes","floor":10.0},{"not_picked":["Noxious Fumes","Riddle With Holes"],"picked":"Bouncing Flask","floor":11.0},{"not_picked":["Caltrops","Acrobatics"],"picked":"PiercingWail","floor":13.0},{"not_picked":["Choke","Bane","Outmaneuver"],"picked":"SKIP","floor":14.0},{"not_picked":["Choke","Bane","Outmaneuver"],"picked":"SKIP","floor":14.0},{"not_picked":["A Thousand Cuts","Storm of Steel"],"picked":"Malaise","floor":16.0},{"not_picked":["Underhanded Strike+1","Quick Slash+1","Outmaneuver"],"picked":"SKIP","floor":18.0},{"not_picked":["Eviscerate","Heel Hook","Blade Dance"],"picked":"SKIP","floor":24.0},{"not_picked":["Eviscerate","Deflect","Quick Slash"],"picked":"SKIP","floor":27.0},{"not_picked":["Distraction","Bouncing Flask","Underhanded Strike"],"picked":"SKIP","floor":27.0},{"not_picked":["Choke","Skewer+1"],"picked":"Night Terror","floor":29.0}],"player_experience":5335765,"relics_obtained":[{"floor":9.0,"key":"Anchor"},{"floor":11.0,"key":"Smiling Mask"},{"floor":24.0,"key":"Prayer Wheel"},{"floor":26.0,"key":"Centennial Puzzle"},{"floor":29.0,"key":"War Paint"}],"event_choices":[{"damage_healed":0.0,"max_hp_gain":0.0,"max_hp_loss":0.0,"gold_gain":0.0,"event_name":"Upgrade Shrine","player_choice":"Upgraded","floor":3.0,"gold_loss":0.0,"damage_taken":0.0,"cards_upgraded":["Noxious Fumes"]},{"damage_healed":0.0,"max_hp_gain":0.0,"max_hp_loss":0.0,"gold_gain":0.0,"event_name":"Match and Keep!","player_choice":"0 cards matched","floor":8.0,"gold_loss":0.0,"damage_taken":0.0,"cards_obtained":[]},{"damage_healed":0.0,"max_hp_gain":0.0,"max_hp_loss":0.0,"gold_gain":0.0,"event_name":"WeMeetAgain","player_choice":"Paid Gold","floor":19.0,"gold_loss":143.0,"damage_taken":0.0,"relics_obtained":["Gremlin Horn"]},{"damage_healed":0.0,"max_hp_gain":0.0,"max_hp_loss":0.0,"gold_gain":50.0,"event_name":"Nest","player_choice":"Stole From Cult","floor":21.0,"gold_loss":0.0,"damage_taken":0.0},{"damage_healed":0.0,"max_hp_gain":0.0,"max_hp_loss":0.0,"gold_gain":50.0,"event_name":"FaceTrader","player_choice":"Touch","floor":22.0,"gold_loss":0.0,"damage_taken":6.0},{"damage_healed":0.0,"max_hp_gain":0.0,"max_hp_loss":30.0,"gold_gain":0.0,"event_name":"Ghosts","player_choice":"Became a Ghost","floor":31.0,"gold_loss":0.0,"damage_taken":0.0,"cards_obtained":["Ghostly","Ghostly","Ghostly"]}],"is_beta":false,"boss_relics":[{"not_picked":["Eternal Feather","Orrery"],"picked":"Astrolabe"}],"items_purged_floors":[4,20,30],"is_endless":false,"potions_floor_spawned":[1,7,11,14,18],"killed_by":"Automaton","ascension_level":20}