{"gold_per_floor":[109,127,145,145,220,220,246,246,297,310,25,25,41,76,76,148,148,165,90,115,40,56,56,82,82,132,186,186,212,225,236,236,315,315,333,333,385,399,499,499,512,540,540,540,540,575,585,618,618,618,618,618,618,37,66,66],"floor_reached":57,"playtime":2812,"items_purged":["Searing Blow","Hemokinesis+1"],"score":2772,"play_id":"70af79ff-ed49-44bd-8f4b-0e1752cead25","local_time":"20190720005222","is_ascension_mode":true,"campfire_choices":[{"data":"Armaments","floor":6,"key":"SMITH"},{"floor":8,"key":"REST"},{"data":"Hemokinesis","floor":12,"key":"SMITH"},{"data":"Battle Trance","floor":15,"key":"SMITH"},{"floor":23,"key":"REST"},{"data":"Demon Form","floor":32,"key":"SMITH"},{"floor":40,"key":"RECALL"},{"data":"Evolve","floor":45,"key":"SMITH"},{"data":"Offering","floor":49,"key":"SMITH"},{"data":"Dual Wield","floor":53,"key":"SMITH"}],"neow_cost":"NONE","seed_source_timestamp":800718179768600,"circlet_count":0,"master_deck":["AscendersBane","Bash+1","Flame Barrier+1","Combust","Armaments+1","Disarm","Battle Trance+1","Feed","Spot Weakness","Sword Boomerang","True Grit","Evolve+1","Body Slam","Intimidate","Reaper","Demon Form+1","Offering+1","Reaper","Madness","Madness","Flame Barrier+1","Dual Wield+1","Second Wind","Evolve"],"relics":["Burning Blood","War Paint","Bronze Scales","Meat on the Bone","Lantern","Pandora\u0027s Box","Red Mask","Red Skull","Strawberry","Whetstone","Singing Bowl","Philosopher\u0027s Stone","Ice Cream","StoneCalendar","Juzu Bracelet","Question Card","Oddly Smooth Stone","Dead Branch","Charon\u0027s Ashes"],"potions_floor_usage":[7,14,16,16,29,37,56,56],"damage_taken":[{"damage":10,"enemies":"Small Slimes","floor":1,"turns":5},{"damage":7,"enemies":"Jaw Worm","floor":2,"turns":4},{"damage":6,"enemies":"2 Louse","floor":3,"turns":2},{"damage":30,"enemies":"Gremlin Nob","floor":7,"turns":4},{"damage":4,"enemies":"Large Slime","floor":10,"turns":4},{"damage":2,"enemies":"Looter","floor":13,"turns":3},{"damage":23,"enemies":"Lagavulin","floor":14,"turns":6},{"damage":3,"enemies":"The Guardian","floor":16,"turns":12},{"damage":0,"enemies":"3 Byrds","floor":18,"turns":3},{"damage":21,"enemies":"Masked Bandits","floor":20,"turns":3},{"damage":26,"enemies":"2 Thieves","floor":22,"turns":3},{"damage":60,"enemies":"Gremlin Leader","floor":24,"turns":8},{"damage":38,"enemies":"Book of Stabbing","floor":29,"turns":4},{"damage":14,"enemies":"Shelled Parasite and Fungi","floor":30,"turns":4},{"damage":24,"enemies":"3 Cultists","floor":31,"turns":4},{"damage":73,"enemies":"Champ","floor":33,"turns":9},{"damage":8,"enemies":"Orb Walker","floor":35,"turns":3},{"damage":55,"enemies":"2 Orb Walkers","floor":37,"turns":4},{"damage":12,"enemies":"3 Shapes","floor":38,"turns":6},{"damage":6,"enemies":"Mind Bloom Boss Battle","floor":39,"turns":6},{"damage":48,"enemies":"Spire Growth","floor":41,"turns":4},{"damage":105,"enemies":"Reptomancer","floor":42,"turns":7},{"damage":30,"enemies":"Nemesis","floor":46,"turns":5},{"damage":54,"enemies":"Sphere and 2 Shapes","floor":47,"turns":5},{"damage":92,"enemies":"Giant Head","floor":48,"turns":6},{"damage":135,"enemies":"Donu and Deca","floor":50,"turns":9},{"damage":123,"enemies":"Time Eater","floor":51,"turns":9},{"damage":112,"enemies":"Shield and Spear","floor":55,"turns":6},{"damage":181,"enemies":"The Heart","floor":56,"turns":8}],"seed_played":"9105127985205478755","potions_obtained":[{"floor":1,"key":"Poison Potion"},{"floor":7,"key":"FearPotion"},{"floor":10,"key":"Ancient Potion"},{"floor":14,"key":"SteroidPotion"},{"floor":18,"key":"SneckoOil"},{"floor":24,"key":"GamblersBrew"},{"floor":30,"key":"Weak Potion"},{"floor":31,"key":"Swift Potion"},{"floor":38,"key":"Ancient Potion"},{"floor":46,"key":"FairyPotion"}],"is_trial":false,"path_per_floor":["M","M","M","?","?","R","E","R","T","M","$","R","M","E","R","B",null,"M","?","?","$","M","R","E","?","T","T","?","E","M","M","R","B",null,"M","?","?","M","?","R","M","E","T","?","R","E","M","E","R","B","B",null,"R","$","E","B",null],"character_chosen":"IRONCLAD","items_purchased":["Meat on the Bone","Dead Branch","Second Wind","SpeedPotion"],"campfire_rested":2,"item_purchase_floors":[11,54,54,54],"current_hp_per_floor":[71,70,70,45,34,34,10,34,34,36,36,36,52,47,47,50,74,83,83,71,71,51,77,35,35,42,42,42,27,45,58,58,42,89,89,70,68,96,121,121,101,95,95,95,95,121,116,78,78,97,141,143,143,143,143,31],"gold":66,"neow_bonus":"TEN_PERCENT_HP_BONUS","is_prod":false,"is_daily":false,"chose_seed":false,"campfire_upgraded":7,"win_rate":0,"timestamp":1563551542,"path_taken":["M","M","M","?","?","R","E","R","T","M","?","R","M","E","R","BOSS","M","?","?","$","M","R","E","?","T","?","?","E","M","M","R","BOSS","M","?","?","M","?","R","M","E","T","?","R","E","M","E","R","BOSS","BOSS","R","$","E","BOSS"],"build_version":"2019-07-17","purchased_purges":2,"victory":true,"max_hp_per_floor":[82,82,82,82,82,82,82,82,82,82,82,82,82,82,82,82,82,85,85,88,88,88,88,88,88,95,95,95,100,102,105,105,105,105,107,107,112,116,121,121,121,126,126,126,126,132,137,139,139,139,143,143,143,143,143,143],"card_choices":[{"not_picked":["Clothesline","Warcry"],"picked":"Flame Barrier","floor":1},{"not_picked":["Body Slam","Havoc"],"picked":"Combust","floor":2},{"not_picked":["Twin Strike","Clash"],"picked":"Armaments","floor":3},{"not_picked":["Havoc","Twin Strike"],"picked":"Hemokinesis","floor":7},{"not_picked":["Whirlwind","Headbutt","Iron Wave"],"picked":"SKIP","floor":10},{"not_picked":["Thunderclap","Searing Blow"],"picked":"Disarm","floor":13},{"not_picked":["Blood for Blood","Flex"],"picked":"Battle Trance","floor":14},{"not_picked":["Fiend Fire","Limit Break"],"picked":"Feed","floor":16},{"not_picked":["Rampage","Cleave"],"picked":"Body Slam","floor":18},{"not_picked":["Iron Wave","Corruption+1","Clothesline"],"picked":"SKIP","floor":22},{"not_picked":["Iron Wave","Rampage"],"picked":"Intimidate","floor":24},{"not_picked":["True Grit","Perfected Strike","Spot Weakness"],"picked":"Singing Bowl","floor":29},{"not_picked":["Clash","Wild Strike","Bloodletting"],"picked":"Singing Bowl","floor":30},{"not_picked":["Inflame","Clash"],"picked":"Offering","floor":31},{"not_picked":["Immolate","Berserk"],"picked":"Reaper","floor":33},{"not_picked":["Heavy Blade","Anger+1","Pommel Strike"],"picked":"Singing Bowl","floor":35},{"not_picked":["Twin Strike","Clothesline","Ghostly Armor+1"],"picked":"Singing Bowl","floor":37},{"not_picked":["Clothesline","Iron Wave+1"],"picked":"Flame Barrier+1","floor":38},{"not_picked":["Armaments","Wild Strike","Hemokinesis"],"picked":"Singing Bowl","floor":39},{"not_picked":["Feel No Pain","Warcry"],"picked":"Dual Wield","floor":41},{"not_picked":["Rupture","Wild Strike+1","Thunderclap"],"picked":"SKIP","floor":42},{"not_picked":["Rupture","Wild Strike+1","Thunderclap"],"picked":"Singing Bowl","floor":42},{"not_picked":["Headbutt","Rupture+1","Wild Strike"],"picked":"Singing Bowl","floor":46},{"not_picked":["Wild Strike","Iron Wave","Berserk","Headbutt+1"],"picked":"Singing Bowl","floor":47},{"not_picked":["Wild Strike","Cleave","Sword Boomerang","Rage"],"picked":"Singing Bowl","floor":48},{"not_picked":["Battle Trance+1","Pommel Strike","Clash"],"picked":"Evolve","floor":55}],"player_experience":5748482,"relics_obtained":[{"floor":7,"key":"War Paint"},{"floor":9,"key":"Bronze Scales"},{"floor":14,"key":"Lantern"},{"floor":20,"key":"Red Mask"},{"floor":24,"key":"Red Skull"},{"floor":26,"key":"Strawberry"},{"floor":27,"key":"Whetstone"},{"floor":29,"key":"Singing Bowl"},{"floor":37,"key":"Ice Cream"},{"floor":39,"key":"StoneCalendar"},{"floor":42,"key":"Juzu Bracelet"},{"floor":46,"key":"Question Card"},{"floor":48,"key":"Oddly Smooth Stone"},{"floor":55,"key":"Charon\u0027s Ashes"}],"event_choices":[{"damage_healed":0,"gold_gain":0,"player_choice":"Entered Light","damage_taken":25,"max_hp_gain":0,"max_hp_loss":0,"event_name":"Shining Light","floor":4,"gold_loss":0,"cards_upgraded":["Strike_R","Strike_R"]},{"damage_healed":0,"gold_gain":75,"player_choice":"Gather Gold","damage_taken":11,"max_hp_gain":0,"max_hp_loss":0,"event_name":"World of Goop","floor":5,"gold_loss":0},{"cards_removed":["Searing Blow"],"damage_healed":0,"gold_gain":0,"player_choice":"Gave Gold","damage_taken":0,"max_hp_gain":0,"max_hp_loss":0,"event_name":"Beggar","floor":19,"gold_loss":75},{"damage_healed":0,"gold_gain":0,"player_choice":"Fought Bandits","damage_taken":0,"max_hp_gain":0,"max_hp_loss":0,"event_name":"Masked Bandits","floor":20,"gold_loss":0},{"damage_healed":0,"gold_gain":0,"player_choice":"Ignored","damage_taken":0,"max_hp_gain":0,"max_hp_loss":0,"event_name":"The Mausoleum","floor":25,"gold_loss":0},{"damage_healed":0,"gold_gain":0,"cards_transformed":["Hemokinesis","Heavy Blade"],"player_choice":"Became Test Subject","damage_taken":0,"max_hp_gain":0,"max_hp_loss":0,"event_name":"Drug Dealer","floor":28,"gold_loss":0,"cards_obtained":["Reaper","Demon Form"]},{"damage_healed":0,"gold_gain":0,"player_choice":"Embrace Madness","damage_taken":19,"max_hp_gain":0,"max_hp_loss":0,"event_name":"Winding Halls","floor":36,"gold_loss":0,"cards_obtained":["Madness","Madness"]},{"damage_healed":0,"gold_gain":0,"player_choice":"Fight","damage_taken":0,"max_hp_gain":0,"max_hp_loss":0,"event_name":"Mysterious Sphere","floor":37,"gold_loss":0},{"damage_healed":0,"gold_gain":0,"player_choice":"Fight","damage_taken":0,"max_hp_gain":0,"max_hp_loss":0,"event_name":"MindBloom","floor":39,"gold_loss":0},{"cards_removed":["Sever Soul"],"damage_healed":0,"gold_gain":0,"player_choice":"Removed Attack","damage_taken":0,"max_hp_gain":0,"max_hp_loss":0,"event_name":"Falling","floor":44,"gold_loss":0}],"is_beta":false,"boss_relics":[{"not_picked":["Fusion Hammer","Black Star"],"picked":"Pandora\u0027s Box"},{"not_picked":["Lizard Tail","Orrery"],"picked":"Philosopher\u0027s Stone"}],"items_purged_floors":[21,54],"is_endless":false,"potions_floor_spawned":[1,7,10,14,18,24,30,31,33,35,38,42,46,48,55],"ascension_level":20}