{"gold_per_floor":[116,116,136,211,57,57,107,107,107,107,119,134,134],"floor_reached":13,"playtime":363,"items_purged":["Strike_G"],"score":146,"play_id":"0ce51593-4877-4364-b668-015d1daec722","local_time":"20190717012026","is_ascension_mode":true,"campfire_choices":[{"data":"Prepared","floor":6.0,"key":"SMITH"},{"data":"Tactician","floor":8.0,"key":"SMITH"},{"data":"Neutralize","floor":10.0,"key":"SMITH"}],"neow_cost":"TEN_PERCENT_HP_LOSS","seed_source_timestamp":545588512264200,"circlet_count":0,"master_deck":["AscendersBane","Strike_G","Strike_G","Strike_G","Defend_G","Defend_G","Defend_G","Survivor","Neutralize+1","Prepared+1","Finisher","Tactician+1","Terror","Acrobatics"],"special_seed":0,"relics":["Ring of the Snake"],"potions_floor_usage":[13],"damage_taken":[{"damage":3.0,"enemies":"Jaw Worm","floor":1.0,"turns":4.0},{"damage":2.0,"enemies":"2 Louse","floor":3.0,"turns":4.0},{"damage":0.0,"enemies":"Cultist","floor":11.0,"turns":3.0},{"damage":1.0,"enemies":"Large Slime","floor":12.0,"turns":5.0},{"damage":34,"enemies":"3 Sentries","floor":13,"turns":9}],"seed_played":"-8338669917033908422","potions_obtained":[{"floor":12.0,"key":"EssenceOfSteel"}],"is_trial":false,"path_per_floor":["M","?","M","?","$","R","?","R","T","R","M","M","E"],"character_chosen":"THE_SILENT","items_purchased":["Tactician"],"campfire_rested":0,"item_purchase_floors":[5],"current_hp_per_floor":[56,56,54,43,43,43,37,37,37,37,37,36,2],"gold":134,"neow_bonus":"REMOVE_TWO","is_prod":false,"is_daily":false,"chose_seed":false,"campfire_upgraded":3,"win_rate":0,"timestamp":1563294026,"path_taken":["M","?","M","?","?","R","?","R","T","R","M","?","E"],"build_version":"2019-07-05","purchased_purges":1,"victory":false,"max_hp_per_floor":[60,60,60,60,60,60,60,60,60,60,60,60,60],"card_choices":[{"not_picked":["PiercingWail","Blade Dance"],"picked":"Prepared","floor":1.0},{"not_picked":["Cloak And Dagger","Quick Slash"],"picked":"Finisher","floor":3.0},{"not_picked":["All Out Attack","Blade Dance"],"picked":"Terror","floor":11.0},{"not_picked":["All Out Attack","Sucker Punch"],"picked":"Acrobatics","floor":12.0}],"player_experience":5713800,"relics_obtained":[],"event_choices":[{"cards_removed":["Defend_G"],"damage_healed":0.0,"max_hp_gain":0.0,"max_hp_loss":0.0,"gold_gain":0.0,"event_name":"Living Wall","player_choice":"Forget","floor":2.0,"gold_loss":0.0,"damage_taken":0.0},{"damage_healed":0.0,"max_hp_gain":0.0,"max_hp_loss":0.0,"gold_gain":75.0,"event_name":"World of Goop","player_choice":"Gather Gold","floor":4.0,"gold_loss":0.0,"damage_taken":11.0},{"damage_healed":0.0,"max_hp_gain":0.0,"max_hp_loss":0.0,"gold_gain":50.0,"event_name":"FaceTrader","player_choice":"Touch","floor":7.0,"gold_loss":0.0,"damage_taken":6.0}],"is_beta":false,"boss_relics":[],"items_purged_floors":[5],"is_endless":false,"potions_floor_spawned":[12],"killed_by":"3 Sentries","ascension_level":20}