{"gold_per_floor":[116,131,145,159,172,203,203,216,216,216,216,248,24,35,35,35],"floor_reached":16,"playtime":547,"items_purged":["Doubt"],"score":253,"play_id":"2ed265b7-1da2-4671-bc5a-e8d8bafd6b63","local_time":"20190324023800","is_ascension_mode":true,"campfire_choices":[{"floor":7,"key":"REST"},{"data":"Armaments","floor":15,"key":"SMITH"}],"neow_cost":"NONE","seed_source_timestamp":873998737123600,"circlet_count":0,"master_deck":["AscendersBane","Strike_R","Strike_R","Strike_R","Strike_R","Defend_R","Defend_R","Defend_R","Defend_R","Bash","Feed","Infernal Blade","Armaments+1","Seeing Red","Shrug It Off","Intimidate","Shockwave","Spot Weakness","Exhume","Trip","Dropkick"],"relics":["Burning Blood","Bag of Marbles","Paper Frog"],"potions_floor_usage":[6,12,12,16],"damage_taken":[{"damage":3,"enemies":"2 Louse","floor":1,"turns":5},{"damage":21,"enemies":"Jaw Worm","floor":2,"turns":6},{"damage":7,"enemies":"Cultist","floor":3,"turns":4},{"damage":25,"enemies":"Exordium Thugs","floor":4,"turns":4},{"damage":15,"enemies":"3 Louse","floor":5,"turns":5},{"damage":32,"enemies":"Gremlin Nob","floor":6,"turns":4},{"damage":11,"enemies":"2 Fungi Beasts","floor":8,"turns":3},{"damage":20,"enemies":"3 Sentries","floor":12,"turns":8},{"damage":12,"enemies":"Lots of Slimes","floor":14,"turns":4},{"damage":23,"enemies":"Hexaghost","floor":16,"turns":9}],"seed_played":"4212692169113189350","potions_obtained":[{"floor":1,"key":"Dexterity Potion"},{"floor":3,"key":"SteroidPotion"},{"floor":6,"key":"GamblersBrew"},{"floor":12,"key":"SkillPotion"}],"is_trial":false,"path_per_floor":["M","M","M","M","M","E","R","M","T","?","?","E","$","M","R","B"],"character_chosen":"IRONCLAD","items_purchased":["Trip","Dropkick"],"campfire_rested":1,"item_purchase_floors":[13,13],"current_hp_per_floor":[74,62,65,50,44,18,45,43,43,36,36,22,22,19,19,0],"gold":35,"neow_bonus":"ONE_RANDOM_RARE_CARD","is_prod":false,"is_daily":false,"chose_seed":false,"campfire_upgraded":1,"win_rate":0,"timestamp":1553362680,"path_taken":["M","M","M","M","M","E","R","M","T","?","?","E","$","M","R","BOSS"],"build_version":"2019-01-23","purchased_purges":1,"victory":false,"max_hp_per_floor":[78,81,85,89,92,92,92,95,95,95,95,95,95,98,98,98],"card_choices":[{"not_picked":["Second Wind","Clash"],"picked":"Infernal Blade","floor":1},{"not_picked":["Flame Barrier","Perfected Strike"],"picked":"Armaments","floor":2},{"not_picked":["Havoc","Pummel"],"picked":"Seeing Red","floor":3},{"not_picked":["Headbutt","True Grit"],"picked":"Shrug It Off","floor":4},{"not_picked":["Flame Barrier","Heavy Blade"],"picked":"Intimidate","floor":5},{"not_picked":["True Grit","Wild Strike","Intimidate"],"picked":"SKIP","floor":6},{"not_picked":["Anger","Rage"],"picked":"Shockwave","floor":8},{"not_picked":["Armaments","Power Through","Sever Soul"],"picked":"SKIP","floor":12},{"not_picked":["Clothesline","Shockwave","Infernal Blade"],"picked":"SKIP","floor":14}],"player_experience":4607168,"relics_obtained":[{"floor":6,"key":"Bag of Marbles"},{"floor":12,"key":"Paper Frog"}],"event_choices":[{"cards_removed":["Strike_R"],"damage_healed":0,"gold_gain":0,"player_choice":"Card Removal","damage_taken":7,"max_hp_gain":0,"max_hp_loss":0,"event_name":"Golden Wing","floor":10,"gold_loss":0},{"damage_healed":0,"gold_gain":0,"player_choice":"3 cards matched","damage_taken":0,"max_hp_gain":0,"max_hp_loss":0,"event_name":"Match and Keep!","floor":11,"gold_loss":0,"cards_obtained":["Doubt","Spot Weakness","Exhume"]}],"is_beta":false,"boss_relics":[],"items_purged_floors":[13],"is_endless":false,"potions_floor_spawned":[1,3,6,8,12],"killed_by":"Hexaghost","ascension_level":20}