{"gold_per_floor":[114,130,130,130,148,148,189,213,238,281,241,2,2,20,20,116,116,135,156,69,69],"floor_reached":21,"playtime":502,"items_purged":["Strike_R"],"score":478,"play_id":"1776df8b-ab99-4049-8519-505056574a59","local_time":"20190604004823","is_ascension_mode":true,"campfire_choices":[{"data":"Armaments","floor":6,"key":"SMITH"},{"data":"Blood for Blood","floor":13,"key":"SMITH"},{"data":"Rage","floor":15,"key":"SMITH"}],"neow_cost":"NONE","seed_source_timestamp":702670749913700,"circlet_count":0,"master_deck":["AscendersBane","Strike_R","Strike_R","Strike_R","Strike_R","Defend_R","Defend_R","Defend_R","Defend_R","Bash","Double Tap","Armaments+1","Perfected Strike","Perfected Strike","Feed","Blood for Blood+1","Spot Weakness","Rage+1","Barricade","Body Slam+1","Dropkick+1","Corruption"],"relics":["Burning Blood","Golden Idol","Vajra","Strawberry","Potion Belt","Oddly Smooth Stone","White Beast Statue"],"potions_floor_usage":[7,16,16,16,16,16,16,18,18,21],"damage_taken":[{"damage":10,"enemies":"Small Slimes","floor":1,"turns":3},{"damage":2,"enemies":"Jaw Worm","floor":2,"turns":6},{"damage":1,"enemies":"Cultist","floor":5,"turns":3},{"damage":6,"enemies":"Gremlin Nob","floor":7,"turns":3},{"damage":11,"enemies":"Exordium Wildlife","floor":8,"turns":5},{"damage":20,"enemies":"3 Sentries","floor":10,"turns":6},{"damage":17,"enemies":"Red Slaver","floor":14,"turns":4},{"damage":2,"enemies":"Slime Boss","floor":16,"turns":3},{"damage":12,"enemies":"3 Byrds","floor":18,"turns":2},{"damage":47,"enemies":"Shell Parasite","floor":19,"turns":6},{"damage":32,"enemies":"Snake Plant","floor":21,"turns":3}],"seed_played":"4241876120778542556","potions_obtained":[{"floor":2,"key":"Weak Potion"},{"floor":7,"key":"SkillPotion"},{"floor":10,"key":"EssenceOfSteel"},{"floor":11,"key":"EntropicBrew"},{"floor":11,"key":"AttackPotion"},{"floor":11,"key":"Energy Potion"},{"floor":14,"key":"PowerPotion"},{"floor":16,"key":"Dexterity Potion"},{"floor":18,"key":"Swift Potion"},{"floor":19,"key":"Explosive Potion"}],"is_trial":false,"path_per_floor":["M","M","?","?","M","R","E","M","T","E","?","$","R","M","R","B",null,"M","M","$","M"],"character_chosen":"IRONCLAD","items_purchased":["Oddly Smooth Stone","Corruption"],"campfire_rested":0,"item_purchase_floors":[12,20],"current_hp_per_floor":[64,68,73,45,50,50,50,45,52,41,41,41,41,30,30,34,76,70,29,29,0],"gold":69,"neow_bonus":"ONE_RANDOM_RARE_CARD","is_prod":false,"is_daily":false,"chose_seed":false,"campfire_upgraded":3,"win_rate":0,"timestamp":1559576903,"path_taken":["M","M","?","?","M","R","E","?","T","E","?","$","R","M","R","BOSS","M","M","$","M"],"build_version":"2019-01-23","purchased_purges":1,"victory":false,"max_hp_per_floor":[75,75,80,80,80,80,80,80,87,90,90,90,90,90,90,90,90,90,90,90,90],"card_choices":[{"not_picked":["Twin Strike","Headbutt"],"picked":"Armaments","floor":1},{"not_picked":["Heavy Blade","Thunderclap"],"picked":"Perfected Strike","floor":2},{"not_picked":["True Grit","Armaments"],"picked":"Perfected Strike","floor":5},{"not_picked":["Disarm","Clash"],"picked":"Feed","floor":7},{"not_picked":["Warcry","Combust"],"picked":"Blood for Blood","floor":8},{"not_picked":["Shrug It Off","True Grit"],"picked":"Spot Weakness","floor":10},{"not_picked":["Disarm","Heavy Blade"],"picked":"Rage","floor":14},{"not_picked":["Bludgeon","Limit Break"],"picked":"Barricade","floor":16},{"not_picked":["Evolve","Corruption"],"picked":"Body Slam+1","floor":18},{"not_picked":["Twin Strike","Uppercut"],"picked":"Dropkick+1","floor":19}],"player_experience":5262036,"relics_obtained":[{"floor":7,"key":"Vajra"},{"floor":9,"key":"Strawberry"},{"floor":10,"key":"Potion Belt"}],"event_choices":[{"damage_healed":0,"gold_gain":0,"player_choice":"Donut","damage_taken":0,"max_hp_gain":5,"max_hp_loss":0,"event_name":"Big Fish","floor":3,"gold_loss":0},{"damage_healed":0,"gold_gain":0,"player_choice":"Take Damage","damage_taken":28,"relics_obtained":["Golden Idol"],"max_hp_gain":0,"max_hp_loss":0,"event_name":"Golden Idol","floor":4,"gold_loss":0},{"damage_healed":0,"gold_gain":0,"player_choice":"Bought 3 Potions","damage_taken":0,"max_hp_gain":0,"max_hp_loss":0,"event_name":"The Woman in Blue","floor":11,"gold_loss":0}],"is_beta":false,"boss_relics":[{"not_picked":["Runic Cube","Black Blood"],"picked":"White Beast Statue"}],"items_purged_floors":[12],"is_endless":false,"potions_floor_spawned":[2,7,10,14,16,18,19],"killed_by":"Snake Plant","ascension_level":20}