{"gold_per_floor":[114,129,129,141,151,151,168,200,200,213,224,240,254,6,6,6],"floor_reached":16,"playtime":424,"items_purged":[],"score":216,"play_id":"47181a1d-dd0b-473b-afd7-9811bfae5a86","local_time":"20190710234926","is_ascension_mode":true,"campfire_choices":[{"data":"Blood for Blood","floor":6,"key":"SMITH"},{"floor":15,"key":"REST"}],"neow_cost":"NONE","seed_source_timestamp":21748739837700,"circlet_count":0,"master_deck":["AscendersBane","Strike_R","Strike_R","Strike_R","Strike_R","Strike_R","Defend_R","Defend_R","Defend_R","Defend_R","Bash+1","Cleave","Blood for Blood+1","Rage","Thunderclap","Uppercut","Perfected Strike","Headbutt","Battle Trance","Feel No Pain","Uppercut","Perfected Strike","Twin Strike","Clash","Power Through"],"relics":["Burning Blood","GremlinMask","Prayer Wheel","Letter Opener","Bag of Marbles"],"potions_floor_usage":[8,8,8,13,16],"damage_taken":[{"damage":2,"enemies":"Jaw Worm","floor":1,"turns":6},{"damage":1,"enemies":"Cultist","floor":2,"turns":3},{"damage":2,"enemies":"2 Louse","floor":4,"turns":3},{"damage":16,"enemies":"Blue Slaver","floor":5,"turns":6},{"damage":6,"enemies":"Large Slime","floor":7,"turns":6},{"damage":8,"enemies":"Gremlin Nob","floor":8,"turns":3},{"damage":7,"enemies":"Red Slaver","floor":10,"turns":3},{"damage":11,"enemies":"Blue Slaver","floor":11,"turns":4},{"damage":22,"enemies":"Large Slime","floor":12,"turns":6},{"damage":25,"enemies":"Lots of Slimes","floor":13,"turns":4},{"damage":45,"enemies":"The Guardian","floor":16,"turns":8}],"seed_played":"-3041798018108577535","potions_obtained":[{"floor":1,"key":"EntropicBrew"},{"floor":5,"key":"Explosive Potion"},{"floor":8,"key":"Weak Potion"}],"is_trial":false,"path_per_floor":["M","M","?","M","M","R","M","E","T","M","M","M","M","$","R","B"],"character_chosen":"IRONCLAD","items_purchased":["Bag of Marbles","Power Through"],"campfire_rested":1,"item_purchase_floors":[14,14],"current_hp_per_floor":[72,75,75,75,65,65,65,63,63,62,57,41,22,22,44,0],"gold":6,"neow_bonus":"UPGRADE_CARD","is_prod":false,"is_daily":false,"chose_seed":false,"campfire_upgraded":1,"win_rate":0,"timestamp":1562770166,"path_taken":["M","M","?","M","M","R","M","E","T","?","M","M","M","$","R","BOSS"],"build_version":"2019-07-05","purchased_purges":0,"victory":false,"max_hp_per_floor":[75,75,75,75,75,75,75,75,75,75,75,75,75,75,75,75],"card_choices":[{"not_picked":["Sever Soul","Shockwave"],"picked":"Cleave","floor":1},{"not_picked":["Body Slam","Bloodletting"],"picked":"Blood for Blood","floor":2},{"not_picked":["Dropkick","Thunderclap"],"picked":"Rage","floor":4},{"not_picked":["Seeing Red","Cleave"],"picked":"Thunderclap","floor":5},{"not_picked":["Disarm","Seeing Red"],"picked":"Uppercut","floor":7},{"not_picked":["Spot Weakness","Pommel Strike"],"picked":"Perfected Strike","floor":8},{"not_picked":["Hemokinesis","True Grit"],"picked":"Headbutt","floor":10},{"not_picked":["Entrench","Body Slam"],"picked":"Battle Trance","floor":10},{"not_picked":["Blood for Blood","Clash"],"picked":"Feel No Pain","floor":11},{"not_picked":["Thunderclap","Havoc"],"picked":"Uppercut","floor":11},{"not_picked":["Iron Wave","Disarm"],"picked":"Perfected Strike","floor":12},{"not_picked":["Iron Wave","Flex","Brutality"],"picked":"SKIP","floor":12},{"not_picked":["Metallicize","Body Slam"],"picked":"Twin Strike","floor":13},{"not_picked":["Dual Wield","Dropkick"],"picked":"Clash","floor":13}],"player_experience":5637435,"relics_obtained":[{"floor":8,"key":"Prayer Wheel"},{"floor":9,"key":"Letter Opener"}],"event_choices":[{"damage_healed":0,"gold_gain":0,"player_choice":"Trade","damage_taken":0,"relics_obtained":["GremlinMask"],"max_hp_gain":0,"max_hp_loss":0,"event_name":"FaceTrader","floor":3,"gold_loss":0}],"is_beta":false,"boss_relics":[],"items_purged_floors":[],"is_endless":false,"potions_floor_spawned":[1,5,8,11],"killed_by":"The Guardian","ascension_level":20}