{"gold_per_floor":[110,184,184,202,202,241,23,38,38,38,63,3,16,34,34,34],"floor_reached":16,"playtime":498,"items_purged":[],"score":296,"play_id":"51346ea1-9d2e-40b7-afc2-bc2c02d53d1c","local_time":"20190717010046","is_ascension_mode":true,"campfire_choices":[{"floor":10,"key":"REST"},{"floor":15,"key":"REST"}],"neow_cost":"","seed_source_timestamp":2199938376306441,"circlet_count":0,"master_deck":["AscendersBane","Strike_R","Strike_R","Strike_R","Strike_R","Strike_R","Defend_R","Defend_R","Defend_R","Defend_R","Bash","Shrug It Off","Iron Wave","Rampage","Armaments","Leap","Whirlwind","Panacea"],"relics":["Champion Belt","Pantograph","The Courier","Golden Idol","Vajra","PrismaticShard"],"potions_floor_usage":[11,13,14],"damage_taken":[{"damage":0,"enemies":"Cultist","floor":1,"turns":4},{"damage":4,"enemies":"Jaw Worm","floor":4,"turns":6},{"damage":43,"enemies":"Lagavulin","floor":6,"turns":9},{"damage":9,"enemies":"Small Slimes","floor":8,"turns":4},{"damage":3,"enemies":"Blue Slaver","floor":11,"turns":4},{"damage":23,"enemies":"Exordium Thugs","floor":13,"turns":6},{"damage":3,"enemies":"Looter","floor":14,"turns":4},{"damage":56,"enemies":"Slime Boss","floor":16,"turns":8}],"seed_played":"4795586317693986296","potions_obtained":[{"floor":1,"key":"Swift Potion"},{"floor":4,"key":"Swift Potion"},{"floor":13,"key":"Swift Potion"}],"is_trial":false,"path_per_floor":["M","T","?","M","?","E","$","M","T","R","M","$","M","M","R","B"],"character_chosen":"IRONCLAD","items_purchased":["Pantograph","Shrug It Off","PrismaticShard","Armaments","Whirlwind"],"campfire_rested":2,"item_purchase_floors":[0,0,7,7,12],"current_hp_per_floor":[42,42,67,63,63,20,20,11,11,31,28,28,5,2,22,0],"gold":34,"neow_bonus":"","is_prod":false,"is_daily":false,"chose_seed":false,"campfire_upgraded":0,"win_rate":0,"timestamp":1563318046,"path_taken":["M","?","?","M","?","E","$","M","T","R","M","?","M","M","R","BOSS"],"build_version":"2019-07-05","purchased_purges":0,"victory":false,"max_hp_per_floor":[75,75,75,75,68,68,68,68,68,68,68,68,68,68,68,68],"card_choices":[{"not_picked":["Headbutt","Carnage"],"picked":"Iron Wave","floor":1},{"not_picked":["Heavy Blade","Thunderclap"],"picked":"Rampage","floor":4},{"not_picked":["Body Slam","Entrench","Juggernaut"],"picked":"SKIP","floor":6},{"not_picked":["Barrage","Bane","Endless Agony"],"picked":"SKIP","floor":8},{"not_picked":["Ball Lightning","Deep Breath"],"picked":"Leap","floor":11},{"not_picked":["Acrobatics","Stack","Loop"],"picked":"SKIP","floor":13},{"not_picked":["Prepared","Slice"],"picked":"Panacea","floor":14}],"player_experience":458851,"relics_obtained":[{"floor":2,"key":"The Courier"},{"floor":6,"key":"Vajra"}],"event_choices":[{"damage_healed":25,"gold_gain":0,"player_choice":"Banana","damage_taken":0,"max_hp_gain":0,"max_hp_loss":0,"event_name":"Big Fish","floor":3,"gold_loss":0},{"damage_healed":0,"gold_gain":0,"player_choice":"Lose Max HP","damage_taken":0,"relics_obtained":["Golden Idol"],"max_hp_gain":0,"max_hp_loss":7,"event_name":"Golden Idol","floor":5,"gold_loss":0}],"is_beta":false,"boss_relics":[],"items_purged_floors":[],"is_endless":false,"potions_floor_spawned":[1,4,13],"killed_by":"Slime Boss","ascension_level":19}