{"gold_per_floor":[213,213,213,226,241,270,270,12,12,22,32,65,65,65,65,170,170,180,6,24,24,123,149,4,4,4,4,17,17,17,31,31,136,136,150,150,150,165,3,30,52,118,130,142,188,0,37,49,61,73],"floor_reached":50,"playtime":2272,"items_purged":["Strike_R","Shame"],"score":883,"play_id":"b918af75-3a16-4430-8c1e-36550efa37d2","local_time":"20190718114146","is_ascension_mode":true,"campfire_choices":[{"floor":7.0,"key":"REST"},{"data":"Heavy Blade","floor":13.0,"key":"SMITH"},{"data":"Armaments","floor":15.0,"key":"SMITH"},{"floor":29.0,"key":"REST"},{"floor":32,"key":"RECALL"},{"floor":44,"key":"REST"},{"floor":49,"key":"REST"}],"neow_cost":"NONE","seed_source_timestamp":1531152219300,"circlet_count":0,"master_deck":["Strike_R","Strike_R+1","Defend_R","Defend_R+1","Bash+1","Sword Boomerang","Twin Strike","Armaments+1","Heavy Blade+1","Sword Boomerang","Sentinel","Reaper","Shrug It Off","Trip","Cleave","Warcry+1","Offering","Battle Trance","Fiend Fire","Cleave+1","Havoc+1","Reckless Charge+1","PanicButton","Blind","Whirlwind+1","Shrug It Off"],"special_seed":0,"relics":["Burning Blood","Letter Opener","Brimstone","Paper Frog","Dodecahedron","Smiling Mask","Fusion Hammer","WingedGreaves","The Courier","Enchiridion","Strawberry","Art of War","Astrolabe","Sling","MawBank","StoneCalendar","Blue Candle","Pantograph","Red Mask","Sundial"],"potions_floor_usage":[33,42,45,47,50],"damage_taken":[{"damage":7.0,"enemies":"Small Slimes","floor":1.0,"turns":4.0},{"damage":0.0,"enemies":"Jaw Worm","floor":4.0,"turns":3.0},{"damage":6.0,"enemies":"2 Louse","floor":5.0,"turns":4.0},{"damage":31.0,"enemies":"Gremlin Nob","floor":6.0,"turns":5.0},{"damage":0.0,"enemies":"2 Fungi Beasts","floor":10.0,"turns":2.0},{"damage":0.0,"enemies":"Looter","floor":11.0,"turns":1.0},{"damage":0.0,"enemies":"Lagavulin","floor":12.0,"turns":3.0},{"damage":48.0,"enemies":"The Guardian","floor":16.0,"turns":7.0},{"damage":5.0,"enemies":"Shell Parasite","floor":18.0,"turns":3.0},{"damage":9.0,"enemies":"Chosen","floor":20.0,"turns":4.0},{"damage":51.0,"enemies":"Book of Stabbing","floor":23.0,"turns":4.0},{"damage":7.0,"enemies":"Snake Plant","floor":28.0,"turns":2.0},{"damage":0,"enemies":"Cultist and Chosen","floor":31,"turns":3},{"damage":24,"enemies":"Collector","floor":33,"turns":5},{"damage":16,"enemies":"3 Shapes","floor":35,"turns":3},{"damage":3,"enemies":"Orb Walker","floor":38,"turns":3},{"damage":6,"enemies":"Reptomancer","floor":40,"turns":2},{"damage":9,"enemies":"Jaw Worm Horde","floor":41,"turns":2},{"damage":27,"enemies":"2 Orb Walkers","floor":42,"turns":2},{"damage":8,"enemies":"Giant Head","floor":45,"turns":3},{"damage":25,"enemies":"Nemesis","floor":47,"turns":3},{"damage":105,"enemies":"Time Eater","floor":50,"turns":6}],"seed_played":"-4618592559613270502","potions_obtained":[{"floor":4.0,"key":"SkillPotion"},{"floor":10.0,"key":"Fire Potion"},{"floor":12.0,"key":"Regen Potion"},{"floor":20.0,"key":"Swift Potion"},{"floor":23.0,"key":"EssenceOfSteel"},{"floor":28.0,"key":"AttackPotion"},{"floor":35,"key":"SkillPotion"},{"floor":45,"key":"Swift Potion"}],"is_trial":false,"path_per_floor":["M","?","?","M","M","E","R","$","T","M","M","E","R","T","R","B",null,"M","$","M","?","?","E","$","?","T","$","M","R","T","M","R","B",null,"M","?","?","M","$","E","M","?","T","R","E","?","E","?","R","B"],"character_chosen":"IRONCLAD","items_purchased":["Brimstone","Heavy Blade","Trip","Cleave","Offering","AttackPotion","Sling"],"campfire_rested":4,"item_purchase_floors":[8,8,19,19,24,24,39],"current_hp_per_floor":[71,71,55,61,61,36,60,60,60,66,72,78,78,78,78,36,69,70,70,80,80,80,45,45,29,36,36,42,68,68,87,87,87,87,86,81,81,83,83,83,80,59,59,83,82,82,63,63,83,0],"gold":73,"neow_bonus":"HUNDRED_GOLD","is_prod":false,"is_daily":false,"chose_seed":false,"campfire_upgraded":2,"win_rate":0,"timestamp":1563464506,"path_taken":["M","?","?","M","M","E","R","?","T","M","M","E","R","?","R","BOSS","M","$","M","?","?","E","$","?","T","$","M","R","?","M","R","BOSS","M","?","?","M","$","E","M","?","T","R","E","?","E","?","R","BOSS"],"build_version":"2019-07-17","purchased_purges":2,"victory":false,"max_hp_per_floor":[80,80,80,80,80,80,80,80,80,80,80,80,80,80,80,80,80,80,80,80,80,80,80,80,80,87,87,87,87,87,87,87,87,87,87,87,83,83,83,83,83,83,83,83,83,83,83,83,83,83],"card_choices":[{"not_picked":["Entrench","Flex"],"picked":"Sword Boomerang","floor":1.0},{"not_picked":["Second Wind","Havoc","Clash"],"picked":"SKIP","floor":4.0},{"not_picked":["Heavy Blade","Perfected Strike"],"picked":"Twin Strike","floor":5.0},{"not_picked":["Second Wind","Thunderclap"],"picked":"Armaments","floor":6.0},{"not_picked":["Rampage","Havoc","Feel No Pain"],"picked":"SKIP","floor":10.0},{"not_picked":["Rupture","Searing Blow"],"picked":"Sword Boomerang","floor":11.0},{"not_picked":["Sword Boomerang","Perfected Strike"],"picked":"Sentinel","floor":12.0},{"not_picked":["Demon Form","Dark Embrace"],"picked":"Reaper","floor":16.0},{"not_picked":["Sword Boomerang","Flex"],"picked":"Shrug It Off","floor":18.0},{"not_picked":["Perfected Strike","Flex+1","Anger"],"picked":"SKIP","floor":20.0},{"not_picked":["Entrench","Sever Soul"],"picked":"Warcry+1","floor":23.0},{"not_picked":["Clash","Headbutt+1"],"picked":"Battle Trance","floor":28.0},{"not_picked":["Perfected Strike+1","Sentinel","Body Slam"],"picked":"SKIP","floor":31},{"not_picked":["Dark Embrace","Juggernaut"],"picked":"Fiend Fire","floor":33},{"not_picked":["Havoc+1","Flex+1","Hemokinesis+1"],"picked":"SKIP","floor":35},{"not_picked":["Discovery","Purity"],"picked":"PanicButton","floor":36},{"not_picked":["Jack Of All Trades","Thinking Ahead"],"picked":"Blind","floor":36},{"not_picked":["Power Through+1","Shrug It Off","Warcry"],"picked":"SKIP","floor":38},{"not_picked":["Burning Pact","Feel No Pain+1"],"picked":"Whirlwind+1","floor":40},{"not_picked":["Clash+1","Flame Barrier+1","Feel No Pain"],"picked":"SKIP","floor":41},{"not_picked":["Havoc","Twin Strike","Metallicize"],"picked":"SKIP","floor":45},{"not_picked":["Sever Soul","Anger"],"picked":"Shrug It Off","floor":47}],"player_experience":238056,"relics_obtained":[{"floor":6.0,"key":"Letter Opener"},{"floor":9.0,"key":"Paper Frog"},{"floor":12.0,"key":"Dodecahedron"},{"floor":14.0,"key":"Smiling Mask"},{"floor":23.0,"key":"The Courier"},{"floor":25.0,"key":"Enchiridion"},{"floor":26.0,"key":"Strawberry"},{"floor":30.0,"key":"Art of War"},{"floor":40,"key":"MawBank"},{"floor":42,"key":"StoneCalendar"},{"floor":43,"key":"Blue Candle"},{"floor":45,"key":"Pantograph"},{"floor":47,"key":"Sundial"}],"event_choices":[{"damage_healed":0.0,"max_hp_gain":0.0,"max_hp_loss":0.0,"gold_gain":0.0,"event_name":"Living Wall","player_choice":"Grow","floor":2.0,"gold_loss":0.0,"damage_taken":0.0,"cards_upgraded":["Bash"]},{"damage_healed":0.0,"max_hp_gain":0.0,"max_hp_loss":0.0,"gold_gain":0.0,"event_name":"Shining Light","player_choice":"Entered Light","floor":3.0,"gold_loss":0.0,"damage_taken":16.0,"cards_upgraded":["Strike_R","Defend_R"]},{"damage_healed":0.0,"max_hp_gain":0.0,"max_hp_loss":0.0,"gold_gain":0.0,"event_name":"Addict","player_choice":"Stole Relic","floor":21.0,"gold_loss":0.0,"damage_taken":0.0,"relics_obtained":["WingedGreaves"],"cards_obtained":["Shame"]},{"damage_healed":0.0,"max_hp_gain":0.0,"max_hp_loss":0.0,"gold_gain":99.0,"event_name":"Nest","player_choice":"Stole From Cult","floor":22.0,"gold_loss":0.0,"damage_taken":0.0},{"damage_healed":0.0,"max_hp_gain":0.0,"max_hp_loss":0.0,"gold_gain":0.0,"event_name":"Cursed Tome","player_choice":"Obtained Book","floor":25.0,"gold_loss":0.0,"damage_taken":16.0},{"damage_healed":0,"gold_gain":0,"player_choice":"Memory 2","damage_taken":5,"max_hp_gain":0,"max_hp_loss":0,"event_name":"SensoryStone","floor":36,"gold_loss":0},{"damage_healed":0,"gold_gain":0,"player_choice":"Max HP","damage_taken":0,"max_hp_gain":0,"max_hp_loss":4,"event_name":"Winding Halls","floor":37,"gold_loss":0},{"damage_healed":0,"gold_gain":0,"player_choice":"Fight","damage_taken":0,"max_hp_gain":0,"max_hp_loss":0,"event_name":"Mysterious Sphere","floor":42,"gold_loss":0},{"damage_healed":0,"gold_gain":0,"player_choice":"Paid","damage_taken":0,"relics_obtained":["Red Mask"],"max_hp_gain":0,"max_hp_loss":0,"event_name":"Tomb of Lord Red Mask","floor":46,"gold_loss":200},{"cards_removed":["Defend_R"],"damage_healed":0,"gold_gain":0,"player_choice":"Removed Skill","damage_taken":0,"max_hp_gain":0,"max_hp_loss":0,"event_name":"Falling","floor":48,"gold_loss":0}],"is_beta":false,"boss_relics":[{"not_picked":["Eternal Feather","Busted Crown"],"picked":"Fusion Hammer"},{"not_picked":["Pandora\u0027s Box","Lizard Tail"],"picked":"Astrolabe"}],"items_purged_floors":[19,24],"is_endless":false,"potions_floor_spawned":[4,10,12,20,23,28,35,45],"killed_by":"Time Eater","ascension_level":7}