{"gold_per_floor":[116,116,81,33,33,58,133,133,133,172,172,55,94,142,154,286,298,324,336,623,635,658,702,71,102,178,178,178,189,71,87,87,187,187,199,199,70,70,87,116,116,131,204,58,58,58,76,76,76,76],"floor_reached":51,"playtime":2781,"items_purged":["Regret","Strike_R","Strike_R","Strike_R"],"score":1119,"play_id":"b11761fd-3461-4ef8-ae76-8eaf07b5290b","local_time":"20190718224927","is_ascension_mode":true,"campfire_choices":[{"data":"Flame Barrier","floor":11,"key":"SMITH"},{"data":"Juggernaut","floor":15,"key":"SMITH"},{"data":"Uppercut","floor":27,"key":"SMITH"},{"data":"Evolve","floor":32,"key":"SMITH"},{"data":"Feel No Pain","floor":41,"key":"SMITH"},{"data":"Brutality","floor":45,"key":"SMITH"},{"floor":49,"key":"REST"}],"neow_cost":"NONE","seed_source_timestamp":41095180328500,"circlet_count":0,"master_deck":["Defend_R","Defend_R","Defend_R","Bash+1","Pommel Strike+1","Flame Barrier+1","Juggernaut+1","Evolve+1","Power Through","Feel No Pain+1","Seeing Red+1","Ghostly Armor","Power Through","Brutality+1","Uppercut+1","Pommel Strike","Seeing Red","Intimidate","Iron Wave","Offering","Feed","Second Wind+1","Metallicize","Anger","Infernal Blade","Body Slam+1","Hemokinesis+1"],"relics":["Burning Blood","NeowsBlessing","Juzu Bracelet","Bloody Idol","FossilizedHelix","Self Forming Clay","MawBank","Odd Mushroom","Sozu","Oddly Smooth Stone","ClockworkSouvenir","Happy Flower","Omamori","The Courier","Cursed Key","Calipers","Molten Egg 2"],"potions_floor_usage":[14,16,25,33,33],"damage_taken":[{"damage":0,"enemies":"Small Slimes","floor":1,"turns":1},{"damage":0,"enemies":"3 Sentries","floor":6,"turns":1},{"damage":0,"enemies":"Lagavulin","floor":10,"turns":1},{"damage":21,"enemies":"Gremlin Nob","floor":13,"turns":5},{"damage":23,"enemies":"The Mushroom Lair","floor":14,"turns":6},{"damage":23,"enemies":"The Guardian","floor":16,"turns":12},{"damage":7,"enemies":"Shell Parasite","floor":18,"turns":8},{"damage":25,"enemies":"Chosen","floor":22,"turns":6},{"damage":24,"enemies":"Book of Stabbing","floor":23,"turns":7},{"damage":31,"enemies":"Gremlin Leader","floor":25,"turns":9},{"damage":4,"enemies":"Shelled Parasite and Fungi","floor":29,"turns":6},{"damage":5,"enemies":"Centurion and Healer","floor":31,"turns":6},{"damage":49,"enemies":"Automaton","floor":33,"turns":12},{"damage":0,"enemies":"3 Shapes","floor":35,"turns":3},{"damage":9,"enemies":"3 Darklings","floor":39,"turns":4},{"damage":1,"enemies":"Nemesis","floor":40,"turns":5},{"damage":16,"enemies":"4 Shapes","floor":42,"turns":5},{"damage":27,"enemies":"Sphere and 2 Shapes","floor":47,"turns":5},{"damage":65,"enemies":"Awakened One","floor":50,"turns":11}],"seed_played":"-4666550200254646994","potions_obtained":[{"floor":1,"key":"Weak Potion"},{"floor":10,"key":"Regen Potion"},{"floor":14,"key":"Poison Potion"},{"floor":16,"key":"BloodPotion"}],"is_trial":false,"path_per_floor":["M","?","?","$","?","E","?","?","T","E","R","$","E","?","R","B",null,"M","?","?","?","M","E","$","E","T","R","?","M","$","M","R","B",null,"M","?","$","?","M","E","R","M","T","$","R","?","M","?","R","B",null],"character_chosen":"IRONCLAD","items_purchased":["Strength Potion","Evolve","Power Through","Brutality","ClockworkSouvenir","Happy Flower","Uppercut","Iron Wave","Metallicize","Hemokinesis+1"],"campfire_rested":1,"item_purchase_floors":[4,12,12,24,24,24,24,30,37,44],"current_hp_per_floor":[78,62,80,80,80,80,69,69,69,74,74,74,59,57,57,40,66,65,65,74,74,60,52,57,37,42,42,42,49,49,55,55,35,64,77,77,77,77,77,77,77,72,77,77,77,77,64,64,80,21],"gold":76,"neow_bonus":"THREE_ENEMY_KILL","is_prod":false,"is_daily":false,"chose_seed":false,"campfire_upgraded":6,"win_rate":0,"timestamp":1563504567,"path_taken":["M","?","?","?","?","E","?","?","T","E","R","$","E","?","R","BOSS","M","?","?","?","M","E","$","E","T","R","?","M","$","M","R","BOSS","M","?","$","?","M","E","R","M","T","$","R","?","M","?","R","BOSS"],"build_version":"2019-07-17","purchased_purges":4,"victory":true,"max_hp_per_floor":[80,80,80,80,80,80,80,74,74,74,74,74,74,74,74,74,74,74,74,74,74,74,74,74,74,74,74,74,74,74,74,74,74,74,77,77,77,77,77,77,77,77,77,77,77,77,80,80,80,80],"card_choices":[{"not_picked":["Metallicize","Armaments"],"picked":"Pommel Strike","floor":1},{"not_picked":["Clothesline","Combust"],"picked":"Flame Barrier","floor":6},{"not_picked":["Iron Wave","Heavy Blade"],"picked":"Juggernaut","floor":10},{"not_picked":["Sword Boomerang","Pommel Strike"],"picked":"Feel No Pain","floor":13},{"not_picked":["Double Tap","Feed"],"picked":"Dark Embrace","floor":16},{"not_picked":["Reckless Charge+1","Cleave"],"picked":"Seeing Red+1","floor":18},{"not_picked":["Twin Strike+1","Armaments"],"picked":"Ghostly Armor","floor":22},{"not_picked":["Clothesline","Warcry"],"picked":"Power Through","floor":23},{"not_picked":["Blood for Blood","Headbutt"],"picked":"Pommel Strike","floor":25},{"not_picked":["Clash+1","Corruption","Headbutt"],"picked":"SKIP","floor":29},{"not_picked":["Anger+1","Havoc+1"],"picked":"Offering","floor":31},{"not_picked":["Barricade","Dark Embrace"],"picked":"Feed","floor":33},{"not_picked":["Bloodletting+1","True Grit"],"picked":"Second Wind+1","floor":35},{"not_picked":["True Grit","Thunderclap"],"picked":"Infernal Blade","floor":39},{"not_picked":["Wild Strike","Sentinel"],"picked":"Body Slam+1","floor":40},{"not_picked":["Thunderclap+1","Flex","Wild Strike"],"picked":"SKIP","floor":42},{"not_picked":["Fire Breathing","Seeing Red","Body Slam+1"],"picked":"SKIP","floor":47}],"player_experience":258858,"relics_obtained":[{"floor":6,"key":"Juzu Bracelet"},{"floor":9,"key":"FossilizedHelix"},{"floor":10,"key":"Self Forming Clay"},{"floor":13,"key":"MawBank"},{"floor":14,"key":"Odd Mushroom"},{"floor":23,"key":"Oddly Smooth Stone"},{"floor":25,"key":"Omamori"},{"floor":26,"key":"The Courier"},{"floor":40,"key":"Calipers"},{"floor":43,"key":"Molten Egg 2"}],"event_choices":[{"damage_healed":0,"gold_gain":0,"player_choice":"Entered Light","damage_taken":16,"max_hp_gain":0,"max_hp_loss":0,"event_name":"Shining Light","floor":2,"gold_loss":0,"cards_upgraded":["Bash","Defend_R"]},{"damage_healed":20,"gold_gain":0,"player_choice":"Healed","damage_taken":0,"max_hp_gain":0,"max_hp_loss":0,"event_name":"The Cleric","floor":3,"gold_loss":35},{"damage_healed":0,"gold_gain":0,"player_choice":"Forge","damage_taken":0,"max_hp_gain":0,"max_hp_loss":0,"event_name":"Accursed Blacksmith","floor":5,"gold_loss":0,"cards_upgraded":["Pommel Strike"]},{"damage_healed":0,"gold_gain":75,"player_choice":"Gather Gold","damage_taken":11,"max_hp_gain":0,"max_hp_loss":0,"event_name":"World of Goop","floor":7,"gold_loss":0},{"damage_healed":0,"gold_gain":0,"player_choice":"Lose Max HP","damage_taken":0,"relics_obtained":["Golden Idol"],"max_hp_gain":0,"max_hp_loss":6,"event_name":"Golden Idol","floor":8,"gold_loss":0},{"damage_healed":0,"gold_gain":0,"player_choice":"Fought Mushrooms","damage_taken":0,"max_hp_gain":0,"max_hp_loss":0,"event_name":"Mushrooms","floor":14,"gold_loss":0},{"damage_healed":0,"gold_gain":0,"player_choice":"Gave Idol","damage_taken":0,"relics_obtained":["Bloody Idol"],"max_hp_gain":0,"max_hp_loss":0,"event_name":"Forgotten Altar","floor":19,"relics_lost":["Golden Idol"],"gold_loss":0},{"damage_healed":0,"gold_gain":275,"player_choice":"Desecrate","damage_taken":0,"max_hp_gain":0,"max_hp_loss":0,"event_name":"Golden Shrine","floor":20,"gold_loss":0,"cards_obtained":["Regret"]},{"damage_healed":0,"gold_gain":0,"player_choice":"Ignored","damage_taken":0,"max_hp_gain":0,"max_hp_loss":0,"event_name":"The Mausoleum","floor":21,"gold_loss":0},{"damage_healed":0,"gold_gain":0,"cards_transformed":["Dark Embrace","Strike_R"],"player_choice":"Became Test Subject","damage_taken":0,"max_hp_gain":0,"max_hp_loss":0,"event_name":"Drug Dealer","floor":28,"gold_loss":0,"cards_obtained":["Seeing Red","Intimidate"]},{"cards_removed":["Defend_R"],"damage_healed":0,"gold_gain":0,"player_choice":"Removed Skill","damage_taken":0,"max_hp_gain":0,"max_hp_loss":0,"event_name":"Falling","floor":36,"gold_loss":0},{"damage_healed":0,"gold_gain":0,"cards_transformed":["Strike_R"],"player_choice":"Transformed","damage_taken":0,"max_hp_gain":0,"max_hp_loss":0,"event_name":"Transmorgrifier","floor":38,"gold_loss":0,"cards_obtained":["Anger"]},{"damage_healed":0,"gold_gain":0,"player_choice":"Got Potions","damage_taken":0,"max_hp_gain":0,"max_hp_loss":0,"event_name":"Lab","floor":46,"gold_loss":0},{"damage_healed":0,"gold_gain":0,"player_choice":"Memory 1","damage_taken":0,"max_hp_gain":0,"max_hp_loss":0,"event_name":"SensoryStone","floor":48,"gold_loss":0}],"is_beta":false,"boss_relics":[{"not_picked":["Black Blood","Runic Cube"],"picked":"Sozu"},{"not_picked":["Coffee Dripper","Pandora\u0027s Box"],"picked":"Cursed Key"}],"items_purged_floors":[24,30,37,44],"is_endless":false,"potions_floor_spawned":[1,10,13,14,16,18,29,33,35,47],"ascension_level":7}