{"gold_per_floor":[117,137,8,24,24,51,63,89,101,147,159],"floor_reached":11,"playtime":387,"items_purged":[],"score":191,"play_id":"2c92f76e-7472-4996-bd92-10da139fe420","local_time":"20190521023328","is_ascension_mode":true,"campfire_choices":[{"data":"Feed","floor":7,"key":"SMITH"}],"neow_cost":"","seed_source_timestamp":191620210940700,"circlet_count":0,"master_deck":["Feed+1","Spot Weakness","Defend_R","Defend_R","Defend_R","Defend_R","Bash","Strike_R","Strike_R","Strike_R","Strike_R","Strike_R","Shrug It Off","Rupture","Evolve","Wild Strike","Dual Wield","Whirlwind","Reaper"],"relics":["Burning Blood","Singing Bowl","MawBank","Bronze Scales","Shuriken"],"potions_floor_usage":[],"damage_taken":[{"damage":2,"enemies":"Cultist","floor":1,"turns":4},{"damage":0,"enemies":"2 Louse","floor":2,"turns":4},{"damage":16,"enemies":"Jaw Worm","floor":4,"turns":6},{"damage":39,"enemies":"Gremlin Nob","floor":6,"turns":4},{"damage":22,"enemies":"Exordium Wildlife","floor":8,"turns":5},{"damage":32,"enemies":"3 Sentries","floor":10,"turns":6},{"damage":18,"enemies":"Large Slime","floor":11,"turns":1}],"seed_played":"-9104941200752918169","potions_obtained":[{"floor":8,"key":"Ancient Potion"}],"is_trial":true,"path_per_floor":["M","M","$","M","$","E","R","M","T","E","M"],"character_chosen":"IRONCLAD","items_purchased":["Evolve","Wild Strike"],"campfire_rested":0,"item_purchase_floors":[3,3],"current_hp_per_floor":[75,81,81,74,74,44,44,34,34,12,0],"gold":159,"neow_bonus":"","is_prod":false,"is_daily":false,"chose_seed":false,"campfire_upgraded":1,"win_rate":0,"timestamp":1558373608,"path_taken":["M","?","?","M","?","E","R","M","T","E","M"],"build_version":"2019-01-23","purchased_purges":0,"victory":false,"max_hp_per_floor":[78,81,81,84,84,87,87,93,93,97,97],"card_choices":[{"not_picked":["Iron Wave","Shockwave"],"picked":"Shrug It Off","floor":1},{"not_picked":["Havoc","Thunderclap"],"picked":"Rupture","floor":2},{"not_picked":["Thunderclap","Intimidate"],"picked":"Dual Wield","floor":4},{"not_picked":["Thunderclap","Battle Trance"],"picked":"Whirlwind","floor":6},{"not_picked":["Flex","Carnage","True Grit"],"picked":"Singing Bowl","floor":8},{"not_picked":["Clash","Headbutt"],"picked":"Reaper","floor":10}],"player_experience":5092846,"relics_obtained":[{"floor":6,"key":"MawBank"},{"floor":9,"key":"Bronze Scales"},{"floor":10,"key":"Shuriken"}],"event_choices":[],"is_beta":false,"boss_relics":[],"items_purged_floors":[],"is_endless":false,"potions_floor_spawned":[8],"killed_by":"Large Slime","ascension_level":20}