{"gold_per_floor":[18,36,52,64,64,64,81,81,108,138,33,62,62,73,73,147,147,118,118,118,135,155,155,182,182],"floor_reached":25,"playtime":697,"items_purged":["Strike_B"],"score":426,"play_id":"c737c455-88df-410e-8e7c-390ed7bd5cc7","local_time":"20190727025809","is_ascension_mode":true,"campfire_choices":[{"data":"Beam Cell","floor":6,"key":"SMITH"},{"floor":8,"key":"REST"},{"data":"Recycle","floor":15,"key":"SMITH"},{"data":"Reboot","floor":23,"key":"SMITH"}],"neow_cost":"NO_GOLD","seed_source_timestamp":235602313013500,"circlet_count":0,"master_deck":["AscendersBane","Defend_B","Defend_B","Defend_B","Defend_B","Zap","Dualcast","Barrage","Compile Driver","Beam Cell+1","Tempest","Leap","Sweeping Beam","Core Surge","Recycle+1","Core Surge","Coolheaded","Reboot+1","Sunder"],"relics":["Cracked Core","Anchor","Oddly Smooth Stone","Art of War","Empty Cage","Red Mask"],"potions_floor_usage":[7,10],"damage_taken":[{"damage":7,"enemies":"Small Slimes","floor":1,"turns":3},{"damage":1,"enemies":"Cultist","floor":2,"turns":3},{"damage":12,"enemies":"Jaw Worm","floor":3,"turns":3},{"damage":11,"enemies":"Blue Slaver","floor":4,"turns":3},{"damage":7,"enemies":"Exordium Wildlife","floor":7,"turns":3},{"damage":11,"enemies":"Gremlin Nob","floor":10,"turns":3},{"damage":18,"enemies":"Lagavulin","floor":12,"turns":6},{"damage":2,"enemies":"Exordium Thugs","floor":14,"turns":3},{"damage":24,"enemies":"Hexaghost","floor":16,"turns":9},{"damage":6,"enemies":"2 Thieves","floor":18,"turns":4},{"damage":19,"enemies":"Shell Parasite","floor":21,"turns":7},{"damage":4,"enemies":"Centurion and Healer","floor":22,"turns":7},{"damage":27,"enemies":"Masked Bandits","floor":24,"turns":5},{"damage":16,"enemies":"Snake Plant","floor":25,"turns":3}],"seed_played":"3105494527473925836","potions_obtained":[{"floor":3,"key":"Fire Potion"},{"floor":4,"key":"SpeedPotion"},{"floor":5,"key":"Strength Potion"},{"floor":16,"key":"Strength Potion"},{"floor":21,"key":"LiquidBronze"}],"is_trial":false,"path_per_floor":["M","M","M","M","?","R","M","R","T","E","$","E","?","M","R","B",null,"M","?","?","M","M","R","?","M"],"character_chosen":"DEFECT","items_purchased":["Sweeping Beam"],"campfire_rested":1,"item_purchase_floors":[11],"current_hp_per_floor":[71,70,58,47,47,47,40,65,65,54,54,36,36,34,34,10,66,60,60,60,41,37,37,10,0],"gold":182,"neow_bonus":"TWENTY_PERCENT_HP_BONUS","is_prod":false,"is_daily":false,"chose_seed":false,"campfire_upgraded":3,"win_rate":0,"timestamp":1564163889,"path_taken":["M","M","M","M","?","R","?","R","T","E","$","E","?","M","R","BOSS","M","?","?","?","M","R","?","M"],"build_version":"2019-07-17","purchased_purges":1,"victory":false,"max_hp_per_floor":[85,85,85,85,85,85,85,85,85,85,85,85,85,85,85,85,85,85,85,85,85,85,85,85,85],"card_choices":[{"not_picked":["Steam","Recycle"],"picked":"Barrage","floor":1},{"not_picked":["Skim","Steam"],"picked":"Compile Driver","floor":2},{"not_picked":["Force Field","Redo"],"picked":"Beam Cell","floor":3},{"not_picked":["Redo","Steam Power"],"picked":"Tempest","floor":4},{"not_picked":["Gash","Scrape","Go for the Eyes"],"picked":"SKIP","floor":7},{"not_picked":["Coolheaded","Lockon"],"picked":"Leap","floor":10},{"not_picked":["Machine Learning","Leap"],"picked":"Core Surge","floor":12},{"not_picked":["Beam Cell","Redo","Rebound"],"picked":"SKIP","floor":14},{"not_picked":["Amplify","Rainbow"],"picked":"Core Surge","floor":16},{"not_picked":["Hologram","Steam","Recycle"],"picked":"SKIP","floor":18},{"not_picked":["Gash","Stack"],"picked":"Coolheaded","floor":21},{"not_picked":["Conserve Battery","Self Repair"],"picked":"Reboot","floor":22},{"not_picked":["Redo","Streamline"],"picked":"Sunder","floor":24}],"player_experience":5834730,"relics_obtained":[{"floor":9,"key":"Anchor"},{"floor":10,"key":"Oddly Smooth Stone"},{"floor":12,"key":"Art of War"},{"floor":24,"key":"Red Mask"}],"event_choices":[{"damage_healed":0,"gold_gain":0,"player_choice":"Got Potions","damage_taken":0,"max_hp_gain":0,"max_hp_loss":0,"event_name":"Lab","floor":5,"gold_loss":0},{"damage_healed":0,"gold_gain":0,"cards_transformed":["Strike_B"],"player_choice":"Change","damage_taken":0,"max_hp_gain":0,"max_hp_loss":0,"event_name":"Living Wall","floor":13,"gold_loss":0,"cards_obtained":["Recycle"]},{"damage_healed":0,"gold_gain":0,"player_choice":"Ignored","damage_taken":0,"max_hp_gain":0,"max_hp_loss":0,"event_name":"Ghosts","floor":19,"gold_loss":0},{"damage_healed":0,"gold_gain":0,"player_choice":"Ignored","damage_taken":0,"max_hp_gain":0,"max_hp_loss":0,"event_name":"The Mausoleum","floor":20,"gold_loss":0},{"damage_healed":0,"gold_gain":0,"player_choice":"Fought Bandits","damage_taken":0,"max_hp_gain":0,"max_hp_loss":0,"event_name":"Masked Bandits","floor":24,"gold_loss":0}],"is_beta":false,"boss_relics":[{"not_picked":["Orrery","Coffee Dripper"],"picked":"Empty Cage"}],"items_purged_floors":[11],"is_endless":false,"potions_floor_spawned":[3,4,16,21,22],"killed_by":"Snake Plant","ascension_level":20}