{"gold_per_floor":[117,117,117,117,117,117,117,117,166,166,166,166,191,191,191,265,265,265,265,265,265,265,265,131,131,131,144,144,144,203,9,9,86,86,86,86,86,86,86,86,102,102,102,102,102,154,183,196,196,196,196,196,196,47,77,77],"floor_reached":57,"playtime":534,"items_purged":[],"score":3237,"play_id":"9dbd2579-2f2b-4588-805e-dc380a11bffc","local_time":"20190324032132","is_ascension_mode":true,"campfire_choices":[{"floor":8.0,"key":"REST"},{"data":"Grand Finale","floor":10.0,"key":"SMITH"},{"data":"Grand Finale","floor":15.0,"key":"SMITH"},{"data":"Grand Finale","floor":23.0,"key":"SMITH"},{"floor":25.0,"key":"RECALL"},{"data":"Grand Finale","floor":32.0,"key":"SMITH"},{"data":"Adrenaline","floor":40.0,"key":"SMITH"},{"data":"Adrenaline","floor":42.0,"key":"SMITH"},{"floor":44.0,"key":"REST"},{"floor":49.0,"key":"REST"},{"floor":53.0,"key":"REST"}],"neow_cost":"","seed_source_timestamp":874828922049600,"circlet_count":0,"master_deck":["Grand Finale+1","Grand Finale+1","Grand Finale+1","Grand Finale+1","Adrenaline+1","Adrenaline+1","Violence","Evolve"],"special_seed":0,"relics":["Burning Blood","Meat on the Bone","Membership Card","Unceasing Top","WingedGreaves","Boot","Bag of Preparation","TheAbacus","Anchor","Vajra","Art of War","MutagenicStrength","Pear","Tiny Chest","ClockworkSouvenir","Potion Belt","Pandora\u0027s Box","Orichalcum","Dream Catcher","Paper Frog"],"potions_floor_usage":[56,56],"damage_taken":[{"damage":0.0,"enemies":"Cultist","floor":1.0,"turns":1.0},{"damage":0.0,"enemies":"2 Louse","floor":2.0,"turns":1.0},{"damage":0.0,"enemies":"Small Slimes","floor":4.0,"turns":1.0},{"damage":0.0,"enemies":"3 Louse","floor":5.0,"turns":1.0},{"damage":0.0,"enemies":"Gremlin Nob","floor":7.0,"turns":1.0},{"damage":0.0,"enemies":"Blue Slaver","floor":11.0,"turns":1.0},{"damage":0.0,"enemies":"Large Slime","floor":12.0,"turns":1.0},{"damage":0.0,"enemies":"Lagavulin","floor":13.0,"turns":1.0},{"damage":0.0,"enemies":"Hexaghost","floor":16.0,"turns":1.0},{"damage":0.0,"enemies":"Chosen","floor":18.0,"turns":1.0},{"damage":0.0,"enemies":"3 Byrds","floor":21.0,"turns":1.0},{"damage":0.0,"enemies":"Centurion and Healer","floor":27.0,"turns":1.0},{"damage":0.0,"enemies":"Book of Stabbing","floor":30.0,"turns":1.0},{"damage":0.0,"enemies":"Champ","floor":33.0,"turns":1.0},{"damage":0.0,"enemies":"3 Shapes","floor":35.0,"turns":1.0},{"damage":0.0,"enemies":"Orb Walker","floor":38.0,"turns":1.0},{"damage":0.0,"enemies":"Writhing Mass","floor":41.0,"turns":1.0},{"damage":0.0,"enemies":"Reptomancer","floor":47.0,"turns":1.0},{"damage":0.0,"enemies":"Sphere and 2 Shapes","floor":48.0,"turns":1.0},{"damage":0.0,"enemies":"Donu and Deca","floor":50.0,"turns":1.0},{"damage":0.0,"enemies":"Time Eater","floor":51.0,"turns":1.0},{"damage":0.0,"enemies":"Shield and Spear","floor":55.0,"turns":1.0},{"damage":75,"enemies":"The Heart","floor":56,"turns":4}],"seed_played":"6354222843170058182","potions_obtained":[{"floor":1.0,"key":"Ancient Potion"},{"floor":33.0,"key":"Ancient Potion"},{"floor":47.0,"key":"SneckoOil"}],"is_trial":true,"path_per_floor":["M","M","$","M","M","$","E","R","T","R","M","M","E","?","R","B",null,"M","?","?","M","?","R","$","R","T","M","?","?","E","$","R","B",null,"M","?","$","M","$","R","M","R","T","R","?","T","E","M","R","B","B",null,"R","$","E","B",null],"character_chosen":"IRONCLAD","items_purchased":["Pear","ClockworkSouvenir","Potion Belt","Violence","Evolve"],"campfire_rested":4,"item_purchase_floors":[24,31,31,54,54],"current_hp_per_floor":[74,75,75,75,75,75,75,75,75,75,75,75,75,75,75,75,75,75,75,75,75,75,75,85,85,85,85,85,85,85,85,85,85,85,85,85,85,85,85,85,85,85,85,85,85,85,85,85,85,85,85,85,85,85,85,28],"gold":77,"neow_bonus":"","is_prod":false,"is_daily":false,"chose_seed":false,"campfire_upgraded":6,"win_rate":0,"timestamp":1553365292,"path_taken":["M","?","$","?","?","$","E","R","T","R","M","M","E","?","R","BOSS","M","?","?","M","?","R","?","R","T","M","?","?","E","$","R","BOSS","M","?","$","M","$","R","M","R","T","R","?","?","E","M","R","BOSS","BOSS","R","$","E","BOSS"],"build_version":"2019-01-23","purchased_purges":0,"victory":true,"max_hp_per_floor":[75,75,75,75,75,75,75,75,75,75,75,75,75,75,75,75,75,75,75,75,75,75,75,85,85,85,85,85,85,85,85,85,85,85,85,85,85,85,85,85,85,85,85,85,85,85,85,85,85,85,85,85,85,85,85,85],"card_choices":[{"not_picked":["Blood for Blood","Disarm","Corruption"],"picked":"SKIP","floor":1.0},{"not_picked":["Dual Wield","Iron Wave","Clash+1"],"picked":"SKIP","floor":55.0}],"player_experience":4609301,"relics_obtained":[{"floor":9.0,"key":"Vajra"},{"floor":13.0,"key":"Art of War"},{"floor":30.0,"key":"Tiny Chest"},{"floor":46.0,"key":"Orichalcum"},{"floor":47.0,"key":"Dream Catcher"},{"floor":55.0,"key":"Paper Frog"}],"event_choices":[{"damage_healed":0.0,"max_hp_gain":0.0,"max_hp_loss":0.0,"gold_gain":0.0,"event_name":"Living Wall","player_choice":"Grow","floor":14.0,"gold_loss":0.0,"damage_taken":0.0,"cards_upgraded":["Grand Finale"]},{"damage_healed":0.0,"max_hp_gain":0.0,"max_hp_loss":0.0,"gold_gain":0.0,"event_name":"The Mausoleum","player_choice":"Ignored","floor":19.0,"gold_loss":0.0,"damage_taken":0.0},{"damage_healed":0.0,"max_hp_gain":0.0,"max_hp_loss":0.0,"gold_gain":0.0,"event_name":"Ghosts","player_choice":"Ignored","floor":20.0,"gold_loss":0.0,"damage_taken":0.0},{"damage_healed":0.0,"max_hp_gain":0.0,"max_hp_loss":0.0,"gold_gain":0.0,"event_name":"Drug Dealer","player_choice":"Inject Mutagens","floor":22.0,"gold_loss":0.0,"damage_taken":0.0,"relics_obtained":["MutagenicStrength"]},{"damage_healed":0.0,"max_hp_gain":0.0,"max_hp_loss":0.0,"gold_gain":0.0,"event_name":"Cursed Tome","player_choice":"Ignored","floor":28.0,"gold_loss":0.0,"damage_taken":0.0},{"damage_healed":0.0,"max_hp_gain":0.0,"max_hp_loss":0.0,"gold_gain":0.0,"event_name":"Back to Basics","player_choice":"Simplicity","floor":29.0,"gold_loss":0.0,"damage_taken":0.0,"cards_upgraded":[]},{"damage_healed":0.0,"max_hp_gain":0.0,"max_hp_loss":0.0,"gold_gain":0.0,"event_name":"SensoryStone","player_choice":"Memory 1","floor":36.0,"gold_loss":0.0,"damage_taken":0.0},{"cards_removed":["Grand Finale"],"damage_healed":0.0,"max_hp_gain":0.0,"max_hp_loss":0.0,"gold_gain":0.0,"event_name":"Falling","player_choice":"Removed Attack","floor":45.0,"gold_loss":0.0,"damage_taken":0.0}],"is_beta":false,"boss_relics":[{"not_picked":["Fusion Hammer","Calling Bell","Black Blood"]},{"not_picked":["Tiny House","Cursed Key"],"picked":"Pandora\u0027s Box"}],"items_purged_floors":[],"is_endless":false,"potions_floor_spawned":[1,7,11,12,21,33,35,47],"ascension_level":20}