{"gold_per_floor":[14,27,177,177,193,193,193,228,228,246,72,72,72,91,91,163,163,177,190,190,202,1,1,12,12,12,30,30,48,48,61,61,61],"floor_reached":33,"playtime":919,"items_purged":[],"score":538,"play_id":"266870b4-6750-4ea8-8e08-a056267599b4","local_time":"20190412021341","is_ascension_mode":true,"campfire_choices":[{"data":"Barricade","floor":6.0,"key":"SMITH"},{"data":"Second Wind","floor":13.0,"key":"SMITH"},{"floor":15.0,"key":"REST"},{"data":"Dark Embrace","floor":23.0,"key":"SMITH"},{"data":"Body Slam","floor":25.0,"key":"SMITH"},{"floor":32.0,"key":"RECALL"}],"neow_cost":"NO_GOLD","seed_source_timestamp":7635876551100,"circlet_count":0,"master_deck":["AscendersBane","Strike_R","Strike_R","Defend_R","Defend_R","Defend_R","Defend_R","Bash","Whirlwind","Second Wind+1","Doubt","Barricade+1","Spot Weakness+1","Warcry+1","Impervious+1","Dark Embrace+1","Intimidate+1","Seeing Red+1","Master of Strategy+1","Body Slam+1"],"special_seed":0,"relics":["Burning Blood","CultistMask","Toxic Egg 2","Anchor","Mark of Pain","Molten Egg 2"],"potions_floor_usage":[],"damage_taken":[{"damage":7.0,"enemies":"Jaw Worm","floor":1.0,"turns":4.0},{"damage":0.0,"enemies":"2 Louse","floor":2.0,"turns":1.0},{"damage":12.0,"enemies":"Cultist","floor":5.0,"turns":4.0},{"damage":54.0,"enemies":"Gremlin Nob","floor":8.0,"turns":5.0},{"damage":2.0,"enemies":"3 Louse","floor":10.0,"turns":2.0},{"damage":4.0,"enemies":"Exordium Thugs","floor":14.0,"turns":5.0},{"damage":2.0,"enemies":"Slime Boss","floor":16.0,"turns":13.0},{"damage":1.0,"enemies":"Shell Parasite","floor":18.0,"turns":6.0},{"damage":4.0,"enemies":"Chosen","floor":19.0,"turns":7.0},{"damage":3.0,"enemies":"Centurion and Healer","floor":21.0,"turns":6.0},{"damage":0.0,"enemies":"Shelled Parasite and Fungi","floor":24.0,"turns":6.0},{"damage":9.0,"enemies":"Snake Plant","floor":27.0,"turns":4.0},{"damage":0.0,"enemies":"Slavers","floor":28.0,"turns":1.0},{"damage":8.0,"enemies":"Centurion and Healer","floor":29.0,"turns":4.0},{"damage":0.0,"enemies":"Shelled Parasite and Fungi","floor":31.0,"turns":4.0},{"damage":80,"enemies":"Champ","floor":33,"turns":14}],"seed_played":"2968118781675778797","potions_obtained":[{"floor":1.0,"key":"Poison Potion"},{"floor":7.0,"key":"Strength Potion"},{"floor":8.0,"key":"SpeedPotion"},{"floor":14.0,"key":"BloodPotion"},{"floor":16.0,"key":"SmokeBomb"},{"floor":21.0,"key":"Poison Potion"},{"floor":31.0,"key":"LiquidBronze"}],"is_trial":false,"path_per_floor":["M","M","?","?","M","R","?","E","T","M","$","?","R","M","R","B",null,"M","M","?","M","$","R","M","R","T","M","E","M","?","M","R","B"],"character_chosen":"IRONCLAD","items_purchased":["Impervious+1","Master of Strategy+1"],"campfire_rested":1,"item_purchase_floors":[11,22],"current_hp_per_floor":[67,73,73,73,67,67,67,19,19,23,23,18,18,20,42,53,70,75,75,75,75,75,75,75,75,75,72,75,73,73,75,75,0],"gold":61,"neow_bonus":"REMOVE_TWO","is_prod":false,"is_daily":false,"chose_seed":false,"campfire_upgraded":4,"win_rate":0,"timestamp":1555002821,"path_taken":["M","M","?","?","?","R","?","E","T","M","$","?","R","M","R","BOSS","M","M","?","M","$","R","M","R","T","M","E","M","?","M","R","BOSS"],"build_version":"2019-01-23","purchased_purges":0,"victory":false,"max_hp_per_floor":[75,75,75,75,75,75,75,75,75,75,75,75,75,75,75,75,75,75,75,75,75,75,75,75,75,75,75,75,75,75,75,75,75],"card_choices":[{"not_picked":["Anger","Armaments"],"picked":"Whirlwind","floor":1.0},{"not_picked":["Warcry","Headbutt"],"picked":"Second Wind","floor":2.0},{"not_picked":["Warcry","Burning Pact"],"picked":"Barricade","floor":5.0},{"not_picked":["Flex","Pummel"],"picked":"Spot Weakness","floor":8.0},{"not_picked":["Metallicize","Armaments+1"],"picked":"Warcry+1","floor":10.0},{"not_picked":["Headbutt","Twin Strike","Clothesline"],"picked":"SKIP","floor":14.0},{"not_picked":["Headbutt","Twin Strike","Clothesline"],"picked":"SKIP","floor":14.0},{"not_picked":["Barricade","Juggernaut"],"picked":"Dark Embrace","floor":16.0},{"not_picked":["Anger","Heavy Blade"],"picked":"Intimidate+1","floor":18.0},{"not_picked":["Perfected Strike","Wild Strike"],"picked":"Seeing Red+1","floor":19.0},{"not_picked":["Clothesline","Clash","Iron Wave"],"picked":"SKIP","floor":21.0},{"not_picked":["Clothesline","Clash","Iron Wave"],"picked":"SKIP","floor":21.0},{"not_picked":["Shockwave+1","Metallicize"],"picked":"Body Slam","floor":24.0},{"not_picked":["Rupture","Pummel+1","Armaments+1"],"picked":"SKIP","floor":27.0},{"not_picked":["Clothesline+1","Whirlwind+1","Pommel Strike+1"],"picked":"SKIP","floor":29.0},{"not_picked":["Perfected Strike+1","Armaments+1","Headbutt+1"],"picked":"SKIP","floor":31.0}],"player_experience":4760472,"relics_obtained":[{"floor":8.0,"key":"Toxic Egg 2"},{"floor":26.0,"key":"Molten Egg 2"}],"event_choices":[{"damage_healed":0.0,"max_hp_gain":0.0,"max_hp_loss":0.0,"gold_gain":150.0,"event_name":"Liars Game","player_choice":"AGREE","floor":3.0,"gold_loss":0.0,"damage_taken":0.0,"cards_obtained":["Doubt"]},{"damage_healed":0.0,"max_hp_gain":0.0,"max_hp_loss":0.0,"gold_gain":0.0,"event_name":"FaceTrader","player_choice":"Trade","floor":4.0,"gold_loss":0.0,"damage_taken":0.0,"relics_obtained":["CultistMask"]},{"damage_healed":0.0,"max_hp_gain":0.0,"max_hp_loss":0.0,"gold_gain":0.0,"event_name":"Lab","player_choice":"Got Potions","floor":7.0,"gold_loss":0.0,"damage_taken":0.0},{"damage_healed":0.0,"max_hp_gain":0.0,"max_hp_loss":0.0,"gold_gain":0.0,"event_name":"Scrap Ooze","player_choice":"Success","floor":12.0,"gold_loss":0.0,"damage_taken":5.0,"relics_obtained":["Anchor"]},{"cards_removed":["Strike_R"],"damage_healed":0.0,"max_hp_gain":0.0,"max_hp_loss":0.0,"gold_gain":0.0,"event_name":"Back to Basics","player_choice":"Elegance","floor":20.0,"gold_loss":0.0,"damage_taken":0.0},{"damage_healed":0.0,"max_hp_gain":0.0,"max_hp_loss":0.0,"gold_gain":0.0,"event_name":"Ghosts","player_choice":"Ignored","floor":30.0,"gold_loss":0.0,"damage_taken":0.0}],"is_beta":false,"boss_relics":[{"not_picked":["Runic Dome","Velvet Choker"],"picked":"Mark of Pain"}],"items_purged_floors":[],"is_endless":false,"potions_floor_spawned":[1,8,14,16,21,27,28,31],"killed_by":"Champ","ascension_level":20}