{"gold_per_floor":[115,132,146,221,68,68,95,95,95,95,43,60,72,97,97,201,201,214,214,243,243,262,296,310,310,387,387,404,417,436,468,468,569,569,587,604,355,455,474,474,501,219,219,219,235,267,267,267,267,267],"floor_reached":51,"playtime":4421,"items_purged":["Bite","Bite"],"score":913,"play_id":"c185d475-e61e-46d0-9745-07ee18b21222","local_time":"20190712112346","is_ascension_mode":true,"campfire_choices":[{"floor":6,"key":"REST"},{"floor":8,"key":"REST"},{"data":"Footwork","floor":15,"key":"SMITH"},{"data":"Neutralize","floor":25,"key":"SMITH"},{"data":"Footwork","floor":32,"key":"SMITH"},{"data":"1","floor":40,"key":"LIFT"},{"floor":44,"key":"REST"},{"data":"2","floor":49,"key":"LIFT"}],"neow_cost":"PERCENT_DAMAGE","seed_source_timestamp":120098870768600,"circlet_count":0,"master_deck":["Defend_G","Defend_G","Defend_G","Defend_G","Survivor","Neutralize+1","Deadly Poison","Dagger Throw","Footwork+1","Die Die Die","Deflect","After Image","Well Laid Plans","Tools of the Trade","Corpse Explosion","Bite","Bite","Bite","Bane","Caltrops","Dash","Footwork+1","PiercingWail+1","Bouncing Flask","Finesse","Expertise","Cloak And Dagger+1","Backflip"],"relics":["Ring of the Snake","Mummified Hand","Sundial","Snake Skull","Busted Crown","Red Mask","Meat on the Bone","Dodecahedron","Calipers","Fusion Hammer","Girya","Smiling Mask","ClockworkSouvenir","Bottled Lightning","Thread and Needle"],"potions_floor_usage":[16,22,23,24,28,31,31,45,50,50],"damage_taken":[{"damage":0,"enemies":"2 Louse","floor":1,"turns":2},{"damage":0,"enemies":"Jaw Worm","floor":2,"turns":3},{"damage":1,"enemies":"Small Slimes","floor":3,"turns":3},{"damage":27,"enemies":"Lagavulin","floor":7,"turns":5},{"damage":0,"enemies":"Blue Slaver","floor":12,"turns":2},{"damage":0,"enemies":"2 Fungi Beasts","floor":13,"turns":3},{"damage":0,"enemies":"3 Sentries","floor":14,"turns":7},{"damage":5,"enemies":"Hexaghost","floor":16,"turns":10},{"damage":4,"enemies":"3 Byrds","floor":18,"turns":4},{"damage":11,"enemies":"Masked Bandits","floor":20,"turns":3},{"damage":7,"enemies":"2 Thieves","floor":22,"turns":3},{"damage":8,"enemies":"Slavers","floor":23,"turns":4},{"damage":22,"enemies":"Snake Plant","floor":24,"turns":4},{"damage":16,"enemies":"Snecko","floor":28,"turns":6},{"damage":0,"enemies":"Shelled Parasite and Fungi","floor":29,"turns":4},{"damage":1,"enemies":"Centurion and Healer","floor":30,"turns":2},{"damage":35,"enemies":"Gremlin Leader","floor":31,"turns":6},{"damage":42,"enemies":"Automaton","floor":33,"turns":12},{"damage":1,"enemies":"Orb Walker","floor":35,"turns":4},{"damage":2,"enemies":"3 Darklings","floor":36,"turns":2},{"damage":0,"enemies":"Mind Bloom Boss Battle","floor":38,"turns":7},{"damage":0,"enemies":"4 Shapes","floor":39,"turns":6},{"damage":25,"enemies":"Giant Head","floor":41,"turns":9},{"damage":19,"enemies":"Maw","floor":45,"turns":6},{"damage":1,"enemies":"Nemesis","floor":46,"turns":7},{"damage":7,"enemies":"Time Eater","floor":50,"turns":9}],"seed_played":"7615328843714576135","potions_obtained":[{"floor":7,"key":"EssenceOfSteel"},{"floor":12,"key":"PowerPotion"},{"floor":14,"key":"PowerPotion"},{"floor":18,"key":"EssenceOfSteel"},{"floor":22,"key":"Poison Potion"},{"floor":23,"key":"Poison Potion"},{"floor":24,"key":"Weak Potion"},{"floor":29,"key":"LiquidBronze"},{"floor":36,"key":"AttackPotion"},{"floor":38,"key":"SmokeBomb"},{"floor":45,"key":"PowerPotion"}],"is_trial":false,"path_per_floor":["M","M","M","?","$","R","E","R","T","?","$","M","M","E","R","B",null,"M","?","?","?","M","E","M","R","T","?","M","M","M","E","R","B",null,"M","M","$","?","M","R","E","$","T","R","M","E","?","?","R","B",null],"character_chosen":"THE_SILENT","items_purchased":["Die Die Die","PowerPotion","Bouncing Flask","Finesse","Expertise","ClockworkSouvenir"],"campfire_rested":3,"item_purchase_floors":[5,11,37,37,42,42],"current_hp_per_floor":[49,49,48,37,37,58,31,52,52,52,52,52,52,52,52,47,64,60,49,40,33,34,36,36,36,36,36,34,44,45,39,39,27,47,52,54,54,54,54,54,35,35,35,51,41,48,48,48,48,53],"gold":267,"neow_bonus":"THREE_RARE_CARDS","is_prod":false,"is_daily":false,"chose_seed":false,"campfire_upgraded":3,"win_rate":0,"timestamp":1562945026,"path_taken":["M","M","M","?","$","R","E","R","T","?","?","M","M","E","R","BOSS","M","?","?","?","M","E","M","R","T","?","?","M","M","E","R","BOSS","M","?","$","?","M","R","E","$","T","R","M","E","?","?","R","BOSS"],"build_version":"2019-07-05","purchased_purges":2,"victory":true,"max_hp_per_floor":[70,70,70,70,70,70,70,70,70,70,70,70,70,70,70,70,70,70,49,49,54,54,54,54,54,54,54,54,54,54,54,54,54,54,54,54,54,54,54,54,54,54,54,54,54,54,54,54,54,54],"card_choices":[{"not_picked":["Phantasmal Killer","Adrenaline"],"picked":"Glass Knife","floor":0},{"not_picked":["Prepared","Acrobatics"],"picked":"Deadly Poison","floor":1},{"not_picked":["Outmaneuver","Blade Dance"],"picked":"Dagger Throw","floor":2},{"not_picked":["Blur","Flying Knee"],"picked":"Footwork","floor":3},{"not_picked":["Endless Agony","Backstab"],"picked":"Deflect","floor":7},{"not_picked":["Tactician","Flechettes"],"picked":"After Image","floor":12},{"not_picked":["Quick Slash","Acrobatics"],"picked":"Well Laid Plans","floor":13},{"not_picked":["Prepared","Distraction"],"picked":"Tools of the Trade","floor":14},{"not_picked":["Wraith Form v2","Glass Knife"],"picked":"Corpse Explosion","floor":16},{"not_picked":["Finisher"],"picked":"SKIP","floor":18},{"not_picked":[],"picked":"Bane","floor":20},{"not_picked":["Endless Agony"],"picked":"SKIP","floor":22},{"not_picked":[],"picked":"Caltrops","floor":23},{"not_picked":["Predator"],"picked":"SKIP","floor":24},{"not_picked":["Slice"],"picked":"SKIP","floor":28},{"not_picked":["Terror+1"],"picked":"SKIP","floor":29},{"not_picked":[],"picked":"Dash","floor":30},{"not_picked":[],"picked":"Footwork","floor":31},{"not_picked":["Dash"],"picked":"SKIP","floor":35},{"not_picked":[],"picked":"PiercingWail+1","floor":36},{"not_picked":["Bane"],"picked":"SKIP","floor":39},{"not_picked":["Flying Knee"],"picked":"SKIP","floor":41},{"not_picked":[],"picked":"Cloak And Dagger+1","floor":45},{"not_picked":[],"picked":"Backflip","floor":46}],"player_experience":208925,"relics_obtained":[{"floor":7,"key":"Mummified Hand"},{"floor":9,"key":"Sundial"},{"floor":14,"key":"Snake Skull"},{"floor":20,"key":"Red Mask"},{"floor":23,"key":"Meat on the Bone"},{"floor":26,"key":"Dodecahedron"},{"floor":31,"key":"Calipers"},{"floor":38,"key":"Girya"},{"floor":41,"key":"Smiling Mask"},{"floor":43,"key":"Bottled Lightning"},{"floor":46,"key":"Thread and Needle"}],"event_choices":[{"damage_healed":0,"gold_gain":75,"player_choice":"Gather Gold","damage_taken":11,"max_hp_gain":0,"max_hp_loss":0,"event_name":"World of Goop","floor":4,"gold_loss":0},{"damage_healed":0,"gold_gain":0,"player_choice":"Grow","damage_taken":0,"max_hp_gain":0,"max_hp_loss":0,"event_name":"Living Wall","floor":10,"gold_loss":0,"cards_upgraded":["Glass Knife"]},{"damage_healed":0,"gold_gain":0,"player_choice":"Became a vampire","damage_taken":0,"max_hp_gain":0,"max_hp_loss":21,"event_name":"Vampires","floor":19,"gold_loss":0,"cards_obtained":["Bite","Bite","Bite","Bite","Bite"]},{"damage_healed":0,"gold_gain":0,"player_choice":"Fought Bandits","damage_taken":0,"max_hp_gain":0,"max_hp_loss":0,"event_name":"Masked Bandits","floor":20,"gold_loss":0},{"damage_healed":0,"gold_gain":0,"player_choice":"Shed Blood","damage_taken":12,"max_hp_gain":5,"max_hp_loss":0,"event_name":"Forgotten Altar","floor":21,"gold_loss":0},{"cards_removed":["Defend_G"],"damage_healed":0,"gold_gain":0,"player_choice":"Purged","damage_taken":0,"max_hp_gain":0,"max_hp_loss":0,"event_name":"Purifier","floor":27,"gold_loss":0},{"damage_healed":0,"gold_gain":0,"player_choice":"Fight","damage_taken":0,"max_hp_gain":0,"max_hp_loss":0,"event_name":"MindBloom","floor":38,"gold_loss":0},{"damage_healed":0,"gold_gain":0,"player_choice":"Memory 1","damage_taken":0,"max_hp_gain":0,"max_hp_loss":0,"event_name":"SensoryStone","floor":47,"gold_loss":0},{"cards_removed":["Glass Knife"],"damage_healed":0,"gold_gain":0,"player_choice":"Removed Attack","damage_taken":0,"max_hp_gain":0,"max_hp_loss":0,"event_name":"Falling","floor":48,"gold_loss":0}],"is_beta":false,"boss_relics":[{"not_picked":["Calling Bell","Astrolabe"],"picked":"Busted Crown"},{"not_picked":["Velvet Choker","Empty Cage"],"picked":"Fusion Hammer"}],"items_purged_floors":[37,42],"is_endless":false,"potions_floor_spawned":[7,12,14,18,22,23,24,29,36,38,41,45],"ascension_level":5}