{"gold_per_floor":[113,113,138,18,32,32,52,96,145,176,176,176,201,222,222,341,341,355,376,389,304,317,317],"floor_reached":23,"playtime":1602,"items_purged":["Injury"],"score":370,"play_id":"0c7886aa-53c3-45cb-b68d-8e318850a30f","local_time":"20190721213748","is_ascension_mode":true,"campfire_choices":[{"data":"Static Discharge","floor":6,"key":"SMITH"},{"floor":12,"key":"REST"},{"data":"Zap","floor":15,"key":"SMITH"}],"neow_cost":"NONE","seed_source_timestamp":26488349002400,"circlet_count":0,"master_deck":["Strike_B","Strike_B","Strike_B","Strike_B","Defend_B","Defend_B","Defend_B","Defend_B","Zap+1","Dualcast","Sweeping Beam","Static Discharge+1","Coolheaded","Doom and Gloom","Cold Snap","Ball Lightning","Leap","Compile Driver","Echo Form","Coolheaded","Loop","Conserve Battery"],"relics":["Cracked Core","Golden Idol","Shuriken","Lantern","Regal Pillow","Eternal Feather","Darkstone Periapt"],"potions_floor_usage":[7,8,10,10,10,16,16,20,22,22,23],"damage_taken":[{"damage":3,"enemies":"2 Louse","floor":1,"turns":3},{"damage":0,"enemies":"Small Slimes","floor":3,"turns":4},{"damage":0,"enemies":"Cultist","floor":5,"turns":3},{"damage":0,"enemies":"Gremlin Gang","floor":7,"turns":1},{"damage":36,"enemies":"Lagavulin","floor":8,"turns":5},{"damage":8,"enemies":"Gremlin Nob","floor":10,"turns":2},{"damage":13,"enemies":"Exordium Wildlife","floor":13,"turns":3},{"damage":1,"enemies":"Looter","floor":14,"turns":2},{"damage":0,"enemies":"Slime Boss","floor":16,"turns":7},{"damage":7,"enemies":"3 Byrds","floor":18,"turns":1},{"damage":30,"enemies":"2 Thieves","floor":19,"turns":2},{"damage":17,"enemies":"Snake Plant","floor":20,"turns":3},{"damage":3,"enemies":"Centurion and Healer","floor":22,"turns":9},{"damage":15,"enemies":"Slavers","floor":23,"turns":1}],"seed_played":"511585911297667947","potions_obtained":[{"floor":0,"key":"Explosive Potion"},{"floor":0,"key":"EntropicBrew"},{"floor":0,"key":"LiquidBronze"},{"floor":7,"key":"EssenceOfSteel"},{"floor":10,"key":"Strength Potion"},{"floor":11,"key":"Fire Potion"},{"floor":11,"key":"Fire Potion"},{"floor":16,"key":"Strength Potion"},{"floor":19,"key":"SteroidPotion"},{"floor":20,"key":"SpeedPotion"}],"is_trial":false,"path_per_floor":["M","?","M","$","M","R","M","E","T","E","?","R","M","M","R","B",null,"M","M","M","?","M","E"],"character_chosen":"DEFECT","items_purchased":["Coolheaded"],"campfire_rested":1,"item_purchase_floors":[4],"current_hp_per_floor":[65,65,65,65,65,65,65,29,29,21,21,58,45,44,44,44,67,60,30,13,13,10,0],"gold":317,"neow_bonus":"THREE_SMALL_POTIONS","is_prod":false,"is_daily":false,"chose_seed":false,"campfire_upgraded":2,"win_rate":0,"timestamp":1563759468,"path_taken":["M","?","M","$","M","R","M","E","T","E","?","R","M","M","R","BOSS","M","?","?","?","M","E"],"build_version":"2019-07-17","purchased_purges":1,"victory":false,"max_hp_per_floor":[75,75,75,75,75,75,75,75,75,75,75,75,75,75,75,75,75,75,75,75,75,75,75],"card_choices":[{"not_picked":["Heatsinks","Steam"],"picked":"Sweeping Beam","floor":1},{"not_picked":["Defragment","Reprogram"],"picked":"Static Discharge","floor":3},{"not_picked":["Static Discharge","Lockon"],"picked":"Doom and Gloom","floor":5},{"not_picked":["Loop","Fusion"],"picked":"Cold Snap","floor":7},{"not_picked":["Defragment","Steam Power"],"picked":"Ball Lightning","floor":8},{"not_picked":["Blizzard","Skim"],"picked":"Leap","floor":10},{"not_picked":["Tempest","Redo"],"picked":"Compile Driver","floor":13},{"not_picked":["Rip and Tear","Ball Lightning","Hello World"],"picked":"SKIP","floor":14},{"not_picked":["Seek","Thunder Strike"],"picked":"Echo Form","floor":16},{"not_picked":["Beam Cell","Cold Snap"],"picked":"Coolheaded","floor":18},{"not_picked":["Gash","Compile Driver"],"picked":"Loop","floor":19},{"not_picked":["Sunder","Hologram"],"picked":"Conserve Battery","floor":20},{"not_picked":["Rebound","Beam Cell+1","Double Energy"],"picked":"SKIP","floor":22}],"player_experience":289038,"relics_obtained":[{"floor":8,"key":"Shuriken"},{"floor":9,"key":"Lantern"},{"floor":10,"key":"Regal Pillow"}],"event_choices":[{"damage_healed":0,"gold_gain":0,"player_choice":"Take Wound","damage_taken":0,"relics_obtained":["Golden Idol"],"max_hp_gain":0,"max_hp_loss":0,"event_name":"Golden Idol","floor":2,"gold_loss":0,"cards_obtained":["Injury"]},{"damage_healed":0,"gold_gain":0,"player_choice":"Got Potions","damage_taken":0,"max_hp_gain":0,"max_hp_loss":0,"event_name":"Lab","floor":11,"gold_loss":0},{"damage_healed":0,"gold_gain":0,"player_choice":"Obtained Relic","damage_taken":0,"relics_obtained":["Darkstone Periapt"],"max_hp_gain":0,"max_hp_loss":0,"event_name":"Addict","floor":21,"gold_loss":85}],"is_beta":false,"boss_relics":[{"not_picked":["Ectoplasm","Lizard Tail"],"picked":"Eternal Feather"}],"items_purged_floors":[4],"is_endless":false,"potions_floor_spawned":[7,10,16,19,20],"killed_by":"Slavers","ascension_level":9}