{"gold_per_floor":[117,136,151,151,169,169,183,183,236,246,246,274,274,274,274,351,351,370,440,456,456,471,471,471,503,503,503,518,518],"floor_reached":29,"playtime":625,"items_purged":[],"score":490,"play_id":"2a2fd789-4459-4b59-a44a-532de7689146","local_time":"20190414032550","is_ascension_mode":true,"campfire_choices":[{"data":"Inflame","floor":6.0,"key":"SMITH"},{"floor":8.0,"key":"REST"},{"data":"Heavy Blade","floor":11.0,"key":"SMITH"},{"floor":13.0,"key":"REST"},{"data":"Bash","floor":15.0,"key":"SMITH"},{"data":"Flex","floor":23.0,"key":"SMITH"},{"data":"Whirlwind","floor":27.0,"key":"SMITH"}],"neow_cost":"NONE","seed_source_timestamp":185463753268300,"circlet_count":0,"master_deck":["AscendersBane","Strike_R","Strike_R+1","Defend_R","Defend_R+1","Defend_R","Defend_R","Bash+1","Wild Strike","Anger","Inflame+1","Heavy Blade+1","Battle Trance+1","Reaper","Ghostly Armor","Flex+1","Sword Boomerang","Whirlwind+1"],"special_seed":0,"relics":["Burning Blood","Vajra","Shuriken","Empty Cage","Meat on the Bone","Smiling Mask","The Courier"],"potions_floor_usage":[29],"damage_taken":[{"damage":7.0,"enemies":"Small Slimes","floor":1.0,"turns":4.0},{"damage":9.0,"enemies":"Jaw Worm","floor":2.0,"turns":5.0},{"damage":6.0,"enemies":"Cultist","floor":3.0,"turns":3.0},{"damage":25.0,"enemies":"Large Slime","floor":5.0,"turns":4.0},{"damage":26.0,"enemies":"Exordium Thugs","floor":7.0,"turns":4.0},{"damage":0.0,"enemies":"Looter","floor":10.0,"turns":2.0},{"damage":28.0,"enemies":"Lagavulin","floor":12.0,"turns":4.0},{"damage":41.0,"enemies":"The Guardian","floor":16.0,"turns":12.0},{"damage":39.0,"enemies":"Shell Parasite","floor":18.0,"turns":4.0},{"damage":29.0,"enemies":"2 Thieves","floor":20.0,"turns":5.0},{"damage":24.0,"enemies":"Centurion and Healer","floor":22.0,"turns":5.0},{"damage":39.0,"enemies":"Gremlin Leader","floor":25.0,"turns":6.0},{"damage":33.0,"enemies":"Snake Plant","floor":28.0,"turns":4.0},{"damage":61,"enemies":"Slavers","floor":29,"turns":3}],"seed_played":"-8580179956478878753","potions_obtained":[{"floor":1.0,"key":"Regen Potion"},{"floor":7.0,"key":"Block Potion"},{"floor":10.0,"key":"Block Potion"},{"floor":12.0,"key":"SpeedPotion"},{"floor":20.0,"key":"PowerPotion"}],"is_trial":false,"path_per_floor":["M","M","M","?","M","R","M","R","T","M","R","E","R","?","R","B",null,"M","T","M","?","M","R","?","E","T","R","M","E"],"character_chosen":"IRONCLAD","items_purchased":[],"campfire_rested":2,"item_purchase_floors":[],"current_hp_per_floor":[74,71,71,46,39,39,19,43,43,49,49,27,51,51,51,16,66,45,45,42,42,58,58,58,70,70,70,56,0],"gold":518,"neow_bonus":"TEN_PERCENT_HP_BONUS","is_prod":false,"is_daily":false,"chose_seed":false,"campfire_upgraded":5,"win_rate":0,"timestamp":1555179950,"path_taken":["M","M","M","?","M","R","M","R","T","M","R","E","R","?","R","BOSS","M","?","M","?","?","R","?","E","T","R","M","E"],"build_version":"2019-01-23","purchased_purges":0,"victory":false,"max_hp_per_floor":[82,82,82,82,82,82,82,82,82,82,82,82,82,82,82,82,82,82,82,82,82,82,82,82,82,82,82,82,82],"card_choices":[{"not_picked":["Fire Breathing","Disarm"],"picked":"Wild Strike","floor":1.0},{"not_picked":["Body Slam","Corruption"],"picked":"Anger","floor":2.0},{"not_picked":["Pommel Strike","True Grit"],"picked":"Inflame","floor":3.0},{"not_picked":["Headbutt","Body Slam","Entrench"],"picked":"SKIP","floor":5.0},{"not_picked":["Sentinel","Blood for Blood"],"picked":"Heavy Blade","floor":7.0},{"not_picked":["Shockwave","Pommel Strike"],"picked":"Battle Trance","floor":10.0},{"not_picked":["Rupture","Bloodletting","Brutality"],"picked":"SKIP","floor":12.0},{"not_picked":["Fiend Fire","Dark Embrace"],"picked":"Reaper","floor":16.0},{"not_picked":["Intimidate","Thunderclap"],"picked":"Ghostly Armor","floor":18.0},{"not_picked":["Warcry","Ghostly Armor"],"picked":"Flex","floor":20.0},{"not_picked":["Armaments","Anger"],"picked":"Sword Boomerang","floor":22.0},{"not_picked":["Warcry","Power Through"],"picked":"Whirlwind","floor":25.0},{"not_picked":["Anger+1","Pommel Strike","Rupture"],"picked":"SKIP","floor":28.0}],"player_experience":4785336,"relics_obtained":[{"floor":9.0,"key":"Vajra"},{"floor":12.0,"key":"Shuriken"},{"floor":19.0,"key":"Meat on the Bone"},{"floor":25.0,"key":"Smiling Mask"},{"floor":26.0,"key":"The Courier"}],"event_choices":[{"damage_healed":0.0,"max_hp_gain":0.0,"max_hp_loss":0.0,"gold_gain":0.0,"event_name":"Shining Light","player_choice":"Entered Light","floor":4.0,"gold_loss":0.0,"damage_taken":25.0,"cards_upgraded":["Defend_R","Strike_R"]},{"damage_healed":0.0,"max_hp_gain":0.0,"max_hp_loss":0.0,"gold_gain":0.0,"event_name":"Upgrade Shrine","player_choice":"Upgraded","floor":14.0,"gold_loss":0.0,"damage_taken":0.0,"cards_upgraded":["Battle Trance"]},{"cards_removed":["Strike_R"],"damage_healed":0.0,"max_hp_gain":0.0,"max_hp_loss":0.0,"gold_gain":0.0,"event_name":"Bonfire Elementals","player_choice":"Offered Basic","floor":21.0,"gold_loss":0.0,"damage_taken":0.0},{"damage_healed":0.0,"max_hp_gain":0.0,"max_hp_loss":0.0,"gold_gain":0.0,"event_name":"N\u0027loth","player_choice":"Ignored","floor":24.0,"gold_loss":0.0,"damage_taken":0.0}],"is_beta":false,"boss_relics":[{"not_picked":["Velvet Choker","Ectoplasm"],"picked":"Empty Cage"}],"items_purged_floors":[],"is_endless":false,"potions_floor_spawned":[1,7,10,12,20,22],"killed_by":"Slavers","ascension_level":20}