{"gold_per_floor":[119,130,146,159,159,193,223,223,223,247,271,315,327,366,378,490,502,531,543,552,564,279,279],"floor_reached":23,"playtime":2310,"items_purged":["Strike_R"],"score":266,"play_id":"ad8667c9-1955-4c30-b4c3-3b3c28e071da","local_time":"20190725182757","is_ascension_mode":true,"campfire_choices":[{"data":"Uppercut","floor":8.0,"key":"SMITH"},{"data":"Body Slam","floor":13.0,"key":"SMITH"},{"floor":15.0,"key":"REST"}],"neow_cost":"NONE","seed_source_timestamp":0,"circlet_count":0,"master_deck":["Strike_R","Strike_R","Strike_R","Strike_R","Defend_R","Defend_R","Bash+1","Disarm","Body Slam+1","Shrug It Off","Uppercut+1","Entrench","Flex","Armaments","Shrug It Off","Hemokinesis+1","Barricade","Flame Barrier","True Grit","Ghostly","Ghostly","Ghostly","Ghostly","Ghostly","Dual Wield"],"special_seed":0,"relics":["Burning Blood","Boot","MawBank","Pantograph","Odd Mushroom","Black Star","Whetstone"],"potions_floor_usage":[],"damage_taken":[{"damage":0.0,"enemies":"2 Louse","floor":1.0,"turns":3.0},{"damage":6.0,"enemies":"Small Slimes","floor":2.0,"turns":4.0},{"damage":2.0,"enemies":"Jaw Worm","floor":3.0,"turns":3.0},{"damage":17.0,"enemies":"Exordium Thugs","floor":4.0,"turns":5.0},{"damage":21.0,"enemies":"Gremlin Nob","floor":6.0,"turns":5.0},{"damage":11.0,"enemies":"Large Slime","floor":10.0,"turns":7.0},{"damage":3.0,"enemies":"Looter","floor":11.0,"turns":3.0},{"damage":42.0,"enemies":"3 Sentries","floor":12.0,"turns":11.0},{"damage":9.0,"enemies":"The Mushroom Lair","floor":14.0,"turns":3.0},{"damage":52.0,"enemies":"The Guardian","floor":16.0,"turns":10.0},{"damage":55.0,"enemies":"Spheric Guardian","floor":18.0,"turns":6.0},{"damage":26.0,"enemies":"2 Thieves","floor":20.0,"turns":5.0},{"damage":16,"enemies":"Gremlin Leader","floor":23,"turns":8}],"seed_played":"2063802278480121504","potions_obtained":[{"floor":3.0,"key":"FearPotion"},{"floor":4.0,"key":"Swift Potion"},{"floor":11.0,"key":"Energy Potion"},{"floor":12.0,"key":"Strength Potion"}],"is_trial":false,"path_per_floor":["M","M","M","M","?","E","?","R","T","M","M","E","R","?","R","B",null,"M","?","M","?","$","E"],"character_chosen":"IRONCLAD","items_purchased":["Whetstone","Dual Wield"],"campfire_rested":1,"item_purchase_floors":[22,22],"current_hp_per_floor":[80,80,80,69,74,59,59,59,59,54,57,21,21,18,43,22,85,36,36,16,16,16,0],"gold":279,"neow_bonus":"REMOVE_CARD","is_prod":false,"is_daily":false,"chose_seed":false,"campfire_upgraded":2,"win_rate":0,"timestamp":1564104477,"path_taken":["M","M","M","M","?","E","?","R","T","M","M","E","R","?","R","BOSS","M","?","M","?","$","E"],"build_version":"2019-07-17","purchased_purges":1,"victory":false,"max_hp_per_floor":[80,80,80,80,85,85,85,85,85,85,85,85,85,85,85,85,85,85,85,85,42,42,42],"card_choices":[{"not_picked":["Clash","Dual Wield"],"picked":"Disarm","floor":1.0},{"not_picked":["Flex","Havoc"],"picked":"Body Slam","floor":2.0},{"not_picked":["Anger","Sword Boomerang"],"picked":"Shrug It Off","floor":3.0},{"not_picked":["Clothesline","Twin Strike"],"picked":"Uppercut","floor":4.0},{"not_picked":["Sentinel","Havoc"],"picked":"Entrench","floor":6.0},{"not_picked":["Bloodletting","Anger"],"picked":"Flex","floor":10.0},{"not_picked":["Dual Wield","Headbutt"],"picked":"Armaments","floor":11.0},{"not_picked":["Heavy Blade","Armaments"],"picked":"Shrug It Off","floor":12.0},{"not_picked":["Bloodletting","Shrug It Off"],"picked":"Hemokinesis","floor":14.0},{"not_picked":["Dark Embrace","Immolate"],"picked":"Barricade","floor":16.0},{"not_picked":["Twin Strike","Pommel Strike+1"],"picked":"Flame Barrier","floor":18.0},{"not_picked":["Reckless Charge","Warcry"],"picked":"True Grit","floor":20.0}],"player_experience":55233,"relics_obtained":[{"floor":6.0,"key":"Boot"},{"floor":9.0,"key":"MawBank"},{"floor":12.0,"key":"Pantograph"},{"floor":14.0,"key":"Odd Mushroom"}],"event_choices":[{"damage_healed":0.0,"max_hp_gain":5.0,"max_hp_loss":0.0,"gold_gain":0.0,"event_name":"Big Fish","player_choice":"Donut","floor":5.0,"gold_loss":0.0,"damage_taken":0.0},{"damage_healed":0.0,"max_hp_gain":0.0,"max_hp_loss":0.0,"gold_gain":30.0,"event_name":"Dead Adventurer","player_choice":"Searched \u00271\u0027 times","floor":7.0,"gold_loss":0.0,"damage_taken":0.0},{"damage_healed":0.0,"max_hp_gain":0.0,"max_hp_loss":0.0,"gold_gain":0.0,"event_name":"Mushrooms","player_choice":"Fought Mushrooms","floor":14.0,"gold_loss":0.0,"damage_taken":0.0},{"cards_removed":["Defend_R"],"damage_healed":0.0,"max_hp_gain":0.0,"max_hp_loss":0.0,"gold_gain":0.0,"event_name":"Bonfire Elementals","player_choice":"Offered Basic","floor":19.0,"gold_loss":0.0,"damage_taken":0.0},{"damage_healed":0.0,"max_hp_gain":0.0,"max_hp_loss":43.0,"gold_gain":0.0,"event_name":"Ghosts","player_choice":"Became a Ghost","floor":21.0,"gold_loss":0.0,"damage_taken":0.0,"cards_obtained":["Ghostly","Ghostly","Ghostly","Ghostly","Ghostly"]}],"is_beta":false,"boss_relics":[{"not_picked":["White Beast Statue","Runic Pyramid"],"picked":"Black Star"}],"items_purged_floors":[22],"is_endless":false,"potions_floor_spawned":[3,4,11,12],"killed_by":"Gremlin Leader","ascension_level":4}