{"gold_per_floor":[111,123,134,151,162,162,179,179,179,104,135,158,183,201,201,278,278,294,209,209,209,209,209,237,248,323,323,340,375,34,34],"floor_reached":31,"playtime":1038,"items_purged":[],"score":530,"play_id":"fcd5d401-8a7c-4e34-8728-387a168cc3d4","local_time":"20190715002451","is_ascension_mode":true,"campfire_choices":[{"data":"Pommel Strike","floor":6,"key":"SMITH"},{"data":"Fire Breathing","floor":8,"key":"SMITH"},{"data":"Dual Wield","floor":15,"key":"SMITH"},{"floor":23,"key":"REST"}],"neow_cost":"NONE","seed_source_timestamp":0,"circlet_count":0,"master_deck":["AscendersBane","Strike_R+1","Strike_R+1","Strike_R+1","Strike_R+1","Defend_R+1","Defend_R+1","Defend_R+1","Defend_R+1","Bash","Shrug It Off","Shockwave","Pommel Strike+1","Reckless Charge","Fire Breathing+1","Anger","Battle Trance","Body Slam","Carnage","Second Wind","Dual Wield+1","Offering","Flame Barrier","RitualDagger","Exhume","Warcry+1","Double Tap"],"special_seed":0,"relics":["Burning Blood","Gremlin Horn","Art of War","Odd Mushroom","Juzu Bracelet","Sozu","Self Forming Clay","Paper Frog","Matryoshka","Red Mask","Ornamental Fan"],"potions_floor_usage":[11,12,13,16,18],"damage_taken":[{"damage":2,"enemies":"Jaw Worm","floor":1,"turns":5},{"damage":7,"enemies":"2 Louse","floor":2,"turns":4},{"damage":1,"enemies":"Small Slimes","floor":3,"turns":4},{"damage":3,"enemies":"Looter","floor":4,"turns":4},{"damage":42,"enemies":"Large Slime","floor":5,"turns":10},{"damage":11,"enemies":"3 Louse","floor":7,"turns":3},{"damage":10,"enemies":"Gremlin Nob","floor":11,"turns":3},{"damage":9,"enemies":"The Mushroom Lair","floor":12,"turns":4},{"damage":13,"enemies":"Lagavulin","floor":13,"turns":6},{"damage":0,"enemies":"Exordium Wildlife","floor":14,"turns":3},{"damage":16,"enemies":"Slime Boss","floor":16,"turns":7},{"damage":26,"enemies":"Chosen","floor":18,"turns":4},{"damage":12,"enemies":"Slavers","floor":24,"turns":3},{"damage":13,"enemies":"2 Thieves","floor":25,"turns":4},{"damage":12,"enemies":"Snecko","floor":28,"turns":4},{"damage":37,"enemies":"Masked Bandits","floor":29,"turns":5},{"damage":12,"enemies":"Shelled Parasite and Fungi","floor":31,"turns":3}],"seed_played":"-4511322428686121102","potions_obtained":[{"floor":4,"key":"Dexterity Potion"},{"floor":7,"key":"Explosive Potion"},{"floor":11,"key":"BloodPotion"},{"floor":12,"key":"Dexterity Potion"},{"floor":13,"key":"Energy Potion"},{"floor":14,"key":"Poison Potion"}],"is_trial":false,"path_per_floor":["M","M","M","M","M","R","M","R","T","?","E","?","E","M","R","B",null,"M","?","?","?","?","R","E","M","T","?","M","?","$","M"],"character_chosen":"IRONCLAD","items_purchased":["Double Tap","Ornamental Fan"],"campfire_rested":1,"item_purchase_floors":[30,30],"current_hp_per_floor":[72,71,75,75,39,39,34,34,34,34,30,45,38,44,44,34,65,45,45,39,18,18,42,36,29,29,45,39,8,8,0],"gold":34,"neow_bonus":"THREE_CARDS","is_prod":false,"is_daily":false,"chose_seed":false,"campfire_upgraded":3,"win_rate":0,"timestamp":1563117891,"path_taken":["M","M","M","M","M","R","M","R","T","?","E","?","E","M","R","BOSS","M","?","?","?","?","R","E","M","T","?","M","?","$","M"],"build_version":"2019-07-05","purchased_purges":0,"victory":false,"max_hp_per_floor":[75,75,75,75,75,75,75,75,75,75,75,75,75,75,75,75,75,75,75,75,80,80,80,80,80,80,80,80,80,80,80],"card_choices":[{"not_picked":["Iron Wave","Pummel"],"picked":"Shrug It Off","floor":0.0},{"not_picked":["Warcry","Heavy Blade"],"picked":"Shockwave","floor":1},{"not_picked":["True Grit","Clothesline"],"picked":"Pommel Strike","floor":2},{"not_picked":["Cleave","Ghostly Armor"],"picked":"Reckless Charge","floor":3},{"not_picked":["Clash","Shrug It Off"],"picked":"Fire Breathing","floor":4},{"not_picked":["Ghostly Armor","Sword Boomerang"],"picked":"Anger","floor":5},{"not_picked":["Berserk","Fire Breathing"],"picked":"Battle Trance","floor":7},{"not_picked":["Entrench","Headbutt"],"picked":"Body Slam","floor":11},{"not_picked":["Cleave","Twin Strike"],"picked":"Carnage","floor":12},{"not_picked":["Pummel","Iron Wave"],"picked":"Second Wind","floor":13},{"not_picked":["Inflame","Clothesline"],"picked":"Dual Wield","floor":14},{"not_picked":["Dark Embrace","Immolate"],"picked":"Offering","floor":16},{"not_picked":["Havoc+1","Twin Strike"],"picked":"Flame Barrier","floor":18},{"not_picked":["Thunderclap","Warcry","Wild Strike"],"picked":"SKIP","floor":24},{"not_picked":["Rampage","Clothesline"],"picked":"Exhume","floor":25},{"not_picked":["Thunderclap","Twin Strike","Perfected Strike"],"picked":"SKIP","floor":28},{"not_picked":["Wild Strike","True Grit"],"picked":"Warcry+1","floor":29}],"player_experience":5687089,"relics_obtained":[{"floor":9,"key":"Gremlin Horn"},{"floor":11,"key":"Art of War"},{"floor":12,"key":"Odd Mushroom"},{"floor":13,"key":"Juzu Bracelet"},{"floor":24,"key":"Paper Frog"},{"floor":26,"key":"Matryoshka"},{"floor":29,"key":"Red Mask"}],"event_choices":[{"cards_removed":["Strike_R"],"damage_healed":0,"gold_gain":0,"player_choice":"Card Removal","damage_taken":0,"max_hp_gain":0,"max_hp_loss":0,"event_name":"The Cleric","floor":10,"gold_loss":75},{"damage_healed":0,"gold_gain":0,"player_choice":"Fought Mushrooms","damage_taken":0,"max_hp_gain":0,"max_hp_loss":0,"event_name":"Mushrooms","floor":12,"gold_loss":0},{"damage_healed":0,"gold_gain":0,"player_choice":"Obtained Relic","damage_taken":0,"relics_obtained":["Self Forming Clay"],"max_hp_gain":0,"max_hp_loss":0,"event_name":"Addict","floor":19,"gold_loss":85},{"damage_healed":0,"gold_gain":0,"player_choice":"Joined the Cult","damage_taken":6,"max_hp_gain":0,"max_hp_loss":0,"event_name":"Nest","floor":20,"gold_loss":0,"cards_obtained":["RitualDagger"]},{"damage_healed":0,"gold_gain":0,"player_choice":"Shed Blood","damage_taken":26,"max_hp_gain":5,"max_hp_loss":0,"event_name":"Forgotten Altar","floor":21,"gold_loss":0},{"damage_healed":0,"gold_gain":0,"player_choice":"Simplicity","damage_taken":0,"max_hp_gain":0,"max_hp_loss":0,"event_name":"Back to Basics","floor":22,"gold_loss":0,"cards_upgraded":["Strike_R","Strike_R","Strike_R","Strike_R","Defend_R","Defend_R","Defend_R","Defend_R"]},{"damage_healed":16,"gold_gain":0,"player_choice":"Heal","damage_taken":0,"max_hp_gain":0,"max_hp_loss":0,"event_name":"The Library","floor":27,"gold_loss":0},{"damage_healed":0,"gold_gain":0,"player_choice":"Fought Bandits","damage_taken":0,"max_hp_gain":0,"max_hp_loss":0,"event_name":"Masked Bandits","floor":29,"gold_loss":0}],"is_beta":false,"boss_relics":[{"not_picked":["Snecko Eye","Runic Cube"],"picked":"Sozu"}],"items_purged_floors":[],"is_endless":false,"potions_floor_spawned":[4,7,11,12,13,14,18,29],"killed_by":"Shelled Parasite and Fungi","ascension_level":20}