{"gold_per_floor":[119,194,194,210,220,248,248,273,324,324,345,345,365,383,383,502,502,527,452,472,15,15,15,15],"floor_reached":24,"playtime":2581,"items_purged":[],"score":206,"play_id":"f5b404ac-232e-4029-95cc-1617f34628a4","local_time":"20190702115602","is_ascension_mode":false,"campfire_choices":[{"floor":7.0,"key":"REST"},{"floor":12.0,"key":"REST"},{"floor":15.0,"key":"REST"},{"floor":23,"key":"REST"}],"neow_cost":"NONE","seed_source_timestamp":0,"circlet_count":0,"master_deck":["Strike_G+1","Strike_G+1","Strike_G","Strike_G","Strike_G","Defend_G","Defend_G","Defend_G","Defend_G","Survivor","Neutralize","Flying Knee","Well Laid Plans","Dagger Throw","Caltrops+1","Escape Plan","Injury","Backstab","Flying Knee","Prepared","Bullet Time","Blade Dance+1","Dagger Spray","Apotheosis"],"special_seed":0,"relics":["Ring of the Snake","Paper Crane","Boot","Vajra","Golden Idol","Velvet Choker","Tough Bandages"],"potions_floor_usage":[],"damage_taken":[{"damage":6.0,"enemies":"Small Slimes","floor":1.0,"turns":4.0},{"damage":2.0,"enemies":"Jaw Worm","floor":4.0,"turns":4.0},{"damage":0.0,"enemies":"2 Louse","floor":5.0,"turns":3.0},{"damage":40.0,"enemies":"Lagavulin","floor":6.0,"turns":8.0},{"damage":19.0,"enemies":"Gremlin Nob","floor":8.0,"turns":5.0},{"damage":11.0,"enemies":"Looter","floor":11.0,"turns":3.0},{"damage":8.0,"enemies":"Red Slaver","floor":13.0,"turns":3.0},{"damage":0.0,"enemies":"Exordium Wildlife","floor":14.0,"turns":2.0},{"damage":42.0,"enemies":"The Guardian","floor":16.0,"turns":14.0},{"damage":32,"enemies":"Shell Parasite","floor":18,"turns":6},{"damage":25,"enemies":"Spheric Guardian","floor":20,"turns":4},{"damage":46,"enemies":"Gremlin Leader","floor":24,"turns":5}],"seed_played":"188251615872596855","potions_obtained":[{"floor":4.0,"key":"Swift Potion"},{"floor":8.0,"key":"Regen Potion"},{"floor":11.0,"key":"AttackPotion"},{"floor":13.0,"key":"SpeedPotion"},{"floor":20,"key":"Poison Potion"}],"is_trial":false,"path_per_floor":["M","?","?","M","M","E","R","E","T","?","M","R","M","M","R","B",null,"M","?","M","$","?","R","E"],"character_chosen":"THE_SILENT","items_purchased":["Tough Bandages","Apotheosis"],"campfire_rested":4,"item_purchase_floors":[21,21],"current_hp_per_floor":[71,60,45,43,43,3,26,7,7,7,5,28,20,20,43,1,77,45,45,20,20,20,43,0],"gold":15,"neow_bonus":"TEN_PERCENT_HP_BONUS","is_prod":false,"is_daily":false,"chose_seed":false,"campfire_upgraded":0,"win_rate":0.0,"timestamp":1562086562,"path_taken":["M","?","?","M","?","E","R","E","T","?","M","R","M","M","R","BOSS","M","?","M","$","?","R","E"],"build_version":"2019-07-01","purchased_purges":0,"victory":false,"max_hp_per_floor":[77,77,77,77,77,77,77,77,77,77,77,77,77,77,77,77,77,77,77,77,77,77,77,77],"card_choices":[{"not_picked":["Underhanded Strike","Deflect"],"picked":"Flying Knee","floor":1.0},{"not_picked":["Predator","Infinite Blades"],"picked":"Well Laid Plans","floor":4.0},{"not_picked":["Dodge and Roll","Calculated Gamble"],"picked":"Dagger Throw","floor":5.0},{"not_picked":["Tactician","Deadly Poison"],"picked":"Caltrops","floor":6.0},{"not_picked":["Bouncing Flask","Blur"],"picked":"Escape Plan","floor":8.0},{"not_picked":["Adrenaline","Heel Hook"],"picked":"Backstab","floor":11.0},{"not_picked":["Outmaneuver","Deadly Poison"],"picked":"Flying Knee","floor":13.0},{"not_picked":["Bouncing Flask","Poisoned Stab"],"picked":"Prepared","floor":14.0},{"not_picked":["Doppelganger","Burst"],"picked":"Bullet Time","floor":16.0},{"not_picked":["Outmaneuver","Dodge and Roll"],"picked":"Blade Dance+1","floor":18},{"not_picked":["Acrobatics","Blade Dance"],"picked":"Dagger Spray","floor":20}],"player_experience":17025,"relics_obtained":[{"floor":6.0,"key":"Paper Crane"},{"floor":8.0,"key":"Boot"},{"floor":9.0,"key":"Vajra"}],"event_choices":[{"damage_healed":0.0,"max_hp_gain":0.0,"max_hp_loss":0.0,"gold_gain":75.0,"event_name":"World of Goop","player_choice":"Gather Gold","floor":2.0,"gold_loss":0.0,"damage_taken":11.0},{"damage_healed":0.0,"max_hp_gain":0.0,"max_hp_loss":0.0,"gold_gain":0.0,"event_name":"Shining Light","player_choice":"Entered Light","floor":3.0,"gold_loss":0.0,"damage_taken":15.0,"cards_upgraded":["Strike_G","Strike_G"]},{"damage_healed":0.0,"max_hp_gain":0.0,"max_hp_loss":0.0,"gold_gain":0.0,"event_name":"Golden Idol","player_choice":"Take Wound","floor":10.0,"gold_loss":0.0,"damage_taken":0.0,"relics_obtained":["Golden Idol"],"cards_obtained":["Injury"]},{"cards_removed":["Defend_G"],"damage_healed":0,"gold_gain":0,"player_choice":"Gave Gold","damage_taken":0,"max_hp_gain":0,"max_hp_loss":0,"event_name":"Beggar","floor":19,"gold_loss":75},{"damage_healed":0,"gold_gain":0,"player_choice":"Upgraded","damage_taken":0,"max_hp_gain":0,"max_hp_loss":0,"event_name":"Upgrade Shrine","floor":22,"gold_loss":0,"cards_upgraded":["Caltrops"]}],"is_beta":false,"boss_relics":[{"not_picked":["WristBlade","HoveringKite"],"picked":"Velvet Choker"}],"items_purged_floors":[],"is_endless":false,"potions_floor_spawned":[4,8,11,13,20],"killed_by":"Gremlin Leader","ascension_level":0}