{"gold_per_floor":[118,118,130,148,148,148,191,214,269,308,308,342,427,470,482,588,663,690,2,23,73,73,105,5,33,108,143,158,193,210,222,222,296,296,309,329,329,342,217,248,268,301,301,56,56,56,82,102,102,102,102,102,102,16,41,41],"floor_reached":57,"playtime":2707,"items_purged":["Defend_B","Dualcast","Zap","Defend_B+1"],"score":3921,"play_id":"9b85dac2-45d0-417c-9f84-a87c52e97ebc","local_time":"20190701033144","is_ascension_mode":true,"campfire_choices":[{"data":"Gash","floor":6,"key":"SMITH"},{"data":"Glacier","floor":15,"key":"SMITH"},{"data":"Buffer","floor":32,"key":"SMITH"},{"data":"Hologram","floor":46,"key":"PURGE"},{"floor":49,"key":"RECALL"},{"data":"Defend_B+1","floor":53,"key":"PURGE"}],"neow_cost":"","seed_source_timestamp":1065915384202700,"circlet_count":0,"master_deck":["Defend_B+1","Scrape+1","Scrape+1","Scrape+1","Gash+1","Glacier+1","Seek+1","Buffer+1","Skim+1","Defragment+1","Fission+1","Capacitor+1","Fusion+1","Consume+1","Coolheaded+1","Scrape+1","Gash","Forethought+1","Double Energy+1"],"relics":["Cracked Core","Tough Bandages","Tingsha","GremlinMask","Bloody Idol","Shuriken","War Paint","Centennial Puzzle","Pen Nib","MawBank","Dead Branch","Toxic Egg 2","Tiny House","Incense Burner","Frozen Egg 2","Unceasing Top","Letter Opener","Ornamental Fan","Pocketwatch","Potion Belt","Philosopher\u0027s Stone","Peace Pipe","Regal Pillow","Meat on the Bone","Gambling Chip","Oddly Smooth Stone"],"potions_floor_usage":[16,55,56,56,56],"damage_taken":[{"damage":0,"enemies":"Jaw Worm","floor":1,"turns":2},{"damage":0,"enemies":"Cultist","floor":3,"turns":2},{"damage":0,"enemies":"Small Slimes","floor":4,"turns":1},{"damage":0,"enemies":"Lagavulin","floor":7,"turns":3},{"damage":0,"enemies":"3 Louse","floor":8,"turns":2},{"damage":0,"enemies":"Gremlin Nob","floor":10,"turns":2},{"damage":0,"enemies":"Lagavulin","floor":12,"turns":3},{"damage":0,"enemies":"Gremlin Nob","floor":13,"turns":2},{"damage":0,"enemies":"Gremlin Nob","floor":14,"turns":2},{"damage":0,"enemies":"The Guardian","floor":16,"turns":8},{"damage":0,"enemies":"Chosen","floor":18,"turns":3},{"damage":0,"enemies":"2 Thieves","floor":20,"turns":4},{"damage":0,"enemies":"Gremlin Leader","floor":23,"turns":3},{"damage":1,"enemies":"Book of Stabbing","floor":25,"turns":4},{"damage":0,"enemies":"Gremlin Leader","floor":27,"turns":4},{"damage":0,"enemies":"Chosen and Byrds","floor":28,"turns":4},{"damage":0,"enemies":"Slavers","floor":29,"turns":4},{"damage":0,"enemies":"Snecko","floor":30,"turns":2},{"damage":0,"enemies":"3 Cultists","floor":31,"turns":4},{"damage":0,"enemies":"Collector","floor":33,"turns":10},{"damage":0,"enemies":"Orb Walker","floor":35,"turns":2},{"damage":0,"enemies":"3 Shapes","floor":36,"turns":5},{"damage":0,"enemies":"Spire Growth","floor":38,"turns":3},{"damage":0,"enemies":"Reptomancer","floor":40,"turns":6},{"damage":0,"enemies":"Writhing Mass","floor":41,"turns":6},{"damage":0,"enemies":"Giant Head","floor":42,"turns":4},{"damage":0,"enemies":"Nemesis","floor":47,"turns":5},{"damage":2,"enemies":"4 Shapes","floor":48,"turns":2},{"damage":56,"enemies":"Time Eater","floor":50,"turns":11},{"damage":0,"enemies":"Donu and Deca","floor":51,"turns":4},{"damage":0,"enemies":"Shield and Spear","floor":55,"turns":2},{"damage":30,"enemies":"The Heart","floor":56,"turns":8}],"seed_played":"-4922035730929708165","potions_obtained":[{"floor":3,"key":"FocusPotion"},{"floor":4,"key":"Dexterity Potion"},{"floor":13,"key":"Regen Potion"},{"floor":17,"key":"FocusPotion"},{"floor":29,"key":"FocusPotion"},{"floor":30,"key":"PowerPotion"},{"floor":35,"key":"GamblersBrew"},{"floor":38,"key":"SkillPotion"}],"is_trial":true,"path_per_floor":["M","?","M","M","?","R","E","M","T","E","?","E","?","E","R","B",null,"M","$","M","?","?","E","$","E","T","E","M","E","M","M","R","B",null,"M","M","?","M","$","E","M","E","T","$","?","R","E","M","R","B","B",null,"R","$","E","B",null],"character_chosen":"DEFECT","items_purchased":["Incense Burner","Frozen Egg 2","Forethought+1","Regen Potion"],"campfire_rested":0,"item_purchase_floors":[19,19,44,54],"current_hp_per_floor":[64,64,64,64,40,40,40,40,40,40,22,22,22,22,22,37,68,68,68,68,68,68,73,73,76,76,76,76,76,76,76,76,76,76,76,76,76,76,76,76,76,76,76,76,76,76,76,76,76,32,44,68,68,68,76,46],"gold":41,"neow_bonus":"","is_prod":false,"is_daily":false,"chose_seed":false,"campfire_upgraded":3,"win_rate":0,"timestamp":1561919504,"path_taken":["M","?","?","M","?","R","E","M","T","E","?","E","?","E","R","BOSS","M","$","M","?","?","E","$","E","T","E","M","E","M","M","R","BOSS","M","M","?","?","$","E","M","E","T","$","?","R","E","M","R","BOSS","BOSS","R","$","E","BOSS"],"build_version":"2019-01-23","purchased_purges":4,"victory":true,"max_hp_per_floor":[71,71,71,71,71,71,71,71,71,71,71,71,71,71,71,71,76,76,76,76,76,76,76,76,76,76,76,76,76,76,76,76,76,76,76,76,76,76,76,76,76,76,76,76,76,76,76,76,76,76,76,76,76,76,76,76],"card_choices":[{"not_picked":["Compile Driver","Go for the Eyes"],"picked":"Gash","floor":1},{"not_picked":["Barrage","Steam"],"picked":"Hologram","floor":3},{"not_picked":["Hologram","Coolheaded","Sweeping Beam"],"picked":"SKIP","floor":4},{"not_picked":["Turbo","Undo","White Noise"],"picked":"SKIP","floor":7},{"not_picked":["Reinforced Body","Sweeping Beam","Barrage"],"picked":"SKIP","floor":8},{"not_picked":["Loop","Reinforced Body","Coolheaded"],"picked":"SKIP","floor":10},{"not_picked":["Turbo","Coolheaded","Tempest"],"picked":"SKIP","floor":12},{"not_picked":["Sweeping Beam","Ball Lightning"],"picked":"Glacier","floor":13},{"not_picked":["Ball Lightning","Aggregate"],"picked":"Seek","floor":14},{"not_picked":["Thunder Strike","Hyperbeam"],"picked":"Buffer","floor":16},{"not_picked":["Aggregate+1","Capacitor"],"picked":"Skim+1","floor":17},{"not_picked":["Steam+1","Leap+1","Redo+1"],"picked":"SKIP","floor":18},{"not_picked":["Sweeping Beam","Leap+1","Barrage"],"picked":"SKIP","floor":20},{"not_picked":["Fission+1","Go for the Eyes"],"picked":"Defragment+1","floor":23},{"not_picked":["Redo+1","Double Energy+1"],"picked":"Fission+1","floor":25},{"not_picked":["Go for the Eyes","Streamline+1"],"picked":"Capacitor+1","floor":27},{"not_picked":["Stack+1","Lockon"],"picked":"Fusion+1","floor":28},{"not_picked":["Darkness+1","Rebound","Fusion+1"],"picked":"SKIP","floor":29},{"not_picked":["Cold Snap","Storm+1"],"picked":"Consume+1","floor":30},{"not_picked":["Undo+1","Reinforced Body+1","Turbo+1"],"picked":"SKIP","floor":31},{"not_picked":["Undo+1","Reinforced Body+1","Turbo+1"],"picked":"SKIP","floor":31},{"not_picked":["Melter","Scrape","Ball Lightning"],"picked":"SKIP","floor":35},{"not_picked":["Go for the Eyes+1","Storm+1"],"picked":"Coolheaded+1","floor":36},{"not_picked":["Coolheaded+1","Cold Snap"],"picked":"Scrape+1","floor":38},{"not_picked":["BootSequence+1","Skim+1","Coolheaded+1"],"picked":"SKIP","floor":40},{"not_picked":["Rebound","Go for the Eyes+1","Compile Driver"],"picked":"SKIP","floor":41},{"not_picked":["Beam Cell","Reinforced Body+1"],"picked":"Gash","floor":42},{"not_picked":["Genetic Algorithm+1","Storm+1","Machine Learning+1"],"picked":"SKIP","floor":47},{"not_picked":["Barrage+1","Self Repair+1"],"picked":"Double Energy+1","floor":48},{"not_picked":["Fusion+1","Sweeping Beam","Sunder"],"picked":"SKIP","floor":55}],"player_experience":5543596,"relics_obtained":[{"floor":7,"key":"Shuriken"},{"floor":9,"key":"War Paint"},{"floor":10,"key":"Centennial Puzzle"},{"floor":12,"key":"MawBank"},{"floor":14,"key":"Toxic Egg 2"},{"floor":23,"key":"Unceasing Top"},{"floor":25,"key":"Letter Opener"},{"floor":26,"key":"Ornamental Fan"},{"floor":27,"key":"Pocketwatch"},{"floor":29,"key":"Potion Belt"},{"floor":40,"key":"Regal Pillow"},{"floor":42,"key":"Meat on the Bone"},{"floor":47,"key":"Gambling Chip"},{"floor":55,"key":"Oddly Smooth Stone"}],"event_choices":[{"damage_healed":0,"gold_gain":0,"player_choice":"Trade","damage_taken":0,"relics_obtained":["GremlinMask"],"max_hp_gain":0,"max_hp_loss":0,"event_name":"FaceTrader","floor":2,"gold_loss":0},{"damage_healed":0,"gold_gain":0,"player_choice":"Take Damage","damage_taken":24,"relics_obtained":["Golden Idol"],"max_hp_gain":0,"max_hp_loss":0,"event_name":"Golden Idol","floor":5,"gold_loss":0},{"damage_healed":0,"gold_gain":0,"player_choice":"Success","damage_taken":18,"relics_obtained":["Pen Nib"],"max_hp_gain":0,"max_hp_loss":0,"event_name":"Scrap Ooze","floor":11,"gold_loss":0},{"damage_healed":0,"gold_gain":30,"player_choice":"Searched \u00273\u0027 times","damage_taken":0,"relics_obtained":["Dead Branch"],"max_hp_gain":0,"max_hp_loss":0,"event_name":"Dead Adventurer","floor":13,"gold_loss":0},{"damage_healed":0,"gold_gain":50,"player_choice":"Stole From Cult","damage_taken":0,"max_hp_gain":0,"max_hp_loss":0,"event_name":"Nest","floor":21,"gold_loss":0},{"damage_healed":0,"gold_gain":0,"player_choice":"Gave Idol","damage_taken":0,"relics_obtained":["Bloody Idol"],"max_hp_gain":0,"max_hp_loss":0,"event_name":"Forgotten Altar","floor":22,"relics_lost":["Golden Idol"],"gold_loss":0},{"damage_healed":0,"gold_gain":0,"player_choice":"Gave Potion","damage_taken":0,"relics_obtained":["Peace Pipe"],"max_hp_gain":0,"max_hp_loss":0,"event_name":"WeMeetAgain","floor":37,"gold_loss":0},{"cards_removed":["Scrape"],"damage_healed":0,"gold_gain":0,"player_choice":"Removed Attack","damage_taken":0,"max_hp_gain":0,"max_hp_loss":0,"event_name":"Falling","floor":45,"gold_loss":0}],"is_beta":false,"boss_relics":[{"not_picked":["Velvet Choker","Busted Crown"],"picked":"Tiny House"},{"not_picked":["Runic Dome","Cursed Key"],"picked":"Philosopher\u0027s Stone"}],"items_purged_floors":[19,24,39,44],"is_endless":false,"potions_floor_spawned":[3,4,12,13,18,25,29,30,35,38,42],"ascension_level":20}