{"gold_per_floor":[114,124,138,138,154,154,186,205,229,229,246,263,280,342,342,342],"floor_reached":16,"playtime":442,"items_purged":[],"score":232,"play_id":"02b26d60-6108-4332-9362-70e5649daee2","local_time":"20190712020822","is_ascension_mode":true,"campfire_choices":[{"data":"Coolheaded","floor":6,"key":"SMITH"},{"data":"Hologram","floor":10,"key":"SMITH"},{"data":"Consume","floor":15,"key":"SMITH"}],"neow_cost":"NONE","seed_source_timestamp":116471825869000,"circlet_count":0,"master_deck":["AscendersBane","Strike_B","Strike_B","Strike_B","Strike_B","Defend_B","Defend_B","Defend_B","Defend_B","Zap","Dualcast","Go for the Eyes","Hologram+1","Go for the Eyes","Coolheaded+1","Recycle","Gash","Gash","Capacitor","Biased Cognition","Consume+1"],"relics":["Cracked Core","Boot","DataDisk","Potion Belt","Tiny Chest"],"potions_floor_usage":[7,11,12,14,16],"damage_taken":[{"damage":0,"enemies":"2 Louse","floor":1,"turns":2},{"damage":4,"enemies":"Jaw Worm","floor":2,"turns":3},{"damage":4,"enemies":"Small Slimes","floor":3,"turns":3},{"damage":0,"enemies":"2 Fungi Beasts","floor":5,"turns":4},{"damage":5,"enemies":"Gremlin Nob","floor":7,"turns":3},{"damage":6,"enemies":"Looter","floor":8,"turns":3},{"damage":9,"enemies":"Exordium Thugs","floor":11,"turns":5},{"damage":4,"enemies":"Gremlin Gang","floor":12,"turns":4},{"damage":1,"enemies":"3 Louse","floor":13,"turns":3},{"damage":5,"enemies":"3 Sentries","floor":14,"turns":2},{"damage":26,"enemies":"Slime Boss","floor":16,"turns":7}],"seed_played":"4836557246216293390","potions_obtained":[{"floor":3,"key":"Explosive Potion"},{"floor":5,"key":"Fire Potion"},{"floor":8,"key":"Swift Potion"},{"floor":12,"key":"AttackPotion"},{"floor":13,"key":"EssenceOfSteel"}],"is_trial":false,"path_per_floor":["M","M","M","?","M","R","E","M","T","R","M","M","M","E","R","B"],"character_chosen":"DEFECT","items_purchased":[],"campfire_rested":0,"item_purchase_floors":[],"current_hp_per_floor":[64,60,56,56,56,56,51,45,45,45,36,32,31,26,26,0],"gold":342,"neow_bonus":"RANDOM_COMMON_RELIC","is_prod":false,"is_daily":false,"chose_seed":false,"campfire_upgraded":3,"win_rate":0,"timestamp":1562864902,"path_taken":["M","M","M","?","M","R","E","M","T","R","M","M","M","E","R","BOSS"],"build_version":"2019-07-05","purchased_purges":0,"victory":false,"max_hp_per_floor":[71,71,71,71,71,71,71,71,71,71,71,71,71,71,71,71],"card_choices":[{"not_picked":["Rebound","Capacitor"],"picked":"Go for the Eyes","floor":1},{"not_picked":["Compile Driver","Steam"],"picked":"Hologram","floor":2},{"not_picked":["Double Energy","Compile Driver"],"picked":"Go for the Eyes","floor":3},{"not_picked":["Hello World","Recycle"],"picked":"Coolheaded","floor":5},{"not_picked":["Thunder Strike","Compile Driver"],"picked":"Recycle","floor":7},{"not_picked":["Capacitor","Hello World"],"picked":"Gash","floor":8},{"not_picked":["Hologram","Redo"],"picked":"Gash","floor":11},{"not_picked":["Heatsinks","Stack"],"picked":"Capacitor","floor":12},{"not_picked":["Streamline","Biased Cognition","Aggregate"],"picked":"SKIP","floor":13},{"not_picked":["Streamline","Aggregate"],"picked":"Biased Cognition","floor":13},{"not_picked":["Leap","Compile Driver"],"picked":"Consume","floor":14}],"player_experience":5652977,"relics_obtained":[{"floor":7,"key":"DataDisk"},{"floor":9,"key":"Potion Belt"},{"floor":14,"key":"Tiny Chest"}],"event_choices":[{"damage_healed":0,"gold_gain":0,"player_choice":"Ignored","damage_taken":0,"max_hp_gain":0,"max_hp_loss":0,"event_name":"Liars Game","floor":4,"gold_loss":0}],"is_beta":false,"boss_relics":[],"items_purged_floors":[],"is_endless":false,"potions_floor_spawned":[3,5,8,12,13],"killed_by":"Slime Boss","ascension_level":20}