{"gold_per_floor":[126,148,160,172,184,227,258,270,282,394,406,432,464,493,505,615,627,650,681,704,736,748,760,785,797],"floor_reached":25,"playtime":750,"items_purged":[],"score":259,"play_id":"42481aa1-e069-40e2-93b6-a96576e64191","local_time":"20190706193333","is_ascension_mode":true,"campfire_choices":[{"data":"Perfected Strike","floor":11,"key":"SMITH"},{"floor":15,"key":"REST"},{"data":"Limit Break","floor":23,"key":"SMITH"}],"neow_cost":"NONE","seed_source_timestamp":1319641382613407,"circlet_count":0,"master_deck":["Strike_R","Strike_R","Strike_R","Strike_R","Strike_R","Defend_R","Defend_R","Defend_R","Bash","Battle Trance","Pommel Strike","Whirlwind","Perfected Strike+1","Shrug It Off","Inflame","Limit Break+1","Inflame","Uppercut+1","Heavy Blade","Twin Strike","J.A.X.","Perfected Strike"],"relics":["Burning Blood","MawBank","Bottled Lightning","Ornamental Fan","Snecko Eye"],"potions_floor_usage":[6,16,16,25,25],"damage_taken":[{"damage":7,"enemies":"Jaw Worm","floor":1,"turns":3},{"damage":5,"enemies":"Small Slimes","floor":2,"turns":3},{"damage":40,"enemies":"3 Sentries","floor":6,"turns":9},{"damage":6,"enemies":"Cultist","floor":7,"turns":4},{"damage":7,"enemies":"Looter","floor":12,"turns":3},{"damage":13,"enemies":"Blue Slaver","floor":13,"turns":3},{"damage":0,"enemies":"2 Fungi Beasts","floor":14,"turns":2},{"damage":43,"enemies":"The Guardian","floor":16,"turns":11},{"damage":22,"enemies":"Shell Parasite","floor":18,"turns":4},{"damage":0,"enemies":"Spheric Guardian","floor":19,"turns":2},{"damage":9,"enemies":"Chosen and Byrds","floor":20,"turns":4},{"damage":24,"enemies":"Snake Plant","floor":21,"turns":2},{"damage":11,"enemies":"Snecko","floor":24,"turns":3},{"damage":52,"enemies":"Book of Stabbing","floor":25,"turns":4}],"seed_played":"3858179742133607940","potions_obtained":[{"floor":1,"key":"Strength Potion"},{"floor":12,"key":"GamblersBrew"},{"floor":13,"key":"Weak Potion"},{"floor":21,"key":"SteroidPotion"},{"floor":24,"key":"Regen Potion"}],"is_trial":false,"path_per_floor":["M","M","$","?","?","E","M","?","T","?","R","M","M","M","R","B",null,"M","M","M","M","?","R","M","E"],"character_chosen":"IRONCLAD","items_purchased":[],"campfire_rested":1,"item_purchase_floors":[],"current_hp_per_floor":[79,80,80,80,85,51,51,44,44,44,44,43,36,42,67,30,71,55,61,58,40,40,40,35,0],"gold":797,"neow_bonus":"RANDOM_COMMON_RELIC","is_prod":false,"is_daily":false,"chose_seed":false,"campfire_upgraded":2,"win_rate":0,"timestamp":1562438013,"path_taken":["M","M","$","?","?","E","M","?","T","?","R","M","?","M","R","BOSS","M","M","M","M","?","R","M","E"],"build_version":"2019-07-05","purchased_purges":0,"victory":false,"max_hp_per_floor":[80,80,80,80,85,85,85,85,85,85,85,85,85,85,85,85,85,85,85,85,85,85,85,85,85],"card_choices":[{"not_picked":["Anger","Heavy Blade"],"picked":"Battle Trance","floor":1},{"not_picked":["Headbutt","Rampage"],"picked":"Pommel Strike","floor":2},{"not_picked":["Thunderclap","Rampage"],"picked":"Whirlwind","floor":6},{"not_picked":["Pommel Strike","Sword Boomerang"],"picked":"Perfected Strike","floor":7},{"not_picked":["Metallicize","Feel No Pain"],"picked":"Shrug It Off","floor":12},{"not_picked":["Shockwave","Iron Wave"],"picked":"Inflame","floor":13},{"not_picked":["Exhume","Anger","Havoc"],"picked":"SKIP","floor":14},{"not_picked":["Berserk","Juggernaut"],"picked":"Limit Break","floor":16},{"not_picked":["Evolve","Searing Blow"],"picked":"Inflame","floor":18},{"not_picked":["Burning Pact","Thunderclap"],"picked":"Uppercut+1","floor":19},{"not_picked":["Shrug It Off+1","Combust"],"picked":"Heavy Blade","floor":20},{"not_picked":["Searing Blow","Hemokinesis"],"picked":"Twin Strike","floor":21},{"not_picked":["Power Through","Wild Strike+1"],"picked":"Perfected Strike","floor":24}],"player_experience":198720,"relics_obtained":[{"floor":6,"key":"Bottled Lightning"},{"floor":9,"key":"Ornamental Fan"}],"event_choices":[{"damage_healed":0,"gold_gain":0,"player_choice":"Ignored","damage_taken":0,"max_hp_gain":0,"max_hp_loss":0,"event_name":"Liars Game","floor":4,"gold_loss":0},{"damage_healed":0,"gold_gain":0,"player_choice":"Donut","damage_taken":0,"max_hp_gain":5,"max_hp_loss":0,"event_name":"Big Fish","floor":5,"gold_loss":0},{"cards_removed":["Defend_R"],"damage_healed":0,"gold_gain":0,"player_choice":"Card Removal","damage_taken":7,"max_hp_gain":0,"max_hp_loss":0,"event_name":"Golden Wing","floor":8,"gold_loss":0},{"damage_healed":0,"gold_gain":100,"player_choice":"Pray","damage_taken":0,"max_hp_gain":0,"max_hp_loss":0,"event_name":"Golden Shrine","floor":10,"gold_loss":0},{"damage_healed":0,"gold_gain":0,"player_choice":"Obtain J.A.X.","damage_taken":0,"max_hp_gain":0,"max_hp_loss":0,"event_name":"Drug Dealer","floor":22,"gold_loss":0,"cards_obtained":["J.A.X."]}],"is_beta":false,"boss_relics":[{"not_picked":["Eternal Feather","Runic Pyramid"],"picked":"Snecko Eye"}],"items_purged_floors":[],"is_endless":false,"potions_floor_spawned":[1,12,13,21,24],"killed_by":"Book of Stabbing","ascension_level":5}