{"gold_per_floor":[111,111,125,138,138,138,166,166,166,180,190,201,201],"floor_reached":13,"playtime":408,"items_purged":[],"score":174,"play_id":"2ac0fbe0-60ab-49c4-a92f-71e59d365495","local_time":"20190610000410","is_ascension_mode":true,"campfire_choices":[{"floor":6,"key":"REST"},{"data":"Defragment","floor":8,"key":"SMITH"}],"neow_cost":"TEN_PERCENT_HP_LOSS","seed_source_timestamp":1218512491590900,"circlet_count":0,"master_deck":["AscendersBane","Strike_B","Strike_B","Strike_B+1","Defend_B","Defend_B","Defend_B","Defend_B","Zap","Dualcast","Echo Form","Tempest+1","Turbo","Defragment+1","Hello World","Conserve Battery","Force Field","Hologram"],"relics":["Cracked Core","Peace Pipe"],"potions_floor_usage":[7,13,13],"damage_taken":[{"damage":14,"enemies":"Jaw Worm","floor":1,"turns":4},{"damage":3,"enemies":"2 Louse","floor":3,"turns":2},{"damage":11,"enemies":"Cultist","floor":4,"turns":4},{"damage":5,"enemies":"3 Sentries","floor":7,"turns":3},{"damage":4,"enemies":"Red Slaver","floor":10,"turns":4},{"damage":6,"enemies":"2 Fungi Beasts","floor":11,"turns":3},{"damage":6,"enemies":"Looter","floor":12,"turns":3},{"damage":19,"enemies":"Exordium Thugs","floor":13,"turns":4}],"seed_played":"-2031137752699410184","potions_obtained":[{"floor":4,"key":"AttackPotion"},{"floor":7,"key":"Explosive Potion"},{"floor":11,"key":"SkillPotion"}],"is_trial":false,"path_per_floor":["M","?","M","M","?","R","E","R","T","M","M","M","M"],"character_chosen":"DEFECT","items_purchased":[],"campfire_rested":1,"item_purchase_floors":[],"current_hp_per_floor":[50,31,28,17,17,36,31,31,31,27,21,15,0],"gold":201,"neow_bonus":"THREE_RARE_CARDS","is_prod":false,"is_daily":false,"chose_seed":false,"campfire_upgraded":1,"win_rate":0,"timestamp":1560092650,"path_taken":["M","?","M","M","?","R","E","R","T","M","?","M","M"],"build_version":"2019-01-23","purchased_purges":0,"victory":false,"max_hp_per_floor":[64,64,64,64,64,64,64,64,64,64,64,64,64],"card_choices":[{"not_picked":["Machine Learning","Creative AI"],"picked":"Echo Form","floor":0},{"not_picked":["Coolheaded","Gash"],"picked":"Tempest","floor":1},{"not_picked":["Hello World","Compile Driver"],"picked":"Turbo","floor":3},{"not_picked":["Chaos","Lockon"],"picked":"Defragment","floor":4},{"not_picked":["Sunder","Fusion"],"picked":"Conserve Battery","floor":7},{"not_picked":["Redo","Recycle","Static Discharge"],"picked":"SKIP","floor":10},{"not_picked":["Streamline","Redo"],"picked":"Force Field","floor":11},{"not_picked":["Compile Driver","Turbo"],"picked":"Hologram","floor":12}],"player_experience":5306631,"relics_obtained":[{"floor":7,"key":"Peace Pipe"}],"event_choices":[{"damage_healed":0,"gold_gain":0,"player_choice":"Entered Light","damage_taken":19,"max_hp_gain":0,"max_hp_loss":0,"event_name":"Shining Light","floor":2,"gold_loss":0,"cards_upgraded":["Tempest","Strike_B"]},{"damage_healed":0,"gold_gain":0,"cards_transformed":["Strike_B"],"player_choice":"Transformed","damage_taken":0,"max_hp_gain":0,"max_hp_loss":0,"event_name":"Transmorgrifier","floor":5,"gold_loss":0,"cards_obtained":["Hello World"]}],"is_beta":false,"boss_relics":[],"items_purged_floors":[],"is_endless":false,"potions_floor_spawned":[4,7,11],"killed_by":"Exordium Thugs","ascension_level":20}