{"gold_per_floor":[19,19,19,19,35,35,71,110,110,35,35,56,1,19,19,108,108,122,47,47,97,111,111,145,145,169,169],"floor_reached":27,"playtime":855,"items_purged":["Defend_G"],"score":504,"play_id":"9f47a3b9-0b25-47d8-b40b-8f7edcb78f07","local_time":"20190707013931","is_ascension_mode":true,"campfire_choices":[{"floor":6.0,"key":"REST"},{"floor":11.0,"key":"REST"},{"data":"Noxious Fumes","floor":15.0,"key":"SMITH"},{"data":"Acrobatics","floor":23.0,"key":"SMITH"},{"data":"Reflex","floor":25,"key":"SMITH"}],"neow_cost":"NO_GOLD","seed_source_timestamp":355171419938400,"circlet_count":0,"master_deck":["AscendersBane","Strike_G+1","Defend_G","Defend_G+1","Defend_G","Survivor","Neutralize","Flying Knee","Masterful Stab","Prepared","Doppelganger","Noxious Fumes+1","Adrenaline","Reflex+1","Acrobatics+1","Die Die Die"],"special_seed":0,"relics":["Ring of the Snake","Golden Idol","Odd Mushroom","Juzu Bracelet","Blood Vial","Coffee Dripper","Bottled Tornado"],"potions_floor_usage":[24],"damage_taken":[{"damage":0.0,"enemies":"Small Slimes","floor":1.0,"turns":4.0},{"damage":0.0,"enemies":"Jaw Worm","floor":5.0,"turns":3.0},{"damage":11.0,"enemies":"The Mushroom Lair","floor":7.0,"turns":4.0},{"damage":12.0,"enemies":"Gremlin Nob","floor":8.0,"turns":4.0},{"damage":1.0,"enemies":"2 Louse","floor":12.0,"turns":3.0},{"damage":2.0,"enemies":"Red Slaver","floor":14.0,"turns":4.0},{"damage":1.0,"enemies":"The Guardian","floor":16.0,"turns":13.0},{"damage":10.0,"enemies":"Chosen","floor":18.0,"turns":4.0},{"damage":12.0,"enemies":"3 Byrds","floor":22.0,"turns":5.0},{"damage":18,"enemies":"Book of Stabbing","floor":24,"turns":3},{"damage":30,"enemies":"Slavers","floor":27,"turns":2}],"seed_played":"197632944037340435","potions_obtained":[{"floor":1.0,"key":"PowerPotion"},{"floor":8.0,"key":"SkillPotion"},{"floor":12.0,"key":"Swift Potion"},{"floor":18.0,"key":"GhostInAJar"}],"is_trial":false,"path_per_floor":["M","?","?","?","M","R","?","E","T","?","R","M","$","M","R","B",null,"M","$","?","?","M","R","E","R","T","E"],"character_chosen":"THE_SILENT","items_purchased":["Acrobatics"],"campfire_rested":2,"item_purchase_floors":[13],"current_hp_per_floor":[59,36,16,16,16,35,24,12,12,12,31,32,32,32,32,33,58,50,50,50,50,40,40,24,24,24,0],"gold":169,"neow_bonus":"TRANSFORM_TWO_CARDS","is_prod":false,"is_daily":false,"chose_seed":false,"campfire_upgraded":3,"win_rate":0,"timestamp":1562431171,"path_taken":["M","?","?","?","?","R","?","E","T","?","R","M","$","M","R","BOSS","M","$","?","?","M","R","E","R","T","E"],"build_version":"2019-07-05","purchased_purges":1,"victory":false,"max_hp_per_floor":[66,66,66,66,66,66,66,66,66,66,66,66,66,66,66,66,66,66,66,66,66,66,66,66,66,66,66],"card_choices":[{"not_picked":["Finisher","Dodge and Roll"],"picked":"Prepared","floor":1.0},{"not_picked":["Accuracy","Deadly Poison"],"picked":"Noxious Fumes","floor":5.0},{"not_picked":["Terror","Deflect"],"picked":"Adrenaline","floor":8.0},{"not_picked":["Dagger Throw","Masterful Stab"],"picked":"Reflex","floor":12.0},{"not_picked":["Bane","Outmaneuver","Blade Dance"],"picked":"SKIP","floor":14.0},{"not_picked":["Storm of Steel","Night Terror"],"picked":"Die Die Die","floor":16.0},{"not_picked":["Crippling Poison","Outmaneuver","Riddle With Holes"],"picked":"SKIP","floor":18.0},{"not_picked":["Choke","Poisoned Stab","Outmaneuver"],"picked":"SKIP","floor":22.0},{"not_picked":["Distraction","Dagger Throw+1","Slice"],"picked":"SKIP","floor":24}],"player_experience":5601488,"relics_obtained":[{"floor":7.0,"key":"Odd Mushroom"},{"floor":8.0,"key":"Juzu Bracelet"},{"floor":9.0,"key":"Blood Vial"},{"floor":24,"key":"Bottled Tornado"}],"event_choices":[{"damage_healed":0.0,"max_hp_gain":0.0,"max_hp_loss":0.0,"gold_gain":0.0,"event_name":"Golden Idol","player_choice":"Take Damage","floor":2.0,"gold_loss":0.0,"damage_taken":23.0,"relics_obtained":["Golden Idol"]},{"damage_healed":0.0,"max_hp_gain":0.0,"max_hp_loss":0.0,"gold_gain":0.0,"event_name":"Shining Light","player_choice":"Entered Light","floor":3.0,"gold_loss":0.0,"damage_taken":20.0,"cards_upgraded":["Defend_G","Strike_G"]},{"damage_healed":0.0,"max_hp_gain":0.0,"max_hp_loss":0.0,"gold_gain":0.0,"cards_transformed":["Strike_G"],"event_name":"Transmorgrifier","player_choice":"Transformed","floor":4.0,"gold_loss":0.0,"damage_taken":0.0,"cards_obtained":["Doppelganger"]},{"damage_healed":0.0,"max_hp_gain":0.0,"max_hp_loss":0.0,"gold_gain":0.0,"event_name":"Mushrooms","player_choice":"Fought Mushrooms","floor":7.0,"gold_loss":0.0,"damage_taken":0.0},{"cards_removed":["Strike_G"],"damage_healed":0.0,"max_hp_gain":0.0,"max_hp_loss":0.0,"gold_gain":0.0,"event_name":"The Cleric","player_choice":"Card Removal","floor":10.0,"gold_loss":75.0,"damage_taken":0.0},{"cards_removed":["Strike_G"],"damage_healed":0.0,"max_hp_gain":0.0,"max_hp_loss":0.0,"gold_gain":0.0,"event_name":"Back to Basics","player_choice":"Elegance","floor":20.0,"gold_loss":0.0,"damage_taken":0.0},{"damage_healed":0.0,"max_hp_gain":0.0,"max_hp_loss":0.0,"gold_gain":50.0,"event_name":"Golden Shrine","player_choice":"Pray","floor":21.0,"gold_loss":0.0,"damage_taken":0.0}],"is_beta":false,"boss_relics":[{"not_picked":["HoveringKite","WristBlade"],"picked":"Coffee Dripper"}],"items_purged_floors":[19],"is_endless":false,"potions_floor_spawned":[1,8,12,18],"killed_by":"Slavers","ascension_level":20}