{"gold_per_floor":[363,14,89,103,118,118,18,51,131,145,145,145,173,123,123,226,226,261,261,261,279,71,71,90,90,168,192,192,203,239,268,268,370,370,409,58,58,78,78,78,116,135,135,135,221,239,239,249,249,294],"floor_reached":51,"playtime":1274,"items_purged":["Defend_G","hubris:Defend_Merchant"],"score":981,"play_id":"abc3f599-b446-4821-9652-1b290b4f9702","local_time":"20190705031256","is_ascension_mode":true,"campfire_choices":[{"data":"Bash","floor":6,"key":"SMITH"},{"data":"Heavy Blade","floor":23,"key":"SMITH"},{"data":"ReplayTheSpireMod:Limb From Limb","floor":25,"key":"SMITH"},{"data":"conspire:HitWhereItHurts","floor":28,"key":"SMITH"},{"data":"Berserk","floor":32,"key":"SMITH"},{"data":"Sword Boomerang","floor":40,"key":"SMITH"},{"data":"Limit Break","floor":44,"key":"SMITH"}],"neow_cost":"BASIC_CARDS","seed_source_timestamp":1173865790281767,"circlet_count":0,"master_deck":["Strike_R","Strike_R","Strike_R","Strike_R","Defend_R","Defend_R","Defend_R","Defend_R","Bash+1","Sword Boomerang+1","ReplayTheSpireMod:Limb From Limb+1","Shockwave+1","Clumsy","Battle Trance+1","conspire:Purge","Heavy Blade+1","hubris:Fate+1","Headbutt+1","conspire:HitWhereItHurts+1","Double Tap+1","Double Tap+1","Berserk+1","Berserk+1","Offering","Feed","Limit Break+1","Reaper","strawberrySpire:Beatdown+1","conspire:HitWhereItHurts"],"relics":["Burning Blood","Brimstone","Magic Flower","aspiration:StickyExplosives_weak","vexMod:ConsolationPrize","strawberrySpire:Firefruit","conspire:SpecialSausage","vexMod:GildedClover","strawberrySpire:PoopsieRoll","Vajra","vexMod:ImprovementManual","Lee\u0027s Waffle","Anchor","Juzu Bracelet","Blue Candle","FossilizedHelix"],"potions_floor_usage":[8,21,27,31,48],"damage_taken":[{"damage":10,"enemies":"Jaw Worm","floor":1,"turns":5},{"damage":0,"enemies":"2 Louse","floor":4,"turns":2},{"damage":0,"enemies":"Cultist","floor":5,"turns":3},{"damage":15,"enemies":"3 Sentries","floor":8,"turns":4},{"damage":8,"enemies":"Looter","floor":10,"turns":3},{"damage":18,"enemies":"Lagavulin","floor":13,"turns":4},{"damage":3,"enemies":"vexMod:DaggerThrower","floor":16,"turns":4},{"damage":25,"enemies":"Spheric Guardian","floor":18,"turns":4},{"damage":5,"enemies":"Chosen","floor":21,"turns":2},{"damage":0,"enemies":"Sentry and Sphere","floor":24,"turns":3},{"damage":10,"enemies":"Snake Plant","floor":27,"turns":2},{"damage":0,"enemies":"Snecko","floor":29,"turns":2},{"damage":2,"enemies":"Slavers","floor":30,"turns":4},{"damage":15,"enemies":"Centurion and Healer","floor":31,"turns":2},{"damage":0,"enemies":"Collector","floor":33,"turns":3},{"damage":20,"enemies":"3 Darklings","floor":35,"turns":4},{"damage":0,"enemies":"3 Shapes","floor":38,"turns":2},{"damage":6,"enemies":"Giant Head","floor":41,"turns":3},{"damage":0,"enemies":"Sphere and 2 Shapes","floor":42,"turns":2},{"damage":36,"enemies":"2 Orb Walkers","floor":45,"turns":3},{"damage":0,"enemies":"Spire Growth","floor":46,"turns":2},{"damage":0,"enemies":"3 Darklings","floor":48,"turns":3},{"damage":45,"enemies":"Time Eater","floor":50,"turns":3}],"seed_played":"-5791152131609504473","potions_obtained":[{"floor":1,"key":"Explosive Potion"},{"floor":10,"key":"Venom Potion"},{"floor":16,"key":"Swift Potion"},{"floor":21,"key":"Block Potion"},{"floor":27,"key":"Reflective Coating"},{"floor":30,"key":"PowerPotion"},{"floor":31,"key":"Strength Potion"},{"floor":45,"key":"Energy Potion"}],"is_trial":false,"path_per_floor":["M","$","?","M","M","R","$","E","T","M","?","?","E","?","R_BF","B",null,"M","AVR","?","M","$","R","M","R","T","M","R","M","E","M","R","B",null,"M","$","?","M","AVR","R","E","M","T","R","?","M","?","M","R_BF","B",null],"character_chosen":"IRONCLAD","items_purchased":["Brimstone","ReplayTheSpireMod:Limb From Limb","vexMod:GildedClover","Lee\u0027s Waffle","Anchor"],"campfire_rested":0,"item_purchase_floors":[2,2,22,36,36],"current_hp_per_floor":[76,76,68,74,80,80,80,71,71,72,72,72,63,63,63,69,80,64,64,64,68,68,68,77,77,77,76,76,80,80,74,74,80,80,69,87,83,83,83,83,83,83,83,83,56,65,65,74,83,47],"gold":294,"neow_bonus":"TWO_FIFTY_GOLD","is_prod":false,"is_daily":false,"chose_seed":false,"campfire_upgraded":7,"win_rate":0,"timestamp":1562292776,"path_taken":["M","$","?","M","?","R","$","E","T","M","?","?","E","?","R_BF","BOSS","M","AVR","?","M","$","R","M","R","T","M","R","M","E","M","R","BOSS","M","$","?","M","AVR","R","E","M","T","R","?","M","?","M","R_BF","BOSS"],"build_version":"2019-07-01","purchased_purges":2,"victory":true,"max_hp_per_floor":[80,80,80,80,80,80,80,80,80,80,80,80,80,80,80,80,80,80,80,80,80,80,80,80,80,80,80,80,80,80,80,80,80,80,80,87,83,83,83,83,83,83,83,83,83,83,83,83,83,83],"card_choices":[{"not_picked":["Second Wind","ReplayTheSpireMod:Limb From Limb"],"picked":"Sword Boomerang","floor":1},{"not_picked":["vexMod:TrainingStrike","vexMod:CursedStrike","strawberrySpire:Endurance"],"picked":"SKIP","floor":4},{"not_picked":["vexMod:Hatred","Sentinel","strawberrySpire:Endurance"],"picked":"SKIP","floor":5},{"not_picked":["vexMod:CursedStrike","Abandon"],"picked":"Shockwave","floor":8},{"not_picked":["vexMod:CursedStrike","Infernal Blade","Searing Blow"],"picked":"SKIP","floor":10},{"not_picked":["Massacre","Armaments"],"picked":"Battle Trance","floor":13},{"not_picked":["Juggernaut","vexMod:Elimination"],"picked":"conspire:Purge","floor":16},{"not_picked":["vexMod:CleverClash","Carnage+1"],"picked":"Heavy Blade","floor":18},{"not_picked":["Thunderclap+1","Body Slam"],"picked":"Headbutt+1","floor":21},{"not_picked":["Double Tap","vexMod:CurseBlast"],"picked":"conspire:HitWhereItHurts","floor":24},{"not_picked":["Hemogenesis","Demonic Infusion","Replay:Many Hands"],"picked":"SKIP","floor":27},{"not_picked":["Demonic Infusion","strawberrySpire:Harvest"],"picked":"Double Tap","floor":29},{"not_picked":["vexMod:CurseBlast","Hemogenesis"],"picked":"Double Tap","floor":30},{"not_picked":["vexMod:StrikeStorm","Brutality"],"picked":"Berserk","floor":31},{"not_picked":["Dark Embrace","hubris:StunningStrike"],"picked":"Berserk","floor":33},{"not_picked":["Dark Embrace","vexMod:Elimination"],"picked":"Offering","floor":35},{"not_picked":["conspire:Purge","Replay:Many Hands"],"picked":"Feed","floor":38},{"not_picked":["Demonic Infusion","Bludgeon","strawberrySpire:FortFortyFour"],"picked":"SKIP","floor":41},{"not_picked":["Fiend Fire","Immolate"],"picked":"Limit Break","floor":42},{"not_picked":["conspire:HitWhereItHurts","Impervious"],"picked":"Reaper","floor":45},{"not_picked":["Fiend Fire","vexMod:StrikeStorm"],"picked":"strawberrySpire:Beatdown","floor":46},{"not_picked":["vexMod:BattleStance","Barricade"],"picked":"conspire:HitWhereItHurts","floor":48}],"player_experience":173402,"relics_obtained":[{"floor":8,"key":"Magic Flower"},{"floor":9,"key":"aspiration:StickyExplosives_weak"},{"floor":13,"key":"vexMod:ConsolationPrize"},{"floor":15,"key":"strawberrySpire:Firefruit"},{"floor":26,"key":"strawberrySpire:PoopsieRoll"},{"floor":30,"key":"Vajra"},{"floor":41,"key":"Juzu Bracelet"},{"floor":43,"key":"Blue Candle"},{"floor":45,"key":"FossilizedHelix"}],"event_choices":[{"damage_healed":0,"gold_gain":75,"player_choice":"Touch","damage_taken":8,"max_hp_gain":0,"max_hp_loss":0,"event_name":"FaceTrader","floor":3,"gold_loss":0},{"cards_removed":["Strike_R"],"damage_healed":0,"gold_gain":0,"player_choice":"Card Removal","damage_taken":0,"max_hp_gain":0,"max_hp_loss":0,"event_name":"The Cleric","floor":14,"gold_loss":50},{"damage_healed":0,"gold_gain":0,"player_choice":"Max HP","damage_taken":0,"max_hp_gain":0,"max_hp_loss":4,"event_name":"Winding Halls","floor":37,"gold_loss":0},{"damage_healed":0,"gold_gain":0,"player_choice":"Fight","damage_taken":0,"max_hp_gain":0,"max_hp_loss":0,"event_name":"Mysterious Sphere","floor":45,"gold_loss":0},{"damage_healed":0,"gold_gain":0,"player_choice":"Forge","damage_taken":0,"max_hp_gain":0,"max_hp_loss":0,"event_name":"Accursed Blacksmith","floor":47,"gold_loss":0,"cards_upgraded":["strawberrySpire:Beatdown"]}],"is_beta":false,"boss_relics":[{"not_picked":["Replay:Drink Me","Pandora\u0027s Box"],"picked":"conspire:SpecialSausage"},{"not_picked":["ReplayTheSpireMod:DimensionalGlitch","vexMod:EndlessSickness"],"picked":"vexMod:ImprovementManual"}],"items_purged_floors":[2,7],"is_endless":false,"potions_floor_spawned":[1,10,16,21,27,30,31,35,45,46],"ascension_level":4}