{"gold_per_floor":[109,109,159,170,95,95,95,95,121,132,150,74,93,165,165,237,237,247,130,130,130,145,145,145],"floor_reached":24,"playtime":519,"items_purged":["Defend_B"],"score":468,"play_id":"d6d79d9b-32eb-4a00-b2d4-47a98446daa6","local_time":"20190719024313","is_ascension_mode":true,"campfire_choices":[{"data":"Zap","floor":6,"key":"SMITH"},{"data":"Streamline","floor":8,"key":"SMITH"},{"data":"Conserve Battery","floor":15,"key":"SMITH"},{"data":"Defragment","floor":23,"key":"SMITH"}],"neow_cost":"PERCENT_DAMAGE","seed_source_timestamp":723292673742700,"circlet_count":0,"master_deck":["AscendersBane","Defend_B+1","Zap+1","Dualcast+1","Genetic Algorithm","Streamline+1","Reboot","Undo","Conserve Battery+1","Hologram","Defragment+1","Gash","Lockon"],"relics":["Cracked Core","War Paint","Mummified Hand","Sozu","Lantern"],"potions_floor_usage":[16,16],"damage_taken":[{"damage":2,"enemies":"Jaw Worm","floor":1,"turns":5},{"damage":4,"enemies":"Small Slimes","floor":4,"turns":3},{"damage":0,"enemies":"Cultist","floor":10,"turns":3},{"damage":3,"enemies":"Exordium Wildlife","floor":11,"turns":3},{"damage":2,"enemies":"3 Louse","floor":13,"turns":3},{"damage":0,"enemies":"The Guardian","floor":16,"turns":10},{"damage":15,"enemies":"Chosen","floor":18,"turns":6},{"damage":9,"enemies":"2 Thieves","floor":22,"turns":4},{"damage":49,"enemies":"Slavers","floor":24,"turns":6}],"seed_played":"-7302077995041868576","potions_obtained":[{"floor":4,"key":"Poison Potion"},{"floor":13,"key":"FearPotion"}],"is_trial":false,"path_per_floor":["M","?","?","M","?","R","?","R","T","M","M","$","M","T","R","B",null,"M","$","?","?","M","R","E"],"character_chosen":"DEFECT","items_purchased":["Undo","Defragment"],"campfire_rested":0,"item_purchase_floors":[12,19],"current_hp_per_floor":[44,44,44,40,40,40,40,40,40,40,37,37,35,35,35,35,62,47,47,47,47,38,38,0],"gold":145,"neow_bonus":"REMOVE_TWO","is_prod":false,"is_daily":false,"chose_seed":false,"campfire_upgraded":4,"win_rate":0,"timestamp":1563471793,"path_taken":["M","?","?","?","?","R","?","R","T","M","M","?","M","?","R","BOSS","M","$","?","?","?","R","E"],"build_version":"2019-07-17","purchased_purges":1,"victory":false,"max_hp_per_floor":[71,71,71,71,71,71,71,71,71,71,71,71,71,71,71,71,71,71,71,71,71,71,71,71],"card_choices":[{"not_picked":["Rebound","Sweeping Beam"],"picked":"Genetic Algorithm","floor":1},{"not_picked":["Blizzard","Static Discharge"],"picked":"Streamline","floor":4},{"not_picked":["Steam Power","Barrage","Rebound"],"picked":"SKIP","floor":10},{"not_picked":["Stack","Beam Cell"],"picked":"Reboot","floor":11},{"not_picked":["Beam Cell","Melter"],"picked":"Conserve Battery","floor":13},{"not_picked":["Chill","Barrage"],"picked":"Hologram","floor":18},{"not_picked":["Conserve Battery","Go for the Eyes","Streamline"],"picked":"SKIP","floor":22}],"player_experience":5745616,"relics_obtained":[{"floor":9,"key":"War Paint"},{"floor":14,"key":"Mummified Hand"},{"floor":21,"key":"Lantern"}],"event_choices":[{"cards_removed":["Defend_B"],"damage_healed":0,"gold_gain":0,"player_choice":"Forget","damage_taken":0,"max_hp_gain":0,"max_hp_loss":0,"event_name":"Living Wall","floor":2,"gold_loss":0},{"damage_healed":0,"gold_gain":50,"player_choice":"Pray","damage_taken":0,"max_hp_gain":0,"max_hp_loss":0,"event_name":"Golden Shrine","floor":3,"gold_loss":0},{"cards_removed":["Strike_B"],"damage_healed":0,"gold_gain":0,"player_choice":"Card Removal","damage_taken":0,"max_hp_gain":0,"max_hp_loss":0,"event_name":"The Cleric","floor":5,"gold_loss":75},{"damage_healed":0,"gold_gain":0,"player_choice":"Ignored","damage_taken":0,"max_hp_gain":0,"max_hp_loss":0,"event_name":"Liars Game","floor":7,"gold_loss":0},{"damage_healed":0,"gold_gain":0,"cards_transformed":["Defend_B","Strike_B"],"player_choice":"Became Test Subject","damage_taken":0,"max_hp_gain":0,"max_hp_loss":0,"event_name":"Drug Dealer","floor":20,"gold_loss":0,"cards_obtained":["Gash","Lockon"]},{"damage_healed":0,"gold_gain":0,"player_choice":"Relic","damage_taken":0,"max_hp_gain":0,"max_hp_loss":0,"event_name":"Wheel of Change","floor":21,"gold_loss":0}],"is_beta":false,"boss_relics":[{"not_picked":["Ectoplasm","White Beast Statue"],"picked":"Sozu"}],"items_purged_floors":[19],"is_endless":false,"potions_floor_spawned":[4,13,22],"killed_by":"Slavers","ascension_level":20}