{"gold_per_floor":[369,379,390,315,36,36,63,63,63,63,63,91,105,136,136,207,207,222,251,251,76,76,76,106,177,258,258,269,289,319,338,338,412,412,430,440,456,678,689,689,705,705,705,724,753,753,781,781,781,781,781,781,781,14,43,43],"floor_reached":56,"playtime":2966,"items_purged":["Strike_R","Strike_R","Strike_R"],"score":2001,"play_id":"a283e68c-4d46-479c-9750-085b45810e60","local_time":"20190515012806","is_ascension_mode":true,"campfire_choices":[{"data":"Combust","floor":6.0,"key":"SMITH"},{"data":"Rampage","floor":8.0,"key":"SMITH"},{"floor":10.0,"key":"REST"},{"data":"Burning Pact","floor":15.0,"key":"SMITH"},{"floor":23.0,"key":"REST"},{"floor":27.0,"key":"REST"},{"data":"Body Slam","floor":32.0,"key":"SMITH"},{"data":"Second Wind","floor":40.0,"key":"SMITH"},{"floor":42.0,"key":"REST"},{"data":"Disarm","floor":46.0,"key":"SMITH"},{"floor":49.0,"key":"RECALL"},{"floor":53.0,"key":"REST"}],"neow_cost":"PERCENT_DAMAGE","seed_source_timestamp":801430264504600,"circlet_count":0,"master_deck":["AscendersBane","Defend_R","Defend_R","Defend_R","Defend_R","Bash","Rampage+1","Shrug It Off","Carnage","Double Tap","Combust+1","Power Through","Reaper","Burning Pact+1","Feed","Disarm+1","Second Wind+1","Impervious","Body Slam+1","Impervious","Body Slam+1","Exhume","Dark Shackles","Dark Shackles","Apotheosis","Juggernaut+1"],"special_seed":0,"relics":["Burning Blood","Turnip","Pocketwatch","Potion Belt","Regal Pillow","Black Star","Red Mask","Mercury Hourglass","Blood Vial","Tiny Chest","Blue Candle","Unceasing Top","Mark of Pain","Frozen Egg 2","Strawberry","Anchor","Pear","Lantern","Self Forming Clay","Centennial Puzzle","Pen Nib"],"potions_floor_usage":[56,56,56],"damage_taken":[{"damage":15.0,"enemies":"Jaw Worm","floor":1.0,"turns":7.0},{"damage":5.0,"enemies":"2 Louse","floor":2.0,"turns":5.0},{"damage":4.0,"enemies":"Small Slimes","floor":3.0,"turns":4.0},{"damage":33.0,"enemies":"Gremlin Nob","floor":7.0,"turns":4.0},{"damage":8.0,"enemies":"Lagavulin","floor":12.0,"turns":5.0},{"damage":11.0,"enemies":"2 Fungi Beasts","floor":13.0,"turns":3.0},{"damage":22.0,"enemies":"3 Sentries","floor":14.0,"turns":7.0},{"damage":22.0,"enemies":"Slime Boss","floor":16.0,"turns":7.0},{"damage":32.0,"enemies":"3 Byrds","floor":18.0,"turns":4.0},{"damage":58.0,"enemies":"Masked Bandits","floor":19.0,"turns":4.0},{"damage":38.0,"enemies":"Colosseum Slavers","floor":22.0,"turns":6.0},{"damage":60.0,"enemies":"Slavers","floor":24.0,"turns":6.0},{"damage":7.0,"enemies":"Chosen","floor":28.0,"turns":5.0},{"damage":22.0,"enemies":"3 Cultists","floor":29.0,"turns":5.0},{"damage":21.0,"enemies":"Book of Stabbing","floor":30.0,"turns":7.0},{"damage":4.0,"enemies":"Snecko","floor":31.0,"turns":6.0},{"damage":66.0,"enemies":"Champ","floor":33.0,"turns":12.0},{"damage":5.0,"enemies":"3 Shapes","floor":35.0,"turns":6.0},{"damage":21.0,"enemies":"Orb Walker","floor":36.0,"turns":4.0},{"damage":34.0,"enemies":"Writhing Mass","floor":37.0,"turns":7.0},{"damage":0.0,"enemies":"Spire Growth","floor":39.0,"turns":4.0},{"damage":31.0,"enemies":"Transient","floor":41.0,"turns":6.0},{"damage":4.0,"enemies":"Maw","floor":44.0,"turns":8.0},{"damage":7.0,"enemies":"Nemesis","floor":45.0,"turns":11.0},{"damage":22.0,"enemies":"Giant Head","floor":47.0,"turns":8.0},{"damage":51.0,"enemies":"Awakened One","floor":50.0,"turns":15.0},{"damage":44.0,"enemies":"Time Eater","floor":51.0,"turns":17.0},{"damage":70.0,"enemies":"Shield and Spear","floor":55.0,"turns":8.0},{"damage":86,"enemies":"The Heart","floor":56,"turns":9}],"seed_played":"7806582854539732298","potions_obtained":[{"floor":3.0,"key":"Poison Potion"},{"floor":13.0,"key":"Regen Potion"},{"floor":16.0,"key":"Swift Potion"},{"floor":18.0,"key":"PowerPotion"},{"floor":29.0,"key":"Explosive Potion"},{"floor":30.0,"key":"Strength Potion"},{"floor":36.0,"key":"GamblersBrew"},{"floor":37.0,"key":"Swift Potion"},{"floor":44.0,"key":"BloodPotion"}],"is_trial":false,"path_per_floor":["M","M","M","?","$","R","E","R","T","R","?","E","M","E","R","B",null,"M","?","?","$","?","R","E","T","T","R","M","M","E","M","R","B",null,"M","M","M","?","M","R","M","R","T","M","E","R","E","?","R","B","B",null,"R","$","E","B"],"character_chosen":"IRONCLAD","items_purchased":["Double Tap","Combust","Disarm","Self Forming Clay","Apotheosis","SkillPotion","BloodPotion","SpeedPotion"],"campfire_rested":5,"item_purchase_floors":[5,5,21,54,54,54,54,54],"current_hp_per_floor":[41,42,44,44,44,44,17,17,17,39,39,37,32,39,39,31,64,53,27,43,43,11,50,20,20,20,59,67,70,61,74,74,16,72,82,72,46,46,57,57,38,82,82,92,109,109,103,93,93,54,22,95,119,119,58,0],"gold":43,"neow_bonus":"TWO_FIFTY_GOLD","is_prod":false,"is_daily":false,"chose_seed":false,"campfire_upgraded":6,"win_rate":0,"timestamp":1557851286,"path_taken":["M","M","M","?","$","R","E","R","T","R","?","E","M","E","R","BOSS","M","?","?","$","?","R","E","?","T","R","M","M","E","M","R","BOSS","M","M","M","?","M","R","M","R","T","M","E","R","E","?","R","BOSS","BOSS","R","$","E","BOSS"],"build_version":"2019-01-23","purchased_purges":3,"victory":false,"max_hp_per_floor":[75,75,75,75,75,75,75,75,75,75,75,75,75,75,75,75,75,78,81,81,81,81,81,81,81,81,81,84,87,87,90,90,90,90,93,96,96,96,99,99,99,99,99,102,109,109,119,119,119,119,119,119,119,119,119,119],"card_choices":[{"not_picked":["Headbutt","Heavy Blade"],"picked":"Rampage","floor":1.0},{"not_picked":["Pummel","Feel No Pain"],"picked":"Shrug It Off","floor":2.0},{"not_picked":["Twin Strike","Armaments"],"picked":"Carnage","floor":3.0},{"not_picked":["Bloodletting","Sever Soul"],"picked":"Power Through","floor":7.0},{"not_picked":["Havoc","Clash","Twin Strike"],"picked":"SKIP","floor":12.0},{"not_picked":["Warcry","Iron Wave"],"picked":"Reaper","floor":13.0},{"not_picked":["Reckless Charge","Whirlwind"],"picked":"Burning Pact","floor":14.0},{"not_picked":["Offering","Exhume"],"picked":"Feed","floor":16.0},{"not_picked":["Whirlwind","Havoc","Cleave"],"picked":"SKIP","floor":18.0},{"not_picked":["Warcry","Clash"],"picked":"Second Wind","floor":24.0},{"not_picked":["Havoc","Cleave","Thunderclap"],"picked":"SKIP","floor":28.0},{"not_picked":["Wild Strike","Twin Strike","Whirlwind"],"picked":"SKIP","floor":29.0},{"not_picked":["Infernal Blade+1","Clash"],"picked":"Impervious","floor":30.0},{"not_picked":["Perfected Strike","Rampage"],"picked":"Body Slam","floor":31.0},{"not_picked":["Fiend Fire","Juggernaut"],"picked":"Impervious","floor":33.0},{"not_picked":["Sever Soul","Inflame","True Grit+1"],"picked":"SKIP","floor":35.0},{"not_picked":["Uppercut","Clothesline"],"picked":"Body Slam+1","floor":36.0},{"not_picked":["Twin Strike","Cleave+1","Headbutt"],"picked":"SKIP","floor":37.0},{"not_picked":["Thunderclap+1","Uppercut","Flex"],"picked":"SKIP","floor":39.0},{"not_picked":["Anger","Burning Pact"],"picked":"Exhume","floor":41.0},{"not_picked":["Anger","Cleave","Iron Wave"],"picked":"SKIP","floor":44.0},{"not_picked":["True Grit","Armaments","Thunderclap"],"picked":"SKIP","floor":45.0},{"not_picked":["Body Slam","Uppercut","Headbutt+1"],"picked":"SKIP","floor":47.0},{"not_picked":["Chrysalis","Magnetism+1"],"picked":"Dark Shackles","floor":48.0},{"not_picked":["Metamorphosis","Purity"],"picked":"Dark Shackles","floor":48.0},{"not_picked":["Flex","Searing Blow"],"picked":"Juggernaut+1","floor":55.0}],"player_experience":5019490,"relics_obtained":[{"floor":7.0,"key":"Turnip"},{"floor":9.0,"key":"Pocketwatch"},{"floor":12.0,"key":"Potion Belt"},{"floor":14.0,"key":"Regal Pillow"},{"floor":19.0,"key":"Red Mask"},{"floor":24.0,"key":"Mercury Hourglass"},{"floor":24.0,"key":"Blood Vial"},{"floor":26.0,"key":"Tiny Chest"},{"floor":30.0,"key":"Blue Candle"},{"floor":30.0,"key":"Unceasing Top"},{"floor":43.0,"key":"Frozen Egg 2"},{"floor":45.0,"key":"Strawberry"},{"floor":45.0,"key":"Anchor"},{"floor":47.0,"key":"Pear"},{"floor":47.0,"key":"Lantern"},{"floor":55.0,"key":"Centennial Puzzle"},{"floor":55.0,"key":"Pen Nib"}],"event_choices":[{"cards_removed":["Strike_R"],"damage_healed":0.0,"max_hp_gain":0.0,"max_hp_loss":0.0,"gold_gain":0.0,"event_name":"The Cleric","player_choice":"Card Removal","floor":4.0,"gold_loss":75.0,"damage_taken":0.0},{"cards_removed":["Strike_R"],"damage_healed":0.0,"max_hp_gain":0.0,"max_hp_loss":0.0,"gold_gain":0.0,"event_name":"Living Wall","player_choice":"Forget","floor":11.0,"gold_loss":0.0,"damage_taken":0.0},{"damage_healed":0.0,"max_hp_gain":0.0,"max_hp_loss":0.0,"gold_gain":0.0,"event_name":"Masked Bandits","player_choice":"Fought Bandits","floor":19.0,"gold_loss":0.0,"damage_taken":0.0},{"damage_healed":16.0,"max_hp_gain":0.0,"max_hp_loss":0.0,"gold_gain":0.0,"event_name":"The Library","player_choice":"Heal","floor":20.0,"gold_loss":0.0,"damage_taken":0.0},{"damage_healed":0.0,"max_hp_gain":0.0,"max_hp_loss":0.0,"gold_gain":0.0,"event_name":"Colosseum","player_choice":"Fight","floor":22.0,"gold_loss":0.0,"damage_taken":0.0},{"damage_healed":0.0,"max_hp_gain":0.0,"max_hp_loss":0.0,"gold_gain":0.0,"event_name":"Colosseum","player_choice":"Fled From Nobs","floor":22.0,"gold_loss":0.0,"damage_taken":0.0},{"damage_healed":0.0,"max_hp_gain":0.0,"max_hp_loss":0.0,"gold_gain":222.0,"event_name":"Tomb of Lord Red Mask","player_choice":"Wore Mask","floor":38.0,"gold_loss":0.0,"damage_taken":0.0},{"damage_healed":0.0,"max_hp_gain":0.0,"max_hp_loss":0.0,"gold_gain":0.0,"event_name":"SensoryStone","player_choice":"Memory 3","floor":48.0,"gold_loss":0.0,"damage_taken":10.0}],"is_beta":false,"boss_relics":[{"not_picked":["Ectoplasm","Busted Crown"],"picked":"Black Star"},{"not_picked":["Sozu","Runic Cube"],"picked":"Mark of Pain"}],"items_purged_floors":[5,21,54],"is_endless":false,"potions_floor_spawned":[3,13,16,18,22,29,30,36,37,44],"killed_by":"The Heart","ascension_level":20}