{"gold_per_floor":[118,118,43,63,75,75,86,86,110,110,110,121,149,163,163,234,234,245,126,146,160,51,80,80,51,75,75,75,85,85,120,120,197,197,214,214,227,247,147,147,164,182,182,211,211,237,337,337,337,337,337,337,337,23,57,57],"floor_reached":57,"playtime":4118,"items_purged":["Defend_G","Storm of Steel"],"score":3060,"play_id":"6a8fc233-f521-4e90-a198-8d7ed5b354fe","local_time":"20190601015326","is_ascension_mode":true,"campfire_choices":[{"data":"Masterful Stab","floor":6.0,"key":"SMITH"},{"data":"Expertise","floor":8.0,"key":"SMITH"},{"data":"Dagger Throw","floor":11.0,"key":"SMITH"},{"data":"Setup","floor":15.0,"key":"SMITH"},{"data":"Tactician","floor":24.0,"key":"SMITH"},{"data":"Acrobatics","floor":28.0,"key":"SMITH"},{"data":"Cloak And Dagger","floor":32.0,"key":"SMITH"},{"floor":40.0,"key":"RECALL"},{"data":"Backflip","floor":49.0,"key":"SMITH"},{"data":"Finesse","floor":53.0,"key":"SMITH"}],"neow_cost":"","seed_source_timestamp":0,"circlet_count":0,"master_deck":["Shiv","Survivor","Neutralize","Masterful Stab+1","Backflip+1","Dagger Throw+1","Expertise+1","Setup+1","Envenom","Noxious Fumes+1","Well Laid Plans","Crippling Poison","Escape Plan","Acrobatics+1","Tactician+1","Prepared+1","Cloak And Dagger+1","Caltrops","Master of Strategy","Finesse+1","Venomology+1","Madness+1","Madness+1"],"special_seed":0,"relics":["Ring of the Serpent","Snake Skull","Lantern","Bird Faced Urn","Pen Nib","Red Mask","Pandora\u0027s Box","Toxic Egg 2","Juzu Bracelet","Unceasing Top","DollysMirror","Mercury Hourglass"],"potions_floor_usage":[56,56,56],"damage_taken":[{"damage":0.0,"enemies":"Cultist","floor":1.0,"turns":4.0},{"damage":0.0,"enemies":"Jaw Worm","floor":4.0,"turns":3.0},{"damage":3.0,"enemies":"2 Louse","floor":5.0,"turns":3.0},{"damage":1.0,"enemies":"Lots of Slimes","floor":7.0,"turns":4.0},{"damage":0.0,"enemies":"2 Fungi Beasts","floor":12.0,"turns":2.0},{"damage":10.0,"enemies":"3 Sentries","floor":13.0,"turns":9.0},{"damage":0.0,"enemies":"Gremlin Gang","floor":14.0,"turns":3.0},{"damage":25.0,"enemies":"The Guardian","floor":16.0,"turns":14.0},{"damage":6.0,"enemies":"Spheric Guardian","floor":18.0,"turns":3.0},{"damage":0.0,"enemies":"3 Byrds","floor":20.0,"turns":4.0},{"damage":20.0,"enemies":"3 Cultists","floor":21.0,"turns":5.0},{"damage":0.0,"enemies":"Gremlin Leader","floor":23.0,"turns":5.0},{"damage":0.0,"enemies":"Snake Plant","floor":29.0,"turns":3.0},{"damage":0.0,"enemies":"Masked Bandits","floor":31.0,"turns":2.0},{"damage":0.0,"enemies":"Collector","floor":33.0,"turns":5.0},{"damage":16.0,"enemies":"3 Shapes","floor":35.0,"turns":6.0},{"damage":6.0,"enemies":"Orb Walker","floor":37.0,"turns":3.0},{"damage":0.0,"enemies":"Maw","floor":38.0,"turns":3.0},{"damage":2.0,"enemies":"3 Darklings","floor":41.0,"turns":3.0},{"damage":0.0,"enemies":"Transient","floor":42.0,"turns":6.0},{"damage":0.0,"enemies":"Giant Head","floor":44.0,"turns":2.0},{"damage":0.0,"enemies":"Nemesis","floor":46.0,"turns":3.0},{"damage":3.0,"enemies":"Mind Bloom Boss Battle","floor":47.0,"turns":4.0},{"damage":10.0,"enemies":"Donu and Deca","floor":50.0,"turns":5.0},{"damage":0.0,"enemies":"Awakened One","floor":51.0,"turns":5.0},{"damage":0.0,"enemies":"Shield and Spear","floor":55.0,"turns":1.0},{"damage":68,"enemies":"The Heart","floor":56,"turns":6}],"seed_played":"7376324701518995001","potions_obtained":[{"floor":10.0,"key":"Block Potion"},{"floor":10.0,"key":"Strength Potion"},{"floor":13.0,"key":"Fire Potion"},{"floor":14.0,"key":"Fire Potion"},{"floor":16.0,"key":"Dexterity Potion"},{"floor":18.0,"key":"FearPotion"},{"floor":33.0,"key":"EntropicBrew"},{"floor":37.0,"key":"Strength Potion"},{"floor":38.0,"key":"Swift Potion"}],"is_trial":true,"path_per_floor":["M","?","?","M","M","R","M","R","T","?","R","M","E","M","R","B",null,"M","$","M","M","$","E","R","$","T","?","R","M","?","?","R","B",null,"M","?","M","M","$","R","M","M","T","E","?","E","?","?","R","B","B",null,"R","$","E","B",null],"character_chosen":"THE_SILENT","items_purchased":["Well Laid Plans","Acrobatics","Tactician","Prepared","Madness+1","DollysMirror"],"campfire_rested":0,"item_purchase_floors":[19,22,22,25,54,54],"current_hp_per_floor":[59,64,64,64,61,61,60,60,60,60,60,60,50,50,50,25,60,54,54,54,34,34,34,34,34,34,34,34,40,40,46,46,52,66,58,48,46,54,54,54,60,68,68,71,61,69,71,71,71,65,71,71,71,71,71,11],"gold":57,"neow_bonus":"","is_prod":false,"is_daily":false,"chose_seed":false,"campfire_upgraded":9,"win_rate":0,"timestamp":1559321606,"path_taken":["M","?","?","M","M","R","M","R","T","?","R","M","E","M","R","BOSS","M","?","M","M","$","E","R","$","T","?","R","?","?","?","R","BOSS","M","?","M","M","$","R","M","M","T","E","?","E","?","?","R","BOSS","BOSS","R","$","E","BOSS"],"build_version":"2019-01-23","purchased_purges":2,"victory":true,"max_hp_per_floor":[66,71,71,71,71,71,71,71,71,71,71,71,71,71,71,71,71,71,71,71,71,71,71,71,71,71,71,71,71,71,71,71,71,71,71,71,71,71,71,71,71,71,71,71,71,71,71,71,71,71,71,71,71,71,71,71],"card_choices":[{"not_picked":["Poisoned Stab","Backflip"],"picked":"Masterful Stab","floor":1.0},{"not_picked":["Well Laid Plans","Blade Dance"],"picked":"Backflip","floor":4.0},{"not_picked":["Storm of Steel","Poisoned Stab"],"picked":"Dagger Throw","floor":5.0},{"not_picked":["Terror","PiercingWail"],"picked":"Expertise","floor":7.0},{"not_picked":["Quick Slash","Deflect"],"picked":"Setup","floor":12.0},{"not_picked":["Accuracy","Skewer","Blade Dance"],"picked":"SKIP","floor":13.0},{"not_picked":["All Out Attack","Endless Agony","Venomology"],"picked":"SKIP","floor":14.0},{"not_picked":["Storm of Steel","Die Die Die"],"picked":"Envenom","floor":16.0},{"not_picked":["Poisoned Stab","Slice+1"],"picked":"Noxious Fumes+1","floor":18.0},{"not_picked":["Cloak And Dagger+1","Bane"],"picked":"Crippling Poison","floor":20.0},{"not_picked":["Reflex","Deadly Poison+1"],"picked":"Escape Plan","floor":21.0},{"not_picked":["Cloak And Dagger","Heel Hook","Underhanded Strike"],"picked":"SKIP","floor":23.0},{"not_picked":["Acrobatics","Concentrate","Outmaneuver"],"picked":"SKIP","floor":29.0},{"not_picked":["Backflip","Blade Dance","Outmaneuver+1"],"picked":"SKIP","floor":35.0},{"not_picked":["Finesse","Violence"],"picked":"Master of Strategy","floor":36.0},{"not_picked":["Mind Blast","Dramatic Entrance"],"picked":"Finesse","floor":36.0},{"not_picked":["Noxious Fumes","Backflip+1","Cloak And Dagger+1"],"picked":"SKIP","floor":37.0},{"not_picked":["Escape Plan+1","Backflip","Dagger Spray+1"],"picked":"SKIP","floor":38.0},{"not_picked":["Prepared","All Out Attack","Caltrops"],"picked":"SKIP","floor":41.0},{"not_picked":["Finisher","Dagger Spray","Cloak And Dagger"],"picked":"SKIP","floor":42.0},{"not_picked":["Dodge and Roll","Corpse Explosion","Underhanded Strike+1"],"picked":"SKIP","floor":44.0},{"not_picked":["Infinite Blades+1","Blade Dance+1"],"picked":"Venomology+1","floor":46.0},{"not_picked":["Dodge and Roll+1","PiercingWail+1","Grand Finale"],"picked":"SKIP","floor":55.0}],"player_experience":5228476,"relics_obtained":[{"floor":9.0,"key":"Snake Skull"},{"floor":13.0,"key":"Lantern"},{"floor":23.0,"key":"Bird Faced Urn"},{"floor":26.0,"key":"Pen Nib"},{"floor":31.0,"key":"Red Mask"},{"floor":44.0,"key":"Toxic Egg 2"},{"floor":46.0,"key":"Juzu Bracelet"},{"floor":47.0,"key":"Unceasing Top"},{"floor":55.0,"key":"Mercury Hourglass"}],"event_choices":[{"damage_healed":0.0,"max_hp_gain":5.0,"max_hp_loss":0.0,"gold_gain":0.0,"event_name":"Big Fish","player_choice":"Donut","floor":2.0,"gold_loss":0.0,"damage_taken":0.0},{"cards_removed":["Strike_G"],"damage_healed":0.0,"max_hp_gain":0.0,"max_hp_loss":0.0,"gold_gain":0.0,"event_name":"The Cleric","player_choice":"Card Removal","floor":3.0,"gold_loss":75.0,"damage_taken":0.0},{"damage_healed":0.0,"max_hp_gain":0.0,"max_hp_loss":0.0,"gold_gain":0.0,"event_name":"Lab","player_choice":"Got Potions","floor":10.0,"gold_loss":0.0,"damage_taken":0.0},{"damage_healed":0.0,"max_hp_gain":0.0,"max_hp_loss":0.0,"gold_gain":0.0,"event_name":"Accursed Blacksmith","player_choice":"Forge","floor":27.0,"gold_loss":0.0,"damage_taken":0.0,"cards_upgraded":["Prepared"]},{"damage_healed":0.0,"max_hp_gain":0.0,"max_hp_loss":0.0,"gold_gain":0.0,"cards_transformed":["Defend_G","Strike_G"],"event_name":"Drug Dealer","player_choice":"Became Test Subject","floor":30.0,"gold_loss":0.0,"damage_taken":0.0,"cards_obtained":["Cloak And Dagger","Sucker Punch"]},{"damage_healed":0.0,"max_hp_gain":0.0,"max_hp_loss":0.0,"gold_gain":0.0,"event_name":"Masked Bandits","player_choice":"Fought Bandits","floor":31.0,"gold_loss":0.0,"damage_taken":0.0},{"damage_healed":0.0,"max_hp_gain":0.0,"max_hp_loss":0.0,"gold_gain":0.0,"event_name":"SensoryStone","player_choice":"Memory 3","floor":36.0,"gold_loss":0.0,"damage_taken":10.0},{"damage_healed":0.0,"max_hp_gain":0.0,"max_hp_loss":0.0,"gold_gain":0.0,"event_name":"Wheel of Change","player_choice":"Damaged","floor":45.0,"gold_loss":0.0,"damage_taken":10.0},{"damage_healed":0.0,"max_hp_gain":0.0,"max_hp_loss":0.0,"gold_gain":0.0,"event_name":"MindBloom","player_choice":"Fight","floor":47.0,"gold_loss":0.0,"damage_taken":0.0},{"cards_removed":["Sucker Punch"],"damage_healed":5.0,"max_hp_gain":0.0,"max_hp_loss":0.0,"gold_gain":0.0,"event_name":"Bonfire Elementals","player_choice":"Offered Common","floor":48.0,"gold_loss":0.0,"damage_taken":0.0},{"cards_removed":["Sucker Punch"],"damage_healed":5.0,"max_hp_gain":0.0,"max_hp_loss":0.0,"gold_gain":0.0,"event_name":"Bonfire Elementals","player_choice":"Offered Special","floor":48.0,"gold_loss":0.0,"damage_taken":0.0}],"is_beta":false,"boss_relics":[{"not_picked":["Ectoplasm","HoveringKite"],"picked":"Ring of the Serpent"},{"not_picked":["Tiny House","Snecko Eye"],"picked":"Pandora\u0027s Box"}],"items_purged_floors":[19,39],"is_endless":false,"potions_floor_spawned":[13,14,16,18,33,37,38,47],"ascension_level":20}