{"gold_per_floor":[360,360,360,360,377,377,404,404,404,404,404,420,420,44,44,155,155,179,200,200,217,29,29,45,45,45,45,77,91,8,23,23,132,132,151,151,165,19,41,41,59,19,19,21,73,81],"floor_reached":46,"playtime":1973,"items_purged":["Defend_R","conspire:NecroticWound"],"score":589,"play_id":"7dcd31b6-de89-4202-b712-d268a0f3db6d","local_time":"20190704135709","is_ascension_mode":true,"campfire_choices":[{"data":"Dramatic Entrance","floor":6,"key":"SMITH"},{"data":"strawberrySpire:DebrisPile","floor":8,"key":"SMITH"},{"data":"Spot Weakness","floor":11,"key":"SMITH"},{"data":"strawberrySpire:ZonePlayer","floor":15,"key":"SMITH"},{"data":"strawberrySpire:Harvest","floor":23,"key":"SMITH"},{"data":"Shrug It Off","floor":25,"key":"SMITH"},{"data":"infinitespire:NeuralNetwork","floor":32,"key":"SMITH"},{"data":"Intimidate","floor":40,"key":"SMITH"}],"neow_cost":"PERCENT_DAMAGE","seed_source_timestamp":1125430692563152,"circlet_count":0,"master_deck":["Strike_R","Strike_R","Strike_R","Defend_R","Defend_R","Defend_R","Bash+1","strawberrySpire:DebrisPile+1","Dramatic Entrance+1","Thunderclap","Spot Weakness+1","strawberrySpire:ZonePlayer+1","strawberrySpire:Harvest+1","Sword Boomerang","infinitespire:NeuralNetwork+1","Shockwave","Shrug It Off+1","Finesse","Heavy Blade+1","strawberrySpire:Harvest","Intimidate+1","Flex+1","Madness","Madness","Heavy Blade+1"],"relics":["Burning Blood","Orichalcum","infinitespire:Midas Blood","hubris:TenFootPole","aspiration:FrozenJewel","conspire:SlowCooker","ReplayTheSpireMod:CursedCoin","Mummified Hand","Charon\u0027s Ashes","Centennial Puzzle","vexMod:TanglingVine","King of Hearts","vexMod:TimesightGlass","Baseball"],"potions_floor_usage":[7,16,21,28,28,29,33,45,45],"damage_taken":[{"damage":7,"enemies":"Small Slimes","floor":1,"turns":4},{"damage":0,"enemies":"2 Louse","floor":5,"turns":2},{"damage":28,"enemies":"3 Sentries","floor":7,"turns":11},{"damage":0,"enemies":"Cultist","floor":12,"turns":3},{"damage":23,"enemies":"Fading Forest","floor":16,"turns":11},{"damage":14,"enemies":"3 Byrds","floor":18,"turns":5},{"damage":14,"enemies":"Spheric Guardian","floor":19,"turns":4},{"damage":19,"enemies":"Centurion and Healer","floor":21,"turns":5},{"damage":0,"enemies":"Chosen and Byrds","floor":24,"turns":5},{"damage":0,"enemies":"Gremlin Leader","floor":28,"turns":5},{"damage":4,"enemies":"Cultist and Chosen","floor":29,"turns":5},{"damage":0,"enemies":"Centurion and Healer","floor":31,"turns":6},{"damage":29,"enemies":"vexMod:LichLord","floor":33,"turns":7},{"damage":1,"enemies":"3 Shapes","floor":35,"turns":4},{"damage":2,"enemies":"Orb Walker","floor":37,"turns":3},{"damage":27,"enemies":"4 Shapes","floor":39,"turns":3},{"damage":14,"enemies":"Writhing Mass","floor":41,"turns":5},{"damage":62,"enemies":"strawberrySpire:EssenceStones","floor":45,"turns":4},{"damage":40,"enemies":"2 Orb Walkers","floor":46,"turns":2}],"seed_played":"-743234693154968960","potions_obtained":[{"floor":5,"key":"Swift Potion"},{"floor":7,"key":"Explosive Potion"},{"floor":19,"key":"Strength Potion"},{"floor":24,"key":"Poison Potion"},{"floor":27,"key":"Explosive Potion"},{"floor":27,"key":"Strength Potion"},{"floor":28,"key":"Energy Potion"},{"floor":29,"key":"Explosive Potion"},{"floor":39,"key":"AttackPotion"}],"is_trial":false,"path_per_floor":["M","?","?","?","M","R","E","R","T","T","R","M","?","$","R","B",null,"M","M","AVR","M","$","R","M","R","T","?","E","M","$","M","R","B",null,"M","?","M","$","M","R","M","$","T","?","E","?"],"character_chosen":"IRONCLAD","items_purchased":["aspiration:FrozenJewel","PowerPotion","ReplayTheSpireMod:CursedCoin","Mummified Hand","Finesse","King of Hearts","Flex+1"],"campfire_rested":0,"item_purchase_floors":[14,14,22,22,30,38,42],"current_hp_per_floor":[55,48,48,48,54,54,32,32,32,32,32,38,62,62,62,59,80,72,64,64,57,57,57,68,68,68,68,80,80,80,80,80,57,80,80,80,80,80,79,79,80,80,80,75,30,0],"gold":81,"neow_bonus":"TWO_FIFTY_GOLD","is_prod":false,"is_daily":false,"chose_seed":false,"campfire_upgraded":8,"win_rate":0,"timestamp":1562245029,"path_taken":["M","?","?","?","M","R","E","R","T","?","R","?","?","$","R","BOSS","M","M","AVR","M","$","R","M","R","T","?","E","?","$","?","R","BOSS","M","?","M","$","M","R","M","$","T","?","E","?"],"build_version":"2019-07-01","purchased_purges":2,"victory":false,"max_hp_per_floor":[80,80,80,80,80,80,80,80,80,80,80,80,80,80,80,80,80,80,80,80,80,80,80,80,80,80,80,80,80,80,80,80,80,80,80,80,80,80,80,80,80,80,80,80,80,80],"card_choices":[{"not_picked":["Infernal Blade","Evolve"],"picked":"strawberrySpire:DebrisPile","floor":1},{"not_picked":["True Grit","Rupture"],"picked":"Thunderclap","floor":5},{"not_picked":["Metallicize","Wild Strike"],"picked":"Spot Weakness","floor":7},{"not_picked":["Iron Wave","Havoc"],"picked":"strawberrySpire:ZonePlayer","floor":12},{"not_picked":["vexMod:CurseBlast","Impervious"],"picked":"strawberrySpire:Harvest","floor":16},{"not_picked":["Entrench","Thunderclap","Body Slam+1"],"picked":"SKIP","floor":18},{"not_picked":["hubris:SharpeningStone","Infernal Blade"],"picked":"Sword Boomerang","floor":19},{"not_picked":["Abandon","Cleave"],"picked":"Shockwave","floor":21},{"not_picked":["Anger","vexMod:TrainingStrike"],"picked":"Shrug It Off","floor":24},{"not_picked":["strawberrySpire:DraftPunk","Havoc","Defy Death"],"picked":"SKIP","floor":28},{"not_picked":["Hemokinesis+1","Armaments","Body Slam"],"picked":"SKIP","floor":29},{"not_picked":["Clash+1","Ghostly Armor+1"],"picked":"Heavy Blade+1","floor":31},{"not_picked":["Fiend Fire","vexMod:Devastation"],"picked":"strawberrySpire:Harvest","floor":33},{"not_picked":["Havoc","strawberrySpire:GettingOverIt","strawberrySpire:JustAWound+1"],"picked":"SKIP","floor":35},{"not_picked":["Iron Wave+1","ReplayTheSpireMod:LeadingStrike+1","ReplayTheSpireMod:Corrosion Curse+1"],"picked":"SKIP","floor":37},{"not_picked":["Corruption","Intimidate","vexMod:CleverClash+1"],"picked":"SKIP","floor":39},{"not_picked":["Corruption","vexMod:CleverClash+1"],"picked":"Intimidate","floor":39},{"not_picked":["vexMod:GroundPound+1","Thunderclap+1","vexMod:TrainingStrike+1"],"picked":"SKIP","floor":41},{"not_picked":["strawberrySpire:FireDrill+1","strawberrySpire:Endurance"],"picked":"Heavy Blade+1","floor":45}],"player_experience":125925,"relics_obtained":[{"floor":7,"key":"Orichalcum"},{"floor":9,"key":"infinitespire:Midas Blood"},{"floor":10,"key":"hubris:TenFootPole"},{"floor":26,"key":"Charon\u0027s Ashes"},{"floor":28,"key":"Centennial Puzzle"},{"floor":43,"key":"vexMod:TimesightGlass"},{"floor":45,"key":"Baseball"}],"event_choices":[{"cards_removed":["Strike_R"],"damage_healed":0,"gold_gain":0,"player_choice":"Card Removal","damage_taken":7,"max_hp_gain":0,"max_hp_loss":0,"event_name":"Golden Wing","floor":2,"gold_loss":0},{"damage_healed":0,"gold_gain":0,"player_choice":"Got Potions","damage_taken":0,"max_hp_gain":0,"max_hp_loss":0,"event_name":"Lab","floor":27,"gold_loss":0},{"damage_healed":0,"gold_gain":0,"player_choice":"Ignored","damage_taken":0,"max_hp_gain":0,"max_hp_loss":0,"event_name":"Tomb of Lord Red Mask","floor":36,"gold_loss":0},{"damage_healed":0,"gold_gain":0,"player_choice":"Embrace Madness","damage_taken":10,"max_hp_gain":0,"max_hp_loss":0,"event_name":"Winding Halls","floor":44,"gold_loss":0,"cards_obtained":["Madness","Madness"]},{"damage_healed":0,"gold_gain":0,"player_choice":"Fight","damage_taken":0,"max_hp_gain":0,"max_hp_loss":0,"event_name":"Mysterious Sphere","floor":46,"gold_loss":0}],"is_beta":false,"boss_relics":[{"not_picked":["Astrolabe","ReplayTheSpireMod:DimensionalGlitch"],"picked":"conspire:SlowCooker"},{"not_picked":["Lizard Tail","hubris:RunicObelisk"],"picked":"vexMod:TanglingVine"}],"items_purged_floors":[14,22],"is_endless":false,"potions_floor_spawned":[5,7,19,24,28,29,39],"killed_by":"2 Orb Walkers","ascension_level":4}