{"gold_per_floor":[113,113,130,146,158,158,83,98,148,179,191,229,255,267],"floor_reached":14,"playtime":361,"items_purged":["Strike_G"],"score":168,"play_id":"e85d9a6a-b23e-4605-93dd-d5d60f1b99fb","local_time":"20190516013753","is_ascension_mode":true,"campfire_choices":[{"data":"Body Slam","floor":6,"key":"SMITH"}],"neow_cost":"","seed_source_timestamp":890509753697600,"circlet_count":0,"master_deck":["Burst","Defend_G","Defend_G","Defend_G","Defend_G","Strike_G","Strike_G","Strike_G","Strike_G","Double Tap","Bash","Amplify","Perfected Strike","Shrug It Off","Pommel Strike","Body Slam+1","Limit Break","Whirlwind","Sword Boomerang","Carnage"],"relics":["Burning Blood","MawBank","Odd Mushroom"],"potions_floor_usage":[12,14],"damage_taken":[{"damage":4,"enemies":"Small Slimes","floor":1,"turns":4},{"damage":14,"enemies":"2 Louse","floor":3,"turns":3},{"damage":0,"enemies":"Jaw Worm","floor":4,"turns":3},{"damage":11,"enemies":"Large Slime","floor":5,"turns":5},{"damage":10,"enemies":"3 Louse","floor":8,"turns":3},{"damage":6,"enemies":"Looter","floor":10,"turns":3},{"damage":17,"enemies":"The Mushroom Lair","floor":12,"turns":4},{"damage":16,"enemies":"Blue Slaver","floor":13,"turns":5},{"damage":61,"enemies":"Lagavulin","floor":14,"turns":7}],"seed_played":"8338809983399707440","potions_obtained":[{"floor":3,"key":"EssenceOfSteel"},{"floor":5,"key":"SpeedPotion"},{"floor":8,"key":"SpeedPotion"},{"floor":13,"key":"Regen Potion"}],"is_trial":true,"path_per_floor":["M","?","M","M","M","R","$","M","T","M","?","?","M","E"],"character_chosen":"IRONCLAD","items_purchased":[],"campfire_rested":0,"item_purchase_floors":[],"current_hp_per_floor":[70,75,67,73,68,68,68,64,64,64,64,53,43,0],"gold":267,"neow_bonus":"","is_prod":false,"is_daily":false,"chose_seed":false,"campfire_upgraded":1,"win_rate":0,"timestamp":1557938273,"path_taken":["M","?","M","M","M","R","$","M","T","M","?","?","M","E"],"build_version":"2019-01-23","purchased_purges":1,"victory":false,"max_hp_per_floor":[75,80,80,80,80,80,80,80,80,80,80,80,80,80],"card_choices":[{"not_picked":["Shrug It Off","Headbutt"],"picked":"Perfected Strike","floor":1},{"not_picked":["True Grit","Power Through"],"picked":"Shrug It Off","floor":3},{"not_picked":["Headbutt","Hemokinesis"],"picked":"Pommel Strike","floor":4},{"not_picked":["Inflame","Pommel Strike"],"picked":"Body Slam","floor":5},{"not_picked":["Warcry","Armaments"],"picked":"Limit Break","floor":8},{"not_picked":["Cleave","Twin Strike"],"picked":"Whirlwind","floor":10},{"not_picked":["Heavy Blade","Clash"],"picked":"Sword Boomerang","floor":12},{"not_picked":["Bloodletting","Flame Barrier"],"picked":"Carnage","floor":13}],"player_experience":5043294,"relics_obtained":[{"floor":9,"key":"MawBank"},{"floor":12,"key":"Odd Mushroom"}],"event_choices":[{"damage_healed":0,"gold_gain":0,"player_choice":"Donut","damage_taken":0,"max_hp_gain":5,"max_hp_loss":0,"event_name":"Big Fish","floor":2,"gold_loss":0},{"damage_healed":0,"gold_gain":0,"player_choice":"Ignored","damage_taken":0,"max_hp_gain":0,"max_hp_loss":0,"event_name":"Liars Game","floor":11,"gold_loss":0},{"damage_healed":0,"gold_gain":0,"player_choice":"Fought Mushrooms","damage_taken":0,"max_hp_gain":0,"max_hp_loss":0,"event_name":"Mushrooms","floor":12,"gold_loss":0}],"is_beta":false,"boss_relics":[],"items_purged_floors":[7],"is_endless":false,"potions_floor_spawned":[3,5,8,13],"killed_by":"Lagavulin","ascension_level":20}