{"gold_per_floor":[114,114,134,158,158,158,201,201,201,201,201,234,38,73,73,196,196,217,231,250,230,20,64,64,88,88,108,143,180,14,30,30,155,155,174,193,28,28],"floor_reached":38,"playtime":2611,"items_purged":["Strike_B","Strike_B","Defend_B"],"score":456,"play_id":"982e3fc4-f3b3-473f-a1a2-353c410cd4e5","local_time":"20190721123622","is_ascension_mode":true,"campfire_choices":[{"floor":6.0,"key":"RECALL"},{"floor":8.0,"key":"REST"},{"floor":11.0,"key":"REST"},{"floor":15.0,"key":"REST"},{"data":"Multi-Cast","floor":24,"key":"SMITH"},{"floor":32,"key":"REST"}],"neow_cost":"NONE","seed_source_timestamp":0,"circlet_count":0,"master_deck":["Strike_B","Strike_B","Defend_B","Zap","Dualcast","Turbo","White Noise","Capacitor","Multi-Cast+1","Glacier","Redo","Loop","Electrodynamics","Tempest","Hello World","Force Field","Consume+1","Conserve Battery+1","Force Field","Seek","Doom and Gloom+1","White Noise","Leap+1","Echo Form","Chaos+1","Heatsinks"],"special_seed":0,"relics":["Runic Dome","Golden Idol","Pantograph","Meat on the Bone","Tiny Chest","Bronze Scales","Orrery","Lee\u0027s Waffle","Bag of Marbles","Symbiotic Virus","MawBank","Black Star"],"potions_floor_usage":[25,28,28,28,28,28,28,31,31,33],"damage_taken":[{"damage":0.0,"enemies":"Cultist","floor":1.0,"turns":4.0},{"damage":6.0,"enemies":"Small Slimes","floor":3.0,"turns":3.0},{"damage":9.0,"enemies":"2 Louse","floor":4.0,"turns":3.0},{"damage":40.0,"enemies":"Lagavulin","floor":7.0,"turns":7.0},{"damage":19.0,"enemies":"Gremlin Nob","floor":12.0,"turns":5.0},{"damage":15.0,"enemies":"Lagavulin","floor":14.0,"turns":8.0},{"damage":39.0,"enemies":"Hexaghost","floor":16.0,"turns":11.0},{"damage":30,"enemies":"Shell Parasite","floor":18,"turns":4},{"damage":10,"enemies":"Chosen","floor":19,"turns":5},{"damage":24,"enemies":"Centurion and Healer","floor":20,"turns":3},{"damage":59,"enemies":"Gremlin Leader","floor":23,"turns":8},{"damage":6,"enemies":"Shelled Parasite and Fungi","floor":25,"turns":5},{"damage":3,"enemies":"3 Cultists","floor":27,"turns":5},{"damage":17,"enemies":"Book of Stabbing","floor":28,"turns":5},{"damage":0,"enemies":"Cultist and Chosen","floor":29,"turns":3},{"damage":38,"enemies":"Shelled Parasite and Fungi","floor":31,"turns":5},{"damage":29,"enemies":"Collector","floor":33,"turns":7},{"damage":2,"enemies":"3 Darklings","floor":35,"turns":5},{"damage":18,"enemies":"3 Shapes","floor":36,"turns":4},{"damage":62,"enemies":"2 Orb Walkers","floor":38,"turns":4}],"seed_played":"-382339142212118166","potions_obtained":[{"floor":3.0,"key":"AttackPotion"},{"floor":4.0,"key":"Explosive Potion"},{"floor":16.0,"key":"Ancient Potion"},{"floor":20,"key":"EntropicBrew"},{"floor":21,"key":"Regen Potion"},{"floor":27,"key":"Explosive Potion"},{"floor":28,"key":"FocusPotion"},{"floor":29,"key":"FearPotion"},{"floor":33,"key":"Ancient Potion"},{"floor":36,"key":"Swift Potion"}],"is_trial":false,"path_per_floor":["M","?","M","M","?","R","E","R","T","?","R","E","$","E","R","B",null,"M","M","M","?","$","E","R","M","T","M","E","M","$","M","R","B",null,"M","M","$","?"],"character_chosen":"DEFECT","items_purchased":["Tiny Chest","Lee\u0027s Waffle","EssenceOfSteel","Heatsinks"],"campfire_rested":4,"item_purchase_floors":[13,22,30,37],"current_hp_per_floor":[75,57,51,42,42,42,2,24,24,17,39,20,20,17,39,37,75,45,47,35,35,82,35,35,53,53,50,45,45,45,19,43,51,82,80,62,62,0],"gold":28,"neow_bonus":"BOSS_RELIC","is_prod":false,"is_daily":false,"chose_seed":false,"campfire_upgraded":1,"win_rate":0,"timestamp":1563730582,"path_taken":["M","?","M","M","?","R","E","R","T","?","R","E","?","E","R","BOSS","M","M","M","?","$","E","R","M","T","M","E","M","?","M","R","BOSS","M","M","$","?"],"build_version":"2019-07-17","purchased_purges":3,"victory":false,"max_hp_per_floor":[75,75,75,75,75,75,75,75,75,75,75,75,75,75,75,75,75,75,75,75,75,82,82,82,82,82,82,82,82,82,82,82,82,82,82,82,82,82],"card_choices":[{"not_picked":["Barrage","Leap"],"picked":"Turbo","floor":1.0},{"not_picked":["Conserve Battery","Turbo"],"picked":"White Noise","floor":3.0},{"not_picked":["Leap","Beam Cell"],"picked":"Capacitor","floor":4.0},{"not_picked":["Coolheaded","Reboot"],"picked":"Glacier","floor":7.0},{"not_picked":["Steam","Hyperbeam"],"picked":"Redo","floor":12.0},{"not_picked":["Cold Snap","Barrage"],"picked":"Loop","floor":14.0},{"not_picked":["Buffer","All For One"],"picked":"Electrodynamics","floor":16.0},{"not_picked":["Fusion","Ball Lightning"],"picked":"Tempest","floor":17},{"not_picked":["Steam","Reprogram"],"picked":"Hello World","floor":17},{"not_picked":["Blizzard","Gash"],"picked":"Force Field","floor":17},{"not_picked":["Ball Lightning","Recycle+1"],"picked":"Consume+1","floor":18},{"not_picked":["Rebound","Stack","Streamline"],"picked":"SKIP","floor":19},{"not_picked":["Hologram+1","Aggregate"],"picked":"Conserve Battery+1","floor":20},{"not_picked":["Compile Driver+1","Go for the Eyes+1"],"picked":"Force Field","floor":23},{"not_picked":["Streamline","Ball Lightning"],"picked":"Seek","floor":25},{"not_picked":["Streamline","Beam Cell","Coolheaded+1"],"picked":"SKIP","floor":27},{"not_picked":["Fusion","Scrape"],"picked":"Doom and Gloom+1","floor":28},{"not_picked":["Blizzard+1","Beam Cell+1"],"picked":"White Noise","floor":29},{"not_picked":["Ball Lightning","Doom and Gloom"],"picked":"Leap+1","floor":31},{"not_picked":["Machine Learning","Creative AI"],"picked":"Echo Form","floor":33},{"not_picked":["Gash","Stack"],"picked":"Chaos+1","floor":35},{"not_picked":["Go for the Eyes+1","Chaos+1","Sweeping Beam+1"],"picked":"SKIP","floor":36}],"player_experience":124831,"relics_obtained":[{"floor":7.0,"key":"Pantograph"},{"floor":12.0,"key":"Meat on the Bone"},{"floor":14.0,"key":"Bronze Scales"},{"floor":23,"key":"Bag of Marbles"},{"floor":26,"key":"Symbiotic Virus"},{"floor":28,"key":"MawBank"}],"event_choices":[{"damage_healed":0.0,"max_hp_gain":0.0,"max_hp_loss":0.0,"gold_gain":0.0,"event_name":"Golden Idol","player_choice":"Take Damage","floor":2.0,"gold_loss":0.0,"damage_taken":18.0,"relics_obtained":["Golden Idol"]},{"damage_healed":0.0,"max_hp_gain":0.0,"max_hp_loss":0.0,"gold_gain":0.0,"cards_transformed":["Defend_B"],"event_name":"Living Wall","player_choice":"Change","floor":5.0,"gold_loss":0.0,"damage_taken":0.0,"cards_obtained":["Multi-Cast"]},{"cards_removed":["Defend_B"],"damage_healed":0.0,"max_hp_gain":0.0,"max_hp_loss":0.0,"gold_gain":0.0,"event_name":"Golden Wing","player_choice":"Card Removal","floor":10.0,"gold_loss":0.0,"damage_taken":7.0},{"damage_healed":0,"gold_gain":0,"player_choice":"Bought 1 Potion","damage_taken":0,"max_hp_gain":0,"max_hp_loss":0,"event_name":"The Woman in Blue","floor":21,"gold_loss":0},{"damage_healed":0,"gold_gain":0,"player_choice":"Fight","damage_taken":0,"max_hp_gain":0,"max_hp_loss":0,"event_name":"Mysterious Sphere","floor":38,"gold_loss":0}],"is_beta":false,"boss_relics":[{"not_picked":["Ectoplasm","Busted Crown"],"picked":"Orrery"},{"not_picked":["Philosopher\u0027s Stone","Empty Cage"],"picked":"Black Star"}],"items_purged_floors":[13,30,37],"is_endless":false,"potions_floor_spawned":[3,4,16,20,27,28,29,33,36],"killed_by":"2 Orb Walkers","ascension_level":1}