{"gold_per_floor":[12,25,45,61,61,61,97,97,97,97,122,161,201,222,222,315,315,333,100,100,0,13,13,53,53,53,53,97,110,141,266,266,362,362,376,376,392,267,117,117,153,153,178,216,216,255,290,290,290,290,290,290,290,56,90,90],"floor_reached":57,"playtime":3003,"items_purged":["Hello World","Rebound","Steam","Rip and Tear"],"score":3619,"play_id":"56c78620-7ca0-436c-89c0-4f25a65f66d5","local_time":"20190717024145","is_ascension_mode":true,"campfire_choices":[{"data":"Defragment","floor":6,"key":"SMITH"},{"data":"Zap","floor":8,"key":"SMITH"},{"data":"Barrage","floor":10,"key":"SMITH"},{"data":"Coolheaded","floor":15,"key":"SMITH"},{"data":"Biased Cognition","floor":23,"key":"SMITH"},{"data":"Conserve Battery","floor":25,"key":"SMITH"},{"data":"Dualcast","floor":27,"key":"SMITH"},{"data":"Echo Form","floor":32,"key":"SMITH"},{"floor":40,"key":"RECALL"},{"data":"Reboot","floor":42,"key":"SMITH"},{"data":"Panacea","floor":45,"key":"SMITH"},{"data":"Biased Cognition","floor":49,"key":"SMITH"},{"floor":53,"key":"DIG"}],"neow_cost":"NO_GOLD","seed_source_timestamp":547884258619200,"circlet_count":0,"master_deck":["AscendersBane","Zap+1","Dualcast+1","Reboot+1","Defragment+1","Coolheaded+1","Barrage+1","Glacier","Hologram+1","Chill","Echo Form+1","Biased Cognition+1","Conserve Battery+1","Undo","Darkness+1","Coolheaded+1","Conserve Battery+1","Go for the Eyes+1","Panacea+1","Secret Technique","Biased Cognition+1","Undo+1"],"relics":["Cracked Core","Golden Idol","WingedGreaves","FossilizedHelix","Ornamental Fan","Anchor","Pandora\u0027s Box","War Paint","Boot","Shuriken","Red Mask","Ice Cream","Mummified Hand","Inserter","Toxic Egg 2","The Courier","Shovel","Blue Candle","Bottled Lightning","Medical Kit","Symbiotic Virus"],"potions_floor_usage":[3,12,24,41,50,56],"damage_taken":[{"damage":11,"enemies":"Small Slimes","floor":1,"turns":5},{"damage":0,"enemies":"Cultist","floor":2,"turns":3},{"damage":0,"enemies":"2 Louse","floor":3,"turns":6},{"damage":8,"enemies":"Large Slime","floor":4,"turns":5},{"damage":11,"enemies":"Lagavulin","floor":7,"turns":7},{"damage":3,"enemies":"Exordium Thugs","floor":11,"turns":5},{"damage":0,"enemies":"3 Sentries","floor":12,"turns":9},{"damage":5,"enemies":"Lagavulin","floor":13,"turns":5},{"damage":0,"enemies":"Blue Slaver","floor":14,"turns":2},{"damage":0,"enemies":"The Guardian","floor":16,"turns":11},{"damage":0,"enemies":"Chosen","floor":18,"turns":4},{"damage":1,"enemies":"Shell Parasite","floor":22,"turns":4},{"damage":0,"enemies":"Book of Stabbing","floor":24,"turns":5},{"damage":0,"enemies":"Masked Bandits","floor":28,"turns":4},{"damage":0,"enemies":"Snecko","floor":29,"turns":4},{"damage":0,"enemies":"Gremlin Leader","floor":30,"turns":6},{"damage":0,"enemies":"Colosseum Slavers","floor":31,"turns":4},{"damage":0,"enemies":"Colosseum Nobs","floor":31,"turns":4},{"damage":0,"enemies":"Collector","floor":33,"turns":7},{"damage":0,"enemies":"3 Shapes","floor":35,"turns":6},{"damage":0,"enemies":"3 Darklings","floor":37,"turns":6},{"damage":0,"enemies":"Reptomancer","floor":41,"turns":6},{"damage":0,"enemies":"Nemesis","floor":44,"turns":7},{"damage":0,"enemies":"Reptomancer","floor":46,"turns":5},{"damage":0,"enemies":"Nemesis","floor":47,"turns":9},{"damage":0,"enemies":"Time Eater","floor":50,"turns":16},{"damage":24,"enemies":"Awakened One","floor":51,"turns":14},{"damage":0,"enemies":"Shield and Spear","floor":55,"turns":8},{"damage":41,"enemies":"The Heart","floor":56,"turns":11}],"seed_played":"5161931305269328821","potions_obtained":[{"floor":1,"key":"Regen Potion"},{"floor":7,"key":"Explosive Potion"},{"floor":13,"key":"EssenceOfSteel"},{"floor":14,"key":"Swift Potion"},{"floor":16,"key":"Weak Potion"},{"floor":24,"key":"Swift Potion"},{"floor":41,"key":"FocusPotion"}],"is_trial":false,"path_per_floor":["M","M","M","M","?","R","E","R","T","R","M","E","E","M","R","B",null,"M","$","?","$","M","R","E","R","T","R","?","M","E","?","R","B",null,"M","?","M","$","$","R","E","R","T","E","R","E","E","?","R","B","B",null,"R","$","E","B",null],"character_chosen":"DEFECT","items_purchased":["War Paint","Undo+1","Medical Kit"],"campfire_rested":0,"item_purchase_floors":[19,54,54],"current_hp_per_floor":[53,53,68,60,60,60,49,49,49,49,46,46,41,41,41,41,58,58,58,54,54,53,53,53,53,53,53,53,53,53,53,53,53,61,61,51,51,51,51,51,51,51,51,51,51,51,51,51,51,51,27,55,55,55,55,14],"gold":90,"neow_bonus":"TRANSFORM_TWO_CARDS","is_prod":false,"is_daily":false,"chose_seed":false,"campfire_upgraded":11,"win_rate":0,"timestamp":1563298905,"path_taken":["M","M","M","M","?","R","E","R","T","R","M","E","E","M","R","BOSS","M","$","?","$","?","R","E","R","T","R","?","M","E","?","R","BOSS","M","?","M","$","$","R","E","R","T","E","R","E","E","?","R","BOSS","BOSS","R","$","E","BOSS"],"build_version":"2019-07-05","purchased_purges":4,"victory":true,"max_hp_per_floor":[71,71,71,71,64,64,64,64,64,64,64,64,64,64,64,64,64,64,64,64,64,64,64,64,64,64,64,64,64,64,64,64,64,64,64,64,64,64,64,64,64,64,64,64,64,64,64,64,64,64,64,64,64,64,64,64],"card_choices":[{"not_picked":["Heatsinks","Skim"],"picked":"Defragment","floor":1},{"not_picked":["Streamline","Turbo"],"picked":"Coolheaded","floor":2},{"not_picked":["Stack","Redo"],"picked":"Rebound","floor":3},{"not_picked":["Chill","Turbo"],"picked":"Barrage","floor":4},{"not_picked":["Turbo","Sweeping Beam"],"picked":"Glacier","floor":7},{"not_picked":["Force Field","Storm"],"picked":"Hologram","floor":11},{"not_picked":["Amplify","Glacier","Redo"],"picked":"SKIP","floor":12},{"not_picked":["Sunder","Redo"],"picked":"FTL","floor":13},{"not_picked":["Streamline","Hologram"],"picked":"Chill","floor":14},{"not_picked":["Seek","Hyperbeam"],"picked":"Echo Form","floor":16},{"not_picked":["Gash","Static Discharge","Steam"],"picked":"SKIP","floor":18},{"not_picked":["Turbo","Heatsinks"],"picked":"Coolheaded+1","floor":22},{"not_picked":["Lockon","Leap"],"picked":"Conserve Battery+1","floor":24},{"not_picked":["Conserve Battery","Hologram","Steam Power"],"picked":"SKIP","floor":29},{"not_picked":["All For One","Chaos","Compile Driver"],"picked":"SKIP","floor":30},{"not_picked":["Undo","BootSequence"],"picked":"Go for the Eyes+1","floor":31},{"not_picked":["Cold Snap","Streamline","Beam Cell+1"],"picked":"SKIP","floor":35},{"not_picked":["Trip","Secret Technique"],"picked":"Panacea","floor":36},{"not_picked":["Discovery","Jack Of All Trades"],"picked":"Secret Technique","floor":36},{"not_picked":["Go for the Eyes","Barrage+1","Beam Cell"],"picked":"SKIP","floor":37},{"not_picked":["Stack","Beam Cell","Static Discharge"],"picked":"SKIP","floor":41},{"not_picked":["Stack","Beam Cell","Static Discharge"],"picked":"SKIP","floor":41},{"not_picked":["Sweeping Beam","Cold Snap","Compile Driver"],"picked":"SKIP","floor":44},{"not_picked":["Static Discharge+1","Chill+1","Beam Cell"],"picked":"SKIP","floor":46},{"not_picked":["Go for the Eyes","Self Repair+1"],"picked":"Biased Cognition","floor":47},{"not_picked":["Steam+1","Redo+1","Aggregate+1"],"picked":"SKIP","floor":55}],"player_experience":5715753,"relics_obtained":[{"floor":7,"key":"WingedGreaves"},{"floor":9,"key":"FossilizedHelix"},{"floor":12,"key":"Ornamental Fan"},{"floor":13,"key":"Anchor"},{"floor":24,"key":"Boot"},{"floor":26,"key":"Shuriken"},{"floor":28,"key":"Red Mask"},{"floor":31,"key":"Ice Cream"},{"floor":31,"key":"Mummified Hand"},{"floor":41,"key":"Toxic Egg 2"},{"floor":44,"key":"The Courier"},{"floor":46,"key":"Shovel"},{"floor":47,"key":"Blue Candle"},{"floor":53,"key":"Bottled Lightning"},{"floor":55,"key":"Symbiotic Virus"}],"event_choices":[{"damage_healed":0,"gold_gain":0,"player_choice":"Lose Max HP","damage_taken":0,"relics_obtained":["Golden Idol"],"max_hp_gain":0,"max_hp_loss":7,"event_name":"Golden Idol","floor":5,"gold_loss":0},{"damage_healed":0,"gold_gain":0,"player_choice":"Bought 0 Potions","damage_taken":0,"max_hp_gain":0,"max_hp_loss":0,"event_name":"The Woman in Blue","floor":20,"gold_loss":0},{"damage_healed":0,"gold_gain":0,"player_choice":"Fought Bandits","damage_taken":0,"max_hp_gain":0,"max_hp_loss":0,"event_name":"Masked Bandits","floor":28,"gold_loss":0},{"damage_healed":0,"gold_gain":0,"player_choice":"Fight","damage_taken":0,"max_hp_gain":0,"max_hp_loss":0,"event_name":"Colosseum","floor":31,"gold_loss":0},{"damage_healed":0,"gold_gain":0,"player_choice":"Fought Nobs","damage_taken":0,"max_hp_gain":0,"max_hp_loss":0,"event_name":"Colosseum","floor":31,"gold_loss":0},{"damage_healed":0,"gold_gain":0,"player_choice":"Memory 3","damage_taken":10,"max_hp_gain":0,"max_hp_loss":0,"event_name":"SensoryStone","floor":36,"gold_loss":0},{"cards_removed":["FTL"],"damage_healed":0,"gold_gain":0,"player_choice":"Removed Attack","damage_taken":0,"max_hp_gain":0,"max_hp_loss":0,"event_name":"Falling","floor":48,"gold_loss":0}],"is_beta":false,"boss_relics":[{"not_picked":["Fusion Hammer","Coffee Dripper"],"picked":"Pandora\u0027s Box"},{"not_picked":["Runic Pyramid","Calling Bell"],"picked":"Inserter"}],"items_purged_floors":[19,21,38,39],"is_endless":false,"potions_floor_spawned":[1,7,13,14,16,18,22,24,31,33,37,41,46],"ascension_level":20}