{"gold_per_floor":[398,398,424,452,484,484,288,288,317,344,373,373,103,103,103,103,103,103],"floor_reached":19,"playtime":1108,"items_purged":["Defend_G","Strike_G","Strike_G"],"score":529,"play_id":"0983331c-2720-411f-a529-b937da26f169","local_time":"20190402235406","daily_mods":["Uncertain Future"],"is_ascension_mode":true,"campfire_choices":[{"data":"Neutralize","floor":2,"key":"SMITH"},{"floor":8,"key":"REST"},{"floor":14,"key":"REST"}],"neow_cost":"","seed_source_timestamp":0,"circlet_count":0,"master_deck":["AscendersBane","Defend_G","Defend_G","Defend_G","Defend_G","Strike_G","Strike_G","Strike_G","Survivor","Neutralize+1","Chrysalis+1","Calculated Gamble+1","Expertise+1","Terror+1","Venomology+1","Flash of Steel","After Image","Deflect+1","After Image","Purity+1","Blade Dance+1","Backflip+1","Dash"],"relics":["Ring of the Snake","Black Star","Sling","PreservedInsect","Toxic Egg 2","Vajra","Art of War","Bag of Marbles","Thread and Needle","Dodecahedron","Bronze Scales","Eternal Feather","Kunai","Nunchaku","Blood Vial","Mercury Hourglass","Paper Crane","Regal Pillow","Ectoplasm","Dream Catcher","Potion Belt","Letter Opener","The Courier","MawBank","Pen Nib","Bag of Preparation","Strawberry"],"potions_floor_usage":[9,10,11,15,16,17,18,18,18,18],"damage_taken":[{"damage":9,"enemies":"Gremlin Nob","floor":3,"turns":4},{"damage":34,"enemies":"Lagavulin","floor":4,"turns":9},{"damage":1,"enemies":"3 Sentries","floor":5,"turns":6},{"damage":2,"enemies":"Book of Stabbing","floor":9,"turns":4},{"damage":12,"enemies":"Gremlin Leader","floor":10,"turns":5},{"damage":20,"enemies":"Slavers","floor":11,"turns":5},{"damage":10,"enemies":"Reptomancer","floor":15,"turns":5},{"damage":0,"enemies":"Nemesis","floor":16,"turns":5},{"damage":0,"enemies":"Giant Head","floor":17,"turns":6},{"damage":23,"enemies":"Shield and Spear","floor":18,"turns":4}],"seed_played":"3269727597488328875","potions_obtained":[{"floor":5,"key":"PowerPotion"},{"floor":11,"key":"Ancient Potion"},{"floor":15,"key":"Energy Potion"},{"floor":16,"key":"Swift Potion"},{"floor":18,"key":"LiquidBronze"}],"is_trial":true,"path_per_floor":["$","R","E","E","E","T","$","R","E","E","E","T","$","R","E","E","E","E",null],"character_chosen":"THE_SILENT","items_purchased":["Toxic Egg 2","Chrysalis+1","Calculated Gamble+1","Flash of Steel","Purity+1","Blade Dance+1"],"campfire_rested":2,"item_purchase_floors":[1,1,1,7,13,13],"current_hp_per_floor":[59,59,50,16,15,15,15,43,41,29,11,11,11,57,49,51,53,39],"gold":103,"neow_bonus":"","is_prod":false,"is_daily":false,"chose_seed":false,"campfire_upgraded":1,"win_rate":0,"timestamp":1554216846,"path_taken":["$","R","E","E","E","T","$","R","E","E","E","T","$","R","E","E","E","E"],"build_version":"2019-01-23","purchased_purges":3,"victory":true,"max_hp_per_floor":[66,66,66,66,66,66,66,66,66,66,66,66,66,66,66,66,66,73],"card_choices":[{"not_picked":["Quick Slash","Underhanded Strike"],"picked":"Expertise+1","floor":3},{"not_picked":["Infinite Blades","Prepared+1"],"picked":"Terror+1","floor":4},{"not_picked":["Backflip+1","Deadly Poison+1"],"picked":"Venomology+1","floor":5},{"not_picked":["Blur+1","Accuracy"],"picked":"After Image","floor":9},{"not_picked":["Riddle With Holes","Bouncing Flask+1"],"picked":"Deflect+1","floor":10},{"not_picked":["Slice","Blade Dance+1"],"picked":"After Image","floor":11},{"not_picked":["Dagger Spray","Envenom"],"picked":"Backflip+1","floor":15},{"not_picked":["Dodge and Roll+1","Dagger Throw","Infinite Blades"],"picked":"SKIP","floor":16},{"not_picked":["Choke","Sucker Punch","Masterful Stab"],"picked":"SKIP","floor":17},{"not_picked":["Quick Slash","Sucker Punch"],"picked":"Dash","floor":18}],"player_experience":4686987,"relics_obtained":[{"floor":3,"key":"Vajra"},{"floor":3,"key":"Art of War"},{"floor":4,"key":"Bag of Marbles"},{"floor":4,"key":"Thread and Needle"},{"floor":5,"key":"Dodecahedron"},{"floor":5,"key":"Bronze Scales"},{"floor":9,"key":"Kunai"},{"floor":9,"key":"Nunchaku"},{"floor":10,"key":"Blood Vial"},{"floor":10,"key":"Mercury Hourglass"},{"floor":11,"key":"Paper Crane"},{"floor":11,"key":"Regal Pillow"},{"floor":15,"key":"Dream Catcher"},{"floor":15,"key":"Potion Belt"},{"floor":16,"key":"Letter Opener"},{"floor":16,"key":"The Courier"},{"floor":17,"key":"MawBank"},{"floor":17,"key":"Pen Nib"},{"floor":18,"key":"Bag of Preparation"},{"floor":18,"key":"Strawberry"}],"event_choices":[],"is_beta":false,"boss_relics":[{"not_picked":["Velvet Choker","Runic Dome"],"picked":"Eternal Feather"},{"not_picked":["Philosopher\u0027s Stone","Empty Cage"],"picked":"Ectoplasm"}],"items_purged_floors":[1,7,13],"is_endless":false,"potions_floor_spawned":[5,11,15,16,18],"ascension_level":15}