{"gold_per_floor":[115,128,128,139,156,156,182,182,182,192,217,235,235,235,235,308,308,327,175,192,117,317,317,329,329],"floor_reached":25,"playtime":691,"items_purged":["Strike_R"],"score":426,"play_id":"f1364445-b5e3-4b3e-b011-7cbee6a55fd6","local_time":"20190514013657","is_ascension_mode":true,"campfire_choices":[{"data":"Cleave","floor":6,"key":"SMITH"},{"data":"Armaments","floor":8,"key":"SMITH"},{"data":"Body Slam","floor":13,"key":"SMITH"},{"data":"Body Slam","floor":15,"key":"SMITH"},{"floor":23,"key":"REST"}],"neow_cost":"NONE","seed_source_timestamp":718207751803700,"circlet_count":0,"master_deck":["AscendersBane","Strike_R","Strike_R","Strike_R+1","Defend_R","Defend_R","Defend_R","Defend_R","Bash","Ghostly Armor","Armaments+1","Wild Strike+1","Cleave+1","Reaper","Body Slam+1","Shrug It Off","Body Slam+1","Feed","True Grit","Shrug It Off","Battle Trance","Feel No Pain","Power Through"],"relics":["Burning Blood","Boot","Potion Belt","Mummified Hand","Orrery"],"potions_floor_usage":[7,7,16,16,16,18,24,25],"damage_taken":[{"damage":4,"enemies":"Jaw Worm","floor":1,"turns":5},{"damage":12,"enemies":"Small Slimes","floor":2,"turns":5},{"damage":0,"enemies":"2 Louse","floor":4,"turns":4},{"damage":11,"enemies":"Red Slaver","floor":5,"turns":5},{"damage":11,"enemies":"Gremlin Nob","floor":7,"turns":4},{"damage":0,"enemies":"3 Louse","floor":10,"turns":4},{"damage":35,"enemies":"3 Sentries","floor":11,"turns":8},{"damage":1,"enemies":"Looter","floor":12,"turns":4},{"damage":25,"enemies":"Slime Boss","floor":16,"turns":7},{"damage":44,"enemies":"Chosen","floor":18,"turns":6},{"damage":36,"enemies":"Spheric Guardian","floor":20,"turns":10},{"damage":21,"enemies":"Snecko","floor":24,"turns":5},{"damage":38,"enemies":"Chosen and Byrds","floor":25,"turns":9}],"seed_played":"-4102607779876687283","potions_obtained":[{"floor":1,"key":"SpeedPotion"},{"floor":5,"key":"SkillPotion"},{"floor":7,"key":"Swift Potion"},{"floor":10,"key":"Block Potion"},{"floor":11,"key":"Poison Potion"},{"floor":16,"key":"Energy Potion"},{"floor":20,"key":"Block Potion"},{"floor":24,"key":"AttackPotion"}],"is_trial":false,"path_per_floor":["M","M","?","M","M","R","E","R","T","M","E","M","R","?","R","B",null,"M","$","M","?","?","R","M","M"],"character_chosen":"IRONCLAD","items_purchased":["Feel No Pain"],"campfire_rested":1,"item_purchase_floors":[19],"current_hp_per_floor":[70,64,69,75,70,70,65,65,65,76,56,61,61,37,37,33,68,37,37,7,7,7,31,21,0],"gold":329,"neow_bonus":"RANDOM_COMMON_RELIC","is_prod":false,"is_daily":false,"chose_seed":false,"campfire_upgraded":4,"win_rate":0,"timestamp":1557765417,"path_taken":["M","M","?","M","M","R","E","R","T","M","E","M","R","?","R","BOSS","M","$","M","?","?","R","M","M"],"build_version":"2019-01-23","purchased_purges":1,"victory":false,"max_hp_per_floor":[75,75,80,80,80,80,80,80,80,80,80,80,80,80,80,80,80,80,80,80,80,80,80,80,80],"card_choices":[{"not_picked":["Thunderclap","Body Slam"],"picked":"Ghostly Armor","floor":1},{"not_picked":["Rupture","Heavy Blade"],"picked":"Armaments","floor":2},{"not_picked":["Shockwave","Clash"],"picked":"Wild Strike","floor":4},{"not_picked":["Perfected Strike","Headbutt"],"picked":"Cleave","floor":5},{"not_picked":["Sever Soul","Sentinel"],"picked":"Reaper","floor":7},{"not_picked":["Pommel Strike","Burning Pact"],"picked":"Body Slam","floor":10},{"not_picked":["Clash","Havoc"],"picked":"Shrug It Off","floor":11},{"not_picked":["Twin Strike","Anger"],"picked":"Body Slam","floor":12},{"not_picked":["Immolate","Berserk"],"picked":"Feed","floor":16},{"not_picked":["Seeing Red","Flex"],"picked":"True Grit","floor":17},{"not_picked":["Havoc","Demon Form"],"picked":"Shrug It Off","floor":17},{"not_picked":["Flex","Warcry"],"picked":"Battle Trance","floor":18},{"not_picked":["Sword Boomerang","Ghostly Armor"],"picked":"Power Through","floor":20},{"not_picked":["Carnage","Clash","Metallicize"],"picked":"SKIP","floor":24}],"player_experience":5014983,"relics_obtained":[{"floor":7,"key":"Potion Belt"},{"floor":11,"key":"Mummified Hand"}],"event_choices":[{"damage_healed":0,"gold_gain":0,"player_choice":"Donut","damage_taken":0,"max_hp_gain":5,"max_hp_loss":0,"event_name":"Big Fish","floor":3,"gold_loss":0},{"damage_healed":0,"gold_gain":0,"player_choice":"Entered Light","damage_taken":24,"max_hp_gain":0,"max_hp_loss":0,"event_name":"Shining Light","floor":14,"gold_loss":0,"cards_upgraded":["Strike_R","Wild Strike"]},{"cards_removed":["Strike_R"],"damage_healed":0,"gold_gain":0,"player_choice":"Gave Gold","damage_taken":0,"max_hp_gain":0,"max_hp_loss":0,"event_name":"Beggar","floor":21,"gold_loss":75},{"damage_healed":0,"gold_gain":250,"player_choice":"Bet on Owner","damage_taken":0,"max_hp_gain":0,"max_hp_loss":0,"event_name":"The Joust","floor":22,"gold_loss":50}],"is_beta":false,"boss_relics":[{"not_picked":["Snecko Eye","Sozu"],"picked":"Orrery"}],"items_purged_floors":[19],"is_endless":false,"potions_floor_spawned":[1,5,7,10,11,16,20,24],"killed_by":"Chosen and Byrds","ascension_level":20}