{"gold_per_floor":[210,222,222,14,14,26,26,60,60,60,60,79,79,79,79,156,156,166,166,183,183,197,197,216,226,250,250,250,9,9,9,9,9],"floor_reached":33,"playtime":812,"items_purged":[],"score":474,"play_id":"ebb9dca6-e958-4d1e-b1dc-1fe55f9147fa","local_time":"20190719231352","is_ascension_mode":true,"campfire_choices":[{"floor":7,"key":"REST"},{"data":"Apotheosis","floor":11,"key":"SMITH"},{"floor":15,"key":"REST"},{"floor":23,"key":"REST"},{"floor":30,"key":"REST"},{"data":"Rampage","floor":32,"key":"SMITH"}],"neow_cost":"NONE","seed_source_timestamp":2452413671824508,"circlet_count":0,"master_deck":["AscendersBane","Strike_R","Strike_R","Strike_R","Strike_R","Strike_R+1","Defend_R","Defend_R","Defend_R","Defend_R","Bash+1","Ghostly Armor","Cleave+1","Apotheosis+1","Cleave","Clothesline","Reaper","Rampage+1","Rage+1","Flex","Spot Weakness"],"relics":["Burning Blood","Kunai","Bronze Scales","Pen Nib","Sozu","Bag of Marbles","Omamori"],"potions_floor_usage":[8,16,16],"damage_taken":[{"damage":2,"enemies":"Jaw Worm","floor":1,"turns":5},{"damage":1,"enemies":"Small Slimes","floor":2,"turns":6},{"damage":4,"enemies":"Cultist","floor":6,"turns":5},{"damage":23,"enemies":"Lagavulin","floor":8,"turns":9},{"damage":9,"enemies":"3 Louse","floor":12,"turns":3},{"damage":13,"enemies":"The Guardian","floor":16,"turns":11},{"damage":24,"enemies":"2 Thieves","floor":18,"turns":3},{"damage":14,"enemies":"Shell Parasite","floor":20,"turns":4},{"damage":20,"enemies":"Snecko","floor":22,"turns":4},{"damage":18,"enemies":"Sentry and Sphere","floor":24,"turns":6},{"damage":16,"enemies":"Centurion and Healer","floor":25,"turns":7},{"damage":87,"enemies":"Collector","floor":33,"turns":6}],"seed_played":"9164267091478028159","potions_obtained":[{"floor":1,"key":"SkillPotion"},{"floor":2,"key":"Strength Potion"},{"floor":12,"key":"Strength Potion"}],"is_trial":false,"path_per_floor":["M","M","?","$","?","M","R","E","T","$","R","M","?","?","R","B",null,"M","?","M","$","M","R","M","M","T","$","?","$","R","?","R","B"],"character_chosen":"IRONCLAD","items_purchased":["Apotheosis","Cleave","Omamori","Spot Weakness"],"campfire_rested":4,"item_purchase_floors":[4,4,29,29],"current_hp_per_floor":[72,75,52,52,26,28,50,33,33,33,33,30,30,30,52,45,68,50,55,47,47,37,59,47,47,47,47,47,47,69,69,69,0],"gold":9,"neow_bonus":"HUNDRED_GOLD","is_prod":false,"is_daily":false,"chose_seed":false,"campfire_upgraded":2,"win_rate":0,"timestamp":1563570832,"path_taken":["M","M","?","$","?","M","R","E","T","?","R","M","?","?","R","BOSS","M","?","?","$","M","R","M","M","T","$","?","?","R","?","R","BOSS"],"build_version":"2019-07-17","purchased_purges":0,"victory":false,"max_hp_per_floor":[75,75,75,75,75,75,75,75,75,75,75,75,75,75,75,75,75,75,75,75,75,75,75,75,75,75,75,75,75,75,75,75,75],"card_choices":[{"not_picked":["Corruption","Clash"],"picked":"Ghostly Armor","floor":1},{"not_picked":["Hemokinesis","Reckless Charge"],"picked":"Cleave","floor":2},{"not_picked":["Flex","Warcry"],"picked":"Clothesline","floor":6},{"not_picked":["Dark Embrace","Burning Pact","Corruption"],"picked":"SKIP","floor":8},{"not_picked":["Sever Soul","Cleave","Heavy Blade"],"picked":"SKIP","floor":12},{"not_picked":["Impervious","Limit Break"],"picked":"Reaper","floor":16},{"not_picked":["Iron Wave","Twin Strike"],"picked":"Thunderclap","floor":18},{"not_picked":["Rampage","Pommel Strike","Second Wind"],"picked":"SKIP","floor":20},{"not_picked":["Pommel Strike","Second Wind"],"picked":"Rampage","floor":20},{"not_picked":["Battle Trance","Twin Strike+1"],"picked":"Rage+1","floor":22},{"not_picked":["Sentinel","True Grit","Entrench"],"picked":"SKIP","floor":24},{"not_picked":["Wild Strike","Sentinel"],"picked":"Flex","floor":25}],"player_experience":496385,"relics_obtained":[{"floor":8,"key":"Bronze Scales"},{"floor":9,"key":"Pen Nib"},{"floor":26,"key":"Bag of Marbles"}],"event_choices":[{"damage_healed":0,"gold_gain":0,"player_choice":"Entered Light","damage_taken":23,"max_hp_gain":0,"max_hp_loss":0,"event_name":"Shining Light","floor":3,"gold_loss":0,"cards_upgraded":["Cleave","Strike_R"]},{"damage_healed":0,"gold_gain":0,"player_choice":"Success","damage_taken":26,"relics_obtained":["Kunai"],"max_hp_gain":0,"max_hp_loss":0,"event_name":"Scrap Ooze","floor":5,"gold_loss":0},{"damage_healed":0,"gold_gain":0,"player_choice":"Ignored","damage_taken":0,"max_hp_gain":0,"max_hp_loss":0,"event_name":"Liars Game","floor":13,"gold_loss":0},{"damage_healed":0,"gold_gain":0,"player_choice":"Grow","damage_taken":0,"max_hp_gain":0,"max_hp_loss":0,"event_name":"Living Wall","floor":14,"gold_loss":0,"cards_upgraded":["Bash"]},{"cards_removed":["Thunderclap"],"damage_healed":5,"gold_gain":0,"player_choice":"Offered Common","damage_taken":0,"max_hp_gain":0,"max_hp_loss":0,"event_name":"Bonfire Elementals","floor":19,"gold_loss":0},{"cards_removed":["Thunderclap"],"damage_healed":5,"gold_gain":0,"player_choice":"Offered Special","damage_taken":0,"max_hp_gain":0,"max_hp_loss":0,"event_name":"Bonfire Elementals","floor":19,"gold_loss":0},{"damage_healed":0,"gold_gain":0,"player_choice":"Ignored","damage_taken":0,"max_hp_gain":0,"max_hp_loss":0,"event_name":"Beggar","floor":28,"gold_loss":0},{"damage_healed":0,"gold_gain":0,"player_choice":"Smashed Altar","damage_taken":0,"max_hp_gain":0,"max_hp_loss":0,"event_name":"Forgotten Altar","floor":31,"gold_loss":0,"cards_obtained":["Decay"]}],"is_beta":false,"boss_relics":[{"not_picked":["Calling Bell","Lizard Tail"],"picked":"Sozu"}],"items_purged_floors":[],"is_endless":false,"potions_floor_spawned":[1,2,12,22,25],"killed_by":"Collector","ascension_level":19}