{"gold_per_floor":[109,184,109,122,132,132,166,166,223,248,313,326,356,376,376,453,453,464,464,331,331,350,350,382,400,400,427,20,37,71,81,81,160,160,175,188,199,219,231,265,265,284,353,353,353,353,253,283,283,283,283,283,283,31,62,62],"floor_reached":57,"playtime":3773,"items_purged":["Defend_R","Strike_R","Normality","Strike_R"],"score":2909,"play_id":"da005ea2-30fd-424a-9e7c-0960da45408d","local_time":"20190722022514","is_ascension_mode":true,"campfire_choices":[{"data":"Rampage","floor":6,"key":"SMITH"},{"floor":8,"key":"REST"},{"data":"Evolve","floor":15,"key":"SMITH"},{"data":"Immolate","floor":23,"key":"SMITH"},{"data":"Dark Embrace","floor":32,"key":"SMITH"},{"floor":41,"key":"RECALL"},{"data":"Power Through","floor":44,"key":"SMITH"},{"data":"Bash","floor":49,"key":"SMITH"},{"data":"Defend_R","floor":53,"key":"SMITH"}],"neow_cost":"TEN_PERCENT_HP_LOSS","seed_source_timestamp":97779388380300,"circlet_count":0,"master_deck":["AscendersBane","Strike_R","Strike_R","Defend_R+1","Defend_R+1","Defend_R+1","Bash+1","Evolve+1","Sword Boomerang","Rampage+1","Power Through+1","Entrench+1","Shrug It Off+1","Flame Barrier+1","Immolate+1","True Grit+1","Shrug It Off+1","Seeing Red+1","True Grit+1","Dark Embrace+1","Body Slam+1","Burning Pact+1","Shrug It Off+1","Body Slam+1","Madness+1","Madness+1","Dual Wield+1"],"relics":["Burning Blood","Pocketwatch","Vajra","Tiny Chest","War Paint","Toxic Egg 2","Torii","Mark of Pain","Magic Flower","The Courier","Molten Egg 2","Medical Kit","Boot","Cursed Key","Ancient Tea Set","Gremlin Horn","Centennial Puzzle","Letter Opener"],"potions_floor_usage":[7,11,16,18,24,27,27,29,33,37,55,56],"damage_taken":[{"damage":9,"enemies":"2 Louse","floor":1,"turns":4},{"damage":1,"enemies":"Small Slimes","floor":4,"turns":5},{"damage":12,"enemies":"Jaw Worm","floor":5,"turns":2},{"damage":15,"enemies":"3 Sentries","floor":7,"turns":9},{"damage":26,"enemies":"Lagavulin","floor":10,"turns":7},{"damage":0,"enemies":"3 Sentries","floor":11,"turns":8},{"damage":5,"enemies":"Red Slaver","floor":12,"turns":4},{"damage":12,"enemies":"3 Sentries","floor":13,"turns":8},{"damage":1,"enemies":"3 Louse","floor":14,"turns":4},{"damage":0,"enemies":"Slime Boss","floor":16,"turns":24},{"damage":2,"enemies":"2 Thieves","floor":18,"turns":4},{"damage":11,"enemies":"3 Byrds","floor":22,"turns":8},{"damage":7,"enemies":"Book of Stabbing","floor":24,"turns":7},{"damage":10,"enemies":"Centurion and Healer","floor":25,"turns":6},{"damage":51,"enemies":"Gremlin Leader","floor":27,"turns":6},{"damage":0,"enemies":"Shelled Parasite and Fungi","floor":29,"turns":10},{"damage":7,"enemies":"Slavers","floor":30,"turns":6},{"damage":0,"enemies":"Chosen and Byrds","floor":31,"turns":4},{"damage":27,"enemies":"Collector","floor":33,"turns":12},{"damage":1,"enemies":"3 Shapes","floor":35,"turns":3},{"damage":18,"enemies":"3 Darklings","floor":36,"turns":5},{"damage":0,"enemies":"Spire Growth","floor":37,"turns":3},{"damage":0,"enemies":"4 Shapes","floor":38,"turns":4},{"damage":10,"enemies":"Jaw Worm Horde","floor":39,"turns":5},{"damage":10,"enemies":"Nemesis","floor":40,"turns":9},{"damage":0,"enemies":"Sphere and 2 Shapes","floor":42,"turns":3},{"damage":1,"enemies":"Giant Head","floor":48,"turns":6},{"damage":16,"enemies":"Awakened One","floor":50,"turns":8},{"damage":1,"enemies":"Donu and Deca","floor":51,"turns":8},{"damage":15,"enemies":"Shield and Spear","floor":55,"turns":6},{"damage":10,"enemies":"The Heart","floor":56,"turns":8}],"seed_played":"-6876255465948499682","potions_obtained":[{"floor":1,"key":"SkillPotion"},{"floor":4,"key":"Dexterity Potion"},{"floor":10,"key":"Strength Potion"},{"floor":14,"key":"PowerPotion"},{"floor":16,"key":"SpeedPotion"},{"floor":22,"key":"Dexterity Potion"},{"floor":25,"key":"EssenceOfSteel"},{"floor":27,"key":"BloodPotion"},{"floor":30,"key":"PowerPotion"},{"floor":31,"key":"Weak Potion"},{"floor":35,"key":"Poison Potion"},{"floor":39,"key":"BloodPotion"},{"floor":40,"key":"PowerPotion"}],"is_trial":false,"path_per_floor":["M","?","?","M","M","R","E","R","T","E","?","M","E","M","R","B",null,"M","?","$","?","M","R","E","M","T","E","$","M","E","M","R","B",null,"M","M","M","M","M","E","R","M","T","R","?","?","$","E","R","B","B",null,"R","$","E","B",null],"character_chosen":"IRONCLAD","items_purchased":["Shrug It Off+1","Dark Embrace","Medical Kit","Centennial Puzzle"],"campfire_rested":1,"item_purchase_floors":[20,28,28,54],"current_hp_per_floor":[65,54,54,59,53,53,44,64,64,44,50,51,45,50,50,56,65,68,68,68,68,63,63,62,61,61,19,19,54,56,65,65,47,63,68,59,68,68,67,66,66,68,68,68,68,56,56,64,64,57,65,67,67,67,68,67],"gold":62,"neow_bonus":"ONE_RARE_RELIC","is_prod":false,"is_daily":false,"chose_seed":false,"campfire_upgraded":7,"win_rate":0,"timestamp":1563729914,"path_taken":["M","?","?","M","M","R","E","R","T","E","?","M","E","M","R","BOSS","M","?","$","?","M","R","E","?","T","E","$","M","E","M","R","BOSS","M","M","M","M","M","E","R","M","T","R","?","?","$","E","R","BOSS","BOSS","R","$","E","BOSS"],"build_version":"2019-07-17","purchased_purges":4,"victory":true,"max_hp_per_floor":[68,68,68,68,68,68,68,68,68,68,68,68,68,68,68,68,68,68,68,68,68,68,68,68,68,68,68,68,68,68,68,68,68,68,68,68,68,68,68,68,68,68,68,68,68,68,68,68,68,68,68,68,68,68,68,68],"card_choices":[{"not_picked":["Corruption","Heavy Blade"],"picked":"Evolve","floor":1},{"not_picked":["Havoc","Battle Trance"],"picked":"Sword Boomerang","floor":4},{"not_picked":["Reckless Charge","Rupture"],"picked":"Rampage","floor":5},{"not_picked":["Clothesline","Sever Soul","Whirlwind"],"picked":"SKIP","floor":7},{"not_picked":["Heavy Blade","Infernal Blade"],"picked":"Power Through","floor":10},{"not_picked":["Anger","Limit Break+1"],"picked":"Entrench+1","floor":11},{"not_picked":["Sword Boomerang","Clash"],"picked":"Shrug It Off+1","floor":12},{"not_picked":["Entrench+1","Sentinel+1","Thunderclap"],"picked":"SKIP","floor":13},{"not_picked":["Intimidate+1","Cleave"],"picked":"Flame Barrier+1","floor":14},{"not_picked":["Feed","Juggernaut"],"picked":"Immolate","floor":16},{"not_picked":["Rage+1","Feel No Pain"],"picked":"True Grit+1","floor":18},{"not_picked":["Whirlwind","Sword Boomerang","Armaments+1"],"picked":"SKIP","floor":22},{"not_picked":["Dropkick","Dual Wield+1"],"picked":"Seeing Red+1","floor":24},{"not_picked":["Perfected Strike","Spot Weakness+1","Reckless Charge+1"],"picked":"SKIP","floor":25},{"not_picked":["Twin Strike","Clothesline"],"picked":"True Grit+1","floor":27},{"not_picked":["Anger+1","Shockwave+1"],"picked":"Body Slam+1","floor":29},{"not_picked":["Searing Blow+1","Infernal Blade+1","Havoc+1"],"picked":"SKIP","floor":30},{"not_picked":["Blood for Blood+1","Armaments+1","Shrug It Off+1"],"picked":"SKIP","floor":31},{"not_picked":["Ghostly Armor+1","Spot Weakness+1","Cleave+1"],"picked":"SKIP","floor":35},{"not_picked":["Searing Blow+1","Inflame","Evolve+1"],"picked":"SKIP","floor":36},{"not_picked":["Havoc+1","Wild Strike+1"],"picked":"Burning Pact+1","floor":37},{"not_picked":["Flame Barrier+1","Clash+1","Armaments+1"],"picked":"SKIP","floor":38},{"not_picked":["Heavy Blade+1","True Grit+1"],"picked":"Shrug It Off+1","floor":39},{"not_picked":["Dropkick+1","Havoc+1"],"picked":"Body Slam+1","floor":40},{"not_picked":["Hemokinesis+1","Havoc+1","True Grit+1"],"picked":"SKIP","floor":42},{"not_picked":["Hemokinesis+1","Havoc+1","True Grit+1"],"picked":"SKIP","floor":42},{"not_picked":["Armaments+1","Immolate+1","Ghostly Armor+1"],"picked":"SKIP","floor":48},{"not_picked":["Headbutt+1","Dual Wield+1","Flame Barrier+1"],"picked":"SKIP","floor":55},{"not_picked":["Headbutt+1","Flame Barrier+1"],"picked":"Dual Wield+1","floor":55}],"player_experience":5772606,"relics_obtained":[{"floor":7,"key":"Vajra"},{"floor":9,"key":"Tiny Chest"},{"floor":10,"key":"War Paint"},{"floor":13,"key":"Torii"},{"floor":24,"key":"Magic Flower"},{"floor":26,"key":"The Courier"},{"floor":27,"key":"Molten Egg 2"},{"floor":30,"key":"Boot"},{"floor":40,"key":"Ancient Tea Set"},{"floor":48,"key":"Gremlin Horn"},{"floor":55,"key":"Letter Opener"}],"event_choices":[{"damage_healed":0,"gold_gain":75,"player_choice":"Gather Gold","damage_taken":11,"max_hp_gain":0,"max_hp_loss":0,"event_name":"World of Goop","floor":2,"gold_loss":0},{"cards_removed":["Strike_R"],"damage_healed":0,"gold_gain":0,"player_choice":"Card Removal","damage_taken":0,"max_hp_gain":0,"max_hp_loss":0,"event_name":"The Cleric","floor":3,"gold_loss":75},{"damage_healed":0,"gold_gain":0,"player_choice":"Searched \u00272\u0027 times","damage_taken":0,"relics_obtained":["Toxic Egg 2"],"max_hp_gain":0,"max_hp_loss":0,"event_name":"Dead Adventurer","floor":11,"gold_loss":0},{"damage_healed":0,"gold_gain":0,"player_choice":"Ignored","damage_taken":0,"max_hp_gain":0,"max_hp_loss":0,"event_name":"Vampires","floor":19,"gold_loss":0},{"damage_healed":0,"gold_gain":0,"player_choice":"0 cards matched","damage_taken":0,"max_hp_gain":0,"max_hp_loss":0,"event_name":"Match and Keep!","floor":21,"gold_loss":0,"cards_obtained":[]},{"damage_healed":0,"gold_gain":0,"player_choice":"Ignored","damage_taken":0,"max_hp_gain":0,"max_hp_loss":0,"event_name":"Tomb of Lord Red Mask","floor":45,"gold_loss":0},{"damage_healed":0,"gold_gain":0,"player_choice":"Embrace Madness","damage_taken":12,"max_hp_gain":0,"max_hp_loss":0,"event_name":"Winding Halls","floor":46,"gold_loss":0,"cards_obtained":["Madness","Madness"]}],"is_beta":false,"boss_relics":[{"not_picked":["Sozu","Pandora\u0027s Box"],"picked":"Mark of Pain"},{"not_picked":["Runic Dome","Philosopher\u0027s Stone"],"picked":"Cursed Key"}],"items_purged_floors":[20,28,47,54],"is_endless":false,"potions_floor_spawned":[1,4,10,14,16,22,25,27,30,31,35,39,40,42],"ascension_level":20}