{"gold_per_floor":[114,133,149,160,210,210,241,252,252,269,269,5,32,46,46,120,120,132,132,49,65,65,92,92,292,364,364],"floor_reached":27,"playtime":772,"items_purged":[],"score":586,"play_id":"e897bbf1-e331-46e0-a134-586be9c72127","local_time":"20190718000006","is_ascension_mode":true,"campfire_choices":[{"data":"Glass Knife","floor":6,"key":"SMITH"},{"data":"Noxious Fumes","floor":11,"key":"SMITH"},{"data":"Catalyst","floor":15,"key":"SMITH"},{"floor":24,"key":"REST"}],"neow_cost":"TEN_PERCENT_HP_LOSS","seed_source_timestamp":626850641077100,"circlet_count":0,"master_deck":["AscendersBane","Strike_G","Strike_G","Strike_G","Strike_G","Defend_G","Defend_G","Defend_G","Defend_G","Survivor","Neutralize","Glass Knife+1","Backstab","Cloak And Dagger","Well Laid Plans","Bouncing Flask","Noxious Fumes+1","Bane","Leg Sweep","Catalyst+1","Deadly Poison","Deflect+1","Footwork"],"relics":["Ring of the Snake","Omamori","Bottled Lightning","Pantograph","Bottled Flame","Empty Cage","Molten Egg 2","Bottled Tornado"],"potions_floor_usage":[7,8,18,23],"damage_taken":[{"damage":0,"enemies":"2 Louse","floor":1,"turns":3},{"damage":0,"enemies":"Cultist","floor":2,"turns":2},{"damage":0,"enemies":"Jaw Worm","floor":3,"turns":3},{"damage":0,"enemies":"2 Fungi Beasts","floor":4,"turns":3},{"damage":35,"enemies":"Gremlin Nob","floor":7,"turns":4},{"damage":3,"enemies":"3 Louse","floor":8,"turns":5},{"damage":3,"enemies":"Lots of Slimes","floor":10,"turns":5},{"damage":9,"enemies":"3 Sentries","floor":13,"turns":8},{"damage":3,"enemies":"Large Slime","floor":14,"turns":5},{"damage":0,"enemies":"The Guardian","floor":16,"turns":7},{"damage":10,"enemies":"2 Thieves","floor":18,"turns":5},{"damage":11,"enemies":"Shell Parasite","floor":21,"turns":5},{"damage":51,"enemies":"Gremlin Leader","floor":23,"turns":8},{"damage":29,"enemies":"3 Cultists","floor":27,"turns":4}],"seed_played":"7985840223465997928","potions_obtained":[{"floor":2,"key":"PowerPotion"},{"floor":7,"key":"Regen Potion"},{"floor":10,"key":"SpeedPotion"},{"floor":14,"key":"FearPotion"},{"floor":16,"key":"Weak Potion"}],"is_trial":false,"path_per_floor":["M","M","M","M","?","R","E","M","T","M","R","$","E","M","R","B",null,"M","?","$","M","?","E","R","?","T","M"],"character_chosen":"THE_SILENT","items_purchased":["Pantograph","Footwork"],"campfire_rested":1,"item_purchase_floors":[12,20],"current_hp_per_floor":[59,59,59,59,53,53,18,30,30,27,27,27,18,15,15,40,55,45,70,70,59,59,8,29,29,29,0],"gold":364,"neow_bonus":"THREE_RARE_CARDS","is_prod":false,"is_daily":false,"chose_seed":false,"campfire_upgraded":3,"win_rate":0,"timestamp":1563375606,"path_taken":["M","M","M","M","?","R","E","M","T","M","R","?","E","M","R","BOSS","M","?","$","?","?","E","R","?","T","?"],"build_version":"2019-07-05","purchased_purges":0,"victory":false,"max_hp_per_floor":[60,60,60,60,60,60,60,60,60,60,60,60,60,60,60,60,60,60,70,70,70,70,70,70,70,70,70],"card_choices":[{"not_picked":["Tools of the Trade","Storm of Steel"],"picked":"Glass Knife","floor":0},{"not_picked":["PiercingWail","Expertise"],"picked":"Backstab","floor":1},{"not_picked":["Underhanded Strike","Sucker Punch"],"picked":"Cloak And Dagger","floor":2},{"not_picked":["Setup","Accuracy"],"picked":"Well Laid Plans","floor":3},{"not_picked":["Concentrate","PiercingWail"],"picked":"Bouncing Flask","floor":4},{"not_picked":["Venomology","Deflect"],"picked":"Noxious Fumes","floor":7},{"not_picked":["Underhanded Strike","Escape Plan"],"picked":"Bane","floor":8},{"not_picked":["Underhanded Strike","Backflip"],"picked":"Leg Sweep","floor":10},{"not_picked":["Slice","Reflex"],"picked":"Catalyst","floor":13},{"not_picked":["Quick Slash","Bullet Time"],"picked":"Deadly Poison","floor":14},{"not_picked":["Tools of the Trade","Unload"],"picked":"After Image","floor":16},{"not_picked":["Dodge and Roll","Masterful Stab"],"picked":"Deflect+1","floor":18},{"not_picked":["Riddle With Holes","Bane","Eviscerate"],"picked":"SKIP","floor":21},{"not_picked":["Infinite Blades+1","Slice","Blade Dance"],"picked":"SKIP","floor":23}],"player_experience":5720927,"relics_obtained":[{"floor":7,"key":"Omamori"},{"floor":9,"key":"Bottled Lightning"},{"floor":13,"key":"Bottled Flame"},{"floor":23,"key":"Molten Egg 2"},{"floor":26,"key":"Bottled Tornado"}],"event_choices":[{"damage_healed":0,"gold_gain":50,"player_choice":"Touch","damage_taken":6,"max_hp_gain":0,"max_hp_loss":0,"event_name":"FaceTrader","floor":5,"gold_loss":0},{"cards_removed":["After Image"],"damage_healed":15,"gold_gain":0,"player_choice":"Offered Rare","damage_taken":0,"max_hp_gain":10,"max_hp_loss":0,"event_name":"Bonfire Elementals","floor":19,"gold_loss":0},{"damage_healed":0,"gold_gain":0,"player_choice":"Smashed Altar","damage_taken":0,"max_hp_gain":0,"max_hp_loss":0,"event_name":"Forgotten Altar","floor":22,"gold_loss":0,"cards_obtained":["Decay"]},{"damage_healed":0,"gold_gain":200,"player_choice":"Gold","damage_taken":0,"max_hp_gain":0,"max_hp_loss":0,"event_name":"Wheel of Change","floor":25,"gold_loss":0}],"is_beta":false,"boss_relics":[{"not_picked":["Tiny House","Ectoplasm"],"picked":"Empty Cage"}],"items_purged_floors":[],"is_endless":false,"potions_floor_spawned":[2,7,10,14,16],"killed_by":"3 Cultists","ascension_level":20}