{"gold_per_floor":[459,520,520,559,559,669,669,724,724,834,904,864,914,1000,1000,1099,1099,1113,1175,1245,1289,1204,1204,1262,1322,1322,1363,1363,1419,1458,646,646,746,746,766,808,808,886,904,937,937,973,973,1011,1011,1037,1103,348,348,348,348,348,348,17,101,126],"floor_reached":57,"playtime":2710,"items_purged":["Double Tap+1","Twin Strike","Hemokinesis"],"score":3318,"play_id":"7e58b620-bd03-432d-b388-7804e731a069","local_time":"20190711012827","is_ascension_mode":true,"campfire_choices":[{"floor":7,"key":"REST"},{"floor":15,"key":"RECALL"},{"floor":23,"key":"REST"},{"floor":32,"key":"REST"},{"floor":41,"key":"REST"},{"floor":45,"key":"REST"},{"floor":49,"key":"REST"},{"floor":53,"key":"REST"}],"neow_cost":"","seed_source_timestamp":24762744561900,"circlet_count":0,"master_deck":["HandOfGreed+1","Bash","Evolve","Wild Strike","Double Tap+1","Second Wind+1","Battle Trance+1","Flex+1","Sentinel+1","Armaments+1","Offering+1","Uppercut","Double Tap+1","Power Through+1","Corruption","Feel No Pain","Warcry+1","Body Slam","Apotheosis+1","Deep Breath+1","Blood for Blood","Carnage","Flex+1","Inflame","Burning Pact+1","Disarm+1","Burning Pact+1","Reaper","Master of Strategy+1","Shrug It Off+1"],"relics":["Burning Blood","Fusion Hammer","Old Coin","Membership Card","Smiling Mask","Toxic Egg 2","Vajra","Pear","Happy Flower","PreservedInsect","Pandora\u0027s Box","Singing Bowl","Bag of Marbles","Pocketwatch","Bronze Scales","Potion Belt","War Paint","Cauldron","Black Star","Calipers","Bag of Preparation","Bottled Tornado","The Courier","MawBank","FossilizedHelix","Unceasing Top","Oddly Smooth Stone","Dead Branch","Champion Belt","Gambling Chip","Red Skull","Du-Vu Doll","Magic Flower","ClockworkSouvenir","Strawberry","Sundial","Paper Frog"],"potions_floor_usage":[6,11,16,20,33,40,55,56,56],"damage_taken":[{"damage":5,"enemies":"2 Louse","floor":1,"turns":3},{"damage":13,"enemies":"Small Slimes","floor":2,"turns":4},{"damage":0,"enemies":"Cultist","floor":4,"turns":3},{"damage":9,"enemies":"3 Sentries","floor":6,"turns":7},{"damage":0,"enemies":"Gremlin Nob","floor":8,"turns":2},{"damage":24,"enemies":"3 Sentries","floor":10,"turns":8},{"damage":0,"enemies":"Gremlin Gang","floor":11,"turns":4},{"damage":0,"enemies":"Gremlin Nob","floor":13,"turns":3},{"damage":4,"enemies":"3 Louse","floor":14,"turns":6},{"damage":38,"enemies":"Hexaghost","floor":16,"turns":7},{"damage":6,"enemies":"Shell Parasite","floor":18,"turns":1},{"damage":23,"enemies":"3 Byrds","floor":19,"turns":6},{"damage":19,"enemies":"Sentry and Sphere","floor":20,"turns":4},{"damage":12,"enemies":"Centurion and Healer","floor":21,"turns":2},{"damage":16,"enemies":"Book of Stabbing","floor":24,"turns":3},{"damage":17,"enemies":"3 Cultists","floor":25,"turns":4},{"damage":0,"enemies":"Snecko","floor":27,"turns":3},{"damage":6,"enemies":"Gremlin Leader","floor":29,"turns":3},{"damage":23,"enemies":"Snake Plant","floor":30,"turns":4},{"damage":22,"enemies":"Collector","floor":33,"turns":7},{"damage":24,"enemies":"Orb Walker","floor":35,"turns":3},{"damage":6,"enemies":"3 Darklings","floor":36,"turns":3},{"damage":33,"enemies":"2 Orb Walkers","floor":38,"turns":3},{"damage":6,"enemies":"Transient","floor":39,"turns":6},{"damage":26,"enemies":"Nemesis","floor":40,"turns":3},{"damage":6,"enemies":"Writhing Mass","floor":42,"turns":3},{"damage":33,"enemies":"3 Darklings","floor":44,"turns":3},{"damage":29,"enemies":"Reptomancer","floor":47,"turns":4},{"damage":0,"enemies":"Awakened One","floor":50,"turns":6},{"damage":0,"enemies":"Donu and Deca","floor":51,"turns":3},{"damage":3,"enemies":"Shield and Spear","floor":55,"turns":2},{"damage":17,"enemies":"The Heart","floor":56,"turns":5}],"seed_played":"8752487281113244678","potions_obtained":[{"floor":1,"key":"GamblersBrew"},{"floor":6,"key":"Fire Potion"},{"floor":10,"key":"Weak Potion"},{"floor":12,"key":"BloodPotion"},{"floor":16,"key":"Ancient Potion"},{"floor":24,"key":"SteroidPotion"},{"floor":27,"key":"Fire Potion"},{"floor":31,"key":"FairyPotion"},{"floor":31,"key":"Poison Potion"},{"floor":31,"key":"Poison Potion"},{"floor":31,"key":"Ancient Potion"},{"floor":33,"key":"Weak Potion"},{"floor":42,"key":"GamblersBrew"},{"floor":44,"key":"SteroidPotion"}],"is_trial":true,"path_per_floor":["M","M","?","M","?","E","R","E","T","E","M","?","E","M","R","B",null,"M","M","M","M","?","R","E","M","T","M","T","E","M","$","R","B",null,"M","M","?","?","M","E","R","M","T","M","R","T","E","$","R","B","B",null,"R","$","E","B",null],"character_chosen":"IRONCLAD","items_purchased":["Apotheosis+1","Deep Breath+1","Blood for Blood","Carnage","Double Tap+1","Flex+1","Inflame","Potion Belt","War Paint","PowerPotion","GamblersBrew","FairyPotion","Cauldron","Master of Strategy+1","Oddly Smooth Stone","Dead Branch","Champion Belt","Gambling Chip","Red Skull","Du-Vu Doll","Shrug It Off+1","Magic Flower","ClockworkSouvenir","Strawberry"],"campfire_rested":7,"item_purchase_floors":[31,31,31,31,31,31,31,31,31,31,31,31,31,48,48,48,48,48,48,48,48,54,54,54],"current_hp_per_floor":[69,62,39,45,45,42,64,70,80,62,68,68,74,76,76,44,75,75,58,66,60,60,85,75,66,66,74,74,74,59,59,86,70,86,70,70,70,45,47,29,57,57,57,30,58,58,35,35,63,80,94,94,94,101,103,95],"gold":126,"neow_bonus":"","is_prod":false,"is_daily":false,"chose_seed":false,"campfire_upgraded":0,"win_rate":0,"timestamp":1562776107,"path_taken":["M","M","?","M","?","E","R","E","T","E","M","?","E","M","R","BOSS","M","?","?","M","?","R","E","M","T","M","?","E","M","$","R","BOSS","M","M","?","?","M","E","R","M","T","M","R","?","E","$","R","BOSS","BOSS","R","$","E","BOSS"],"build_version":"2019-07-05","purchased_purges":3,"victory":true,"max_hp_per_floor":[75,75,75,75,75,75,75,75,85,85,85,85,85,85,85,85,85,85,85,85,85,85,85,85,87,87,89,89,89,91,91,91,91,91,93,93,88,90,92,94,94,94,94,94,94,94,94,94,94,94,94,94,94,101,103,103],"card_choices":[{"not_picked":["Blood for Blood","Heavy Blade","Havoc"],"picked":"SKIP","floor":1},{"not_picked":["Warcry","Wild Strike"],"picked":"Evolve","floor":2},{"not_picked":["Clash","Shrug It Off"],"picked":"Wild Strike","floor":4},{"not_picked":["Rage","Havoc"],"picked":"Double Tap","floor":6},{"not_picked":["Warcry+1","Clothesline"],"picked":"Second Wind+1","floor":8},{"not_picked":["Dropkick","Body Slam"],"picked":"Battle Trance+1","floor":10},{"not_picked":["Perfected Strike","Pommel Strike","Blood for Blood"],"picked":"SKIP","floor":11},{"not_picked":["Limit Break+1","Berserk"],"picked":"Flex+1","floor":13},{"not_picked":["Clothesline","Sword Boomerang","Perfected Strike"],"picked":"SKIP","floor":14},{"not_picked":["Ghostly Armor+1","Blood for Blood"],"picked":"Feel No Pain","floor":18},{"not_picked":["Iron Wave","Rupture","Wild Strike+1"],"picked":"SKIP","floor":19},{"not_picked":["Combust","Body Slam","True Grit+1"],"picked":"SKIP","floor":20},{"not_picked":["Pummel","Fire Breathing","Anger+1"],"picked":"SKIP","floor":21},{"not_picked":["Bloodletting+1","Second Wind+1"],"picked":"Warcry+1","floor":24},{"not_picked":["Combust","Headbutt","True Grit+1"],"picked":"Singing Bowl","floor":25},{"not_picked":["Iron Wave","Havoc+1","Metallicize+1"],"picked":"Singing Bowl","floor":27},{"not_picked":["Cleave","Shrug It Off+1"],"picked":"Body Slam","floor":29},{"not_picked":["Flex+1","Sword Boomerang","Twin Strike"],"picked":"Singing Bowl","floor":30},{"not_picked":["Clash","Sword Boomerang","Hemokinesis"],"picked":"Singing Bowl","floor":35},{"not_picked":["Wild Strike","Anger"],"picked":"Burning Pact+1","floor":36},{"not_picked":["Dropkick+1","Anger","Whirlwind"],"picked":"Singing Bowl","floor":38},{"not_picked":["Hemokinesis","Pommel Strike","Evolve"],"picked":"Singing Bowl","floor":39},{"not_picked":["Rupture+1","Spot Weakness+1","Perfected Strike"],"picked":"Singing Bowl","floor":40},{"not_picked":["Headbutt","Rampage"],"picked":"Disarm+1","floor":42},{"not_picked":["Perfected Strike+1","Iron Wave+1"],"picked":"Burning Pact+1","floor":44},{"not_picked":["Pommel Strike","Warcry+1"],"picked":"Reaper","floor":47},{"not_picked":["Demon Form","Armaments+1","Pommel Strike+1"],"picked":"Singing Bowl","floor":55}],"player_experience":5640725,"relics_obtained":[{"floor":6,"key":"Toxic Egg 2"},{"floor":8,"key":"Vajra"},{"floor":9,"key":"Pear"},{"floor":10,"key":"Happy Flower"},{"floor":13,"key":"PreservedInsect"},{"floor":24,"key":"Bag of Marbles"},{"floor":28,"key":"Pocketwatch"},{"floor":29,"key":"Bronze Scales"},{"floor":38,"key":"Calipers"},{"floor":40,"key":"Bag of Preparation"},{"floor":40,"key":"Bottled Tornado"},{"floor":43,"key":"The Courier"},{"floor":46,"key":"MawBank"},{"floor":47,"key":"FossilizedHelix"},{"floor":47,"key":"Unceasing Top"},{"floor":55,"key":"Sundial"},{"floor":55,"key":"Paper Frog"}],"event_choices":[{"damage_healed":0,"gold_gain":0,"player_choice":"Entered Light","damage_taken":23,"max_hp_gain":0,"max_hp_loss":0,"event_name":"Shining Light","floor":3,"gold_loss":0,"cards_upgraded":["Defend_R","Defend_R"]},{"damage_healed":0,"gold_gain":0,"player_choice":"Ignored","damage_taken":0,"max_hp_gain":0,"max_hp_loss":0,"event_name":"Liars Game","floor":5,"gold_loss":0},{"damage_healed":0,"gold_gain":0,"player_choice":"Bought 3 Potions","damage_taken":0,"max_hp_gain":0,"max_hp_loss":0,"event_name":"The Woman in Blue","floor":12,"gold_loss":0},{"damage_healed":0,"gold_gain":0,"player_choice":"Obtained Relic","damage_taken":0,"relics_obtained":["Singing Bowl"],"max_hp_gain":0,"max_hp_loss":0,"event_name":"Addict","floor":22,"gold_loss":85},{"damage_healed":0,"gold_gain":0,"player_choice":"Max HP","damage_taken":0,"max_hp_gain":0,"max_hp_loss":5,"event_name":"Winding Halls","floor":37,"gold_loss":0},{"damage_healed":0,"gold_gain":0,"player_choice":"Fight","damage_taken":0,"max_hp_gain":0,"max_hp_loss":0,"event_name":"Mysterious Sphere","floor":38,"gold_loss":0}],"is_beta":false,"boss_relics":[{"not_picked":["Runic Cube","Snecko Eye"],"picked":"Pandora\u0027s Box"},{"not_picked":["Velvet Choker","Coffee Dripper"],"picked":"Black Star"}],"items_purged_floors":[31,48,54],"is_endless":false,"potions_floor_spawned":[1,6,10,16,24,25,27,33,36,39,42,44],"ascension_level":20}