{"gold_per_floor":[109,126,145,145,156,156,181,196,226,226],"floor_reached":10,"playtime":291,"items_purged":[],"score":140,"play_id":"d4ec1997-8c85-485a-80ef-0f5b87ded598","local_time":"20190302010144","is_ascension_mode":true,"campfire_choices":[{"data":"Evolve","floor":6,"key":"SMITH"}],"neow_cost":"","seed_source_timestamp":0,"circlet_count":0,"master_deck":["AscendersBane","Bash","Rupture","Carnage","Reckless Charge","Rampage","Entrench","Second Wind","Havoc","Evolve+1","Infernal Blade","Body Slam","Decay"],"relics":["Burning Blood","Pandora\u0027s Box","Ice Cream","Tiny Chest"],"potions_floor_usage":[7,8],"damage_taken":[{"damage":12,"enemies":"Jaw Worm","floor":1,"turns":2},{"damage":6,"enemies":"Cultist","floor":2,"turns":3},{"damage":7,"enemies":"2 Louse","floor":3,"turns":3},{"damage":9,"enemies":"2 Fungi Beasts","floor":5,"turns":3},{"damage":41,"enemies":"Gremlin Nob","floor":7,"turns":4},{"damage":16,"enemies":"3 Louse","floor":8,"turns":2},{"damage":24,"enemies":"Lagavulin","floor":10,"turns":4}],"seed_played":"-3517193282322329152","potions_obtained":[{"floor":2,"key":"Poison Potion"},{"floor":7,"key":"Swift Potion"}],"is_trial":true,"path_per_floor":["M","M","M","?","M","R","E","M","T","E"],"character_chosen":"IRONCLAD","items_purchased":[],"campfire_rested":0,"item_purchase_floors":[],"current_hp_per_floor":[62,62,61,61,58,58,23,13,13,0],"gold":226,"neow_bonus":"","is_prod":false,"is_daily":false,"chose_seed":false,"campfire_upgraded":1,"win_rate":0,"timestamp":1551456104,"path_taken":["M","M","M","?","M","R","E","?","T","E"],"build_version":"2019-01-23","purchased_purges":0,"victory":false,"max_hp_per_floor":[75,75,75,75,75,75,75,75,75,75],"card_choices":[{"not_picked":["Clash","Rupture"],"picked":"Body Slam","floor":1},{"not_picked":["Clash","Perfected Strike","Cleave"],"picked":"SKIP","floor":2},{"not_picked":["Exhume","Corruption","Twin Strike"],"picked":"SKIP","floor":3},{"not_picked":["Body Slam","Sentinel","Infernal Blade"],"picked":"SKIP","floor":5},{"not_picked":["Thunderclap","Dual Wield","Iron Wave"],"picked":"SKIP","floor":7},{"not_picked":["Sword Boomerang","Inflame","Metallicize"],"picked":"SKIP","floor":8}],"player_experience":4442489,"relics_obtained":[{"floor":7,"key":"Ice Cream"},{"floor":9,"key":"Tiny Chest"}],"event_choices":[{"damage_healed":0,"gold_gain":0,"player_choice":"Cursed","damage_taken":0,"max_hp_gain":0,"max_hp_loss":0,"event_name":"Wheel of Change","floor":4,"gold_loss":0,"cards_obtained":["Decay"]}],"is_beta":false,"boss_relics":[],"items_purged_floors":[],"is_endless":false,"potions_floor_spawned":[2,7],"killed_by":"Lagavulin","ascension_level":20}