{"gold_per_floor":[114,64,82,82,96,96,125,136,214,224,224,257,276,276,276,276],"floor_reached":16,"playtime":673,"items_purged":[],"score":118,"play_id":"9742a733-1a1b-41c7-ab02-0d0746cdf4dc","local_time":"20190720175856","is_ascension_mode":true,"campfire_choices":[{"floor":6,"key":"RECALL"},{"floor":11,"key":"REST"},{"floor":15,"key":"REST"}],"neow_cost":"NONE","seed_source_timestamp":863771077517700,"circlet_count":0,"master_deck":["Strike_B","Strike_B","Strike_B","Strike_B","Defend_B","Defend_B","Defend_B","Zap","Dualcast","Streamline","Steam","Regret","Blizzard","Rainbow","Tempest","Redo","Thunder Strike","Sunder"],"relics":["White Beast Statue","Peace Pipe","Bag of Marbles","Mercury Hourglass"],"potions_floor_usage":[7,7,8,8,12,12,13,15,16,16],"damage_taken":[{"damage":0,"enemies":"2 Louse","floor":1,"turns":4},{"damage":1,"enemies":"Jaw Worm","floor":3,"turns":3},{"damage":3,"enemies":"Cultist","floor":5,"turns":3},{"damage":42,"enemies":"Gremlin Nob","floor":7,"turns":4},{"damage":4,"enemies":"Blue Slaver","floor":8,"turns":3},{"damage":24,"enemies":"Gremlin Gang","floor":10,"turns":5},{"damage":14,"enemies":"Lagavulin","floor":12,"turns":6},{"damage":0,"enemies":"2 Fungi Beasts","floor":13,"turns":2},{"damage":38,"enemies":"The Guardian","floor":16,"turns":6}],"seed_played":"-7916386615224152580","potions_obtained":[{"floor":1,"key":"AttackPotion"},{"floor":3,"key":"Energy Potion"},{"floor":5,"key":"Swift Potion"},{"floor":7,"key":"Weak Potion"},{"floor":8,"key":"Weak Potion"},{"floor":10,"key":"Poison Potion"},{"floor":12,"key":"PowerPotion"},{"floor":13,"key":"Block Potion"},{"floor":14,"key":"SteroidPotion"},{"floor":14,"key":"Fruit Juice"}],"is_trial":false,"path_per_floor":["M","?","M","?","M","R","E","M","T","M","R","E","M","?","R","B"],"character_chosen":"DEFECT","items_purchased":[],"campfire_rested":2,"item_purchase_floors":[],"current_hp_per_floor":[75,75,74,74,71,71,29,25,25,1,23,9,9,9,36,0],"gold":276,"neow_bonus":"BOSS_RELIC","is_prod":false,"is_daily":false,"chose_seed":false,"campfire_upgraded":0,"win_rate":0,"timestamp":1563663536,"path_taken":["M","?","M","?","M","R","E","M","T","M","R","E","M","?","R","BOSS"],"build_version":"2019-07-17","purchased_purges":0,"victory":false,"max_hp_per_floor":[75,75,75,75,75,75,75,75,75,75,75,75,75,75,80,80],"card_choices":[{"not_picked":["Steam Power","Sweeping Beam"],"picked":"Streamline","floor":1},{"not_picked":["Blizzard","Undo"],"picked":"Steam","floor":3},{"not_picked":["Barrage","Coolheaded"],"picked":"Blizzard","floor":5},{"not_picked":["Darkness","Barrage"],"picked":"Rainbow","floor":7},{"not_picked":["Reprogram","Rip and Tear"],"picked":"Tempest","floor":8},{"not_picked":["Ball Lightning","Skim"],"picked":"Redo","floor":10},{"not_picked":["Conserve Battery","Biased Cognition"],"picked":"Thunder Strike","floor":12},{"not_picked":["Redo","Beam Cell"],"picked":"Sunder","floor":13}],"player_experience":122139,"relics_obtained":[{"floor":7,"key":"Bag of Marbles"},{"floor":12,"key":"Mercury Hourglass"}],"event_choices":[{"cards_removed":["Defend_B"],"damage_healed":0,"gold_gain":0,"player_choice":"Card Removal","damage_taken":0,"max_hp_gain":0,"max_hp_loss":0,"event_name":"The Cleric","floor":2,"gold_loss":50},{"damage_healed":0,"gold_gain":0,"player_choice":"Box","damage_taken":0,"relics_obtained":["Peace Pipe"],"max_hp_gain":0,"max_hp_loss":0,"event_name":"Big Fish","floor":4,"gold_loss":0,"cards_obtained":["Regret"]},{"damage_healed":0,"gold_gain":0,"player_choice":"Got Potions","damage_taken":0,"max_hp_gain":0,"max_hp_loss":0,"event_name":"Lab","floor":14,"gold_loss":0}],"is_beta":false,"boss_relics":[],"items_purged_floors":[],"is_endless":false,"potions_floor_spawned":[1,3,5,7,8,10,12,13],"killed_by":"The Guardian","ascension_level":1}