{"gold_per_floor":[115,115,129,146,166,166,197,197,197,217,217,217,237,40,40,114,114,127,143,157,157],"floor_reached":21,"playtime":509,"items_purged":[],"score":366,"play_id":"a5e129af-2708-46c7-8f91-2d503331c78a","local_time":"20190707014833","is_ascension_mode":true,"campfire_choices":[{"data":"Poisoned Stab","floor":6,"key":"SMITH"},{"data":"Envenom","floor":8,"key":"SMITH"},{"data":"Apotheosis","floor":15,"key":"SMITH"}],"neow_cost":"TEN_PERCENT_HP_LOSS","seed_source_timestamp":356118978227100,"circlet_count":0,"master_deck":["AscendersBane","Strike_G","Strike_G","Strike_G","Strike_G","Strike_G","Defend_G","Defend_G","Defend_G","Defend_G","Defend_G","Survivor","Neutralize","Riddle With Holes","Deadly Poison","Caltrops","Poisoned Stab+1","Envenom+1","Blade Dance","Cloak And Dagger","Apotheosis+1","After Image","PiercingWail","Well Laid Plans"],"relics":["Ring of the Snake","Incense Burner","CultistMask","Tingsha","Blue Candle","Runic Dome"],"potions_floor_usage":[7,20,21],"damage_taken":[{"damage":0,"enemies":"Small Slimes","floor":1,"turns":4},{"damage":1,"enemies":"Cultist","floor":3,"turns":4},{"damage":0,"enemies":"Jaw Worm","floor":4,"turns":4},{"damage":3,"enemies":"Blue Slaver","floor":5,"turns":5},{"damage":16,"enemies":"3 Sentries","floor":7,"turns":6},{"damage":25,"enemies":"Exordium Thugs","floor":10,"turns":5},{"damage":0,"enemies":"Exordium Wildlife","floor":13,"turns":2},{"damage":12,"enemies":"Hexaghost","floor":16,"turns":8},{"damage":13,"enemies":"Spheric Guardian","floor":18,"turns":5},{"damage":7,"enemies":"Shell Parasite","floor":19,"turns":5},{"damage":14,"enemies":"Sentry and Sphere","floor":20,"turns":6},{"damage":17,"enemies":"Snake Plant","floor":21,"turns":3}],"seed_played":"387876250614455900","potions_obtained":[{"floor":1,"key":"AttackPotion"},{"floor":13,"key":"GhostInAJar"},{"floor":16,"key":"Swift Potion"},{"floor":19,"key":"Block Potion"}],"is_trial":false,"path_per_floor":["M","?","M","M","M","R","E","R","T","M","?","?","M","$","R","B",null,"M","M","M","M"],"character_chosen":"THE_SILENT","items_purchased":["Apotheosis"],"campfire_rested":0,"item_purchase_floors":[14],"current_hp_per_floor":[59,59,58,58,55,55,39,39,39,14,14,14,14,14,14,2,46,33,26,12,0],"gold":157,"neow_bonus":"ONE_RARE_RELIC","is_prod":false,"is_daily":false,"chose_seed":false,"campfire_upgraded":3,"win_rate":0,"timestamp":1562431713,"path_taken":["M","?","M","M","M","R","E","R","T","?","?","?","M","$","R","BOSS","M","M","M","M"],"build_version":"2019-07-05","purchased_purges":0,"victory":false,"max_hp_per_floor":[60,60,60,60,60,60,60,60,60,60,60,60,60,60,60,60,60,60,60,60,60],"card_choices":[{"not_picked":["Expertise","Dagger Throw"],"picked":"Riddle With Holes","floor":1},{"not_picked":["Flying Knee","Choke"],"picked":"Deadly Poison","floor":3},{"not_picked":["Slice","Setup"],"picked":"Caltrops","floor":4},{"not_picked":["Skewer","Deflect"],"picked":"Poisoned Stab","floor":5},{"not_picked":["Dodge and Roll","Acrobatics"],"picked":"Envenom","floor":7},{"not_picked":["Concentrate","Caltrops"],"picked":"Blade Dance","floor":10},{"not_picked":["Quick Slash","Deflect"],"picked":"Cloak And Dagger","floor":13},{"not_picked":["Glass Knife","Tools of the Trade"],"picked":"After Image","floor":16},{"not_picked":["Dagger Spray","Flechettes"],"picked":"PiercingWail","floor":18},{"not_picked":["Quick Slash","Poisoned Stab","Caltrops"],"picked":"SKIP","floor":19},{"not_picked":["Sucker Punch","Flying Knee"],"picked":"Well Laid Plans","floor":20}],"player_experience":5602343,"relics_obtained":[{"floor":7,"key":"Tingsha"},{"floor":12,"key":"Blue Candle"}],"event_choices":[{"damage_healed":0,"gold_gain":0,"player_choice":"Trade","damage_taken":0,"relics_obtained":["CultistMask"],"max_hp_gain":0,"max_hp_loss":0,"event_name":"FaceTrader","floor":2,"gold_loss":0},{"damage_healed":0,"gold_gain":0,"player_choice":"Ignored","damage_taken":0,"max_hp_gain":0,"max_hp_loss":0,"event_name":"Liars Game","floor":11,"gold_loss":0},{"damage_healed":0,"gold_gain":0,"player_choice":"Relic","damage_taken":0,"max_hp_gain":0,"max_hp_loss":0,"event_name":"Wheel of Change","floor":12,"gold_loss":0}],"is_beta":false,"boss_relics":[{"not_picked":["Black Star","Eternal Feather"],"picked":"Runic Dome"}],"items_purged_floors":[],"is_endless":false,"potions_floor_spawned":[1,13,16,19],"killed_by":"Snake Plant","ascension_level":20}