{"gold_per_floor":[109,109,109,109,132,163,163,88,140,176,197,197,216,256,256,345,345,368,348,34,84,47,47,66,66,120,120,144,163,13,13,13,13],"floor_reached":33,"playtime":610,"items_purged":["Strike_B+1","Strike_B+1"],"score":572,"play_id":"db11177b-8d22-4cb1-b0de-522a286a7ee0","local_time":"20190704002228","is_ascension_mode":true,"campfire_choices":[{"data":"1","floor":7,"key":"LIFT"},{"data":"2","floor":12,"key":"LIFT"},{"floor":15,"key":"REST"},{"data":"3","floor":23,"key":"LIFT"},{"data":"Apotheosis","floor":27,"key":"SMITH"},{"floor":32,"key":"RECALL"}],"neow_cost":"NONE","seed_source_timestamp":91652810553700,"circlet_count":0,"master_deck":["AscendersBane","Defend_B","Defend_B","Defend_B","Defend_B","Zap","Dualcast+1","Ball Lightning+1","Self Repair","Barrage","Beam Cell","Cold Snap","Defragment","All For One","Steam","Apotheosis+1","Gash","Steam Power","Hologram","Go for the Eyes","Bandage Up"],"relics":["Cracked Core","NeowsBlessing","Golden Idol","Girya","Whetstone","StoneCalendar","Ornamental Fan","White Beast Statue","Smiling Mask"],"potions_floor_usage":[5,11,14,18,24,28,33],"damage_taken":[{"damage":0,"enemies":"Jaw Worm","floor":1,"turns":1},{"damage":0,"enemies":"2 Louse","floor":5,"turns":1},{"damage":0,"enemies":"Gremlin Nob","floor":6,"turns":1},{"damage":15,"enemies":"Lagavulin","floor":10,"turns":6},{"damage":11,"enemies":"Small Slimes","floor":11,"turns":4},{"damage":27,"enemies":"Exordium Thugs","floor":13,"turns":4},{"damage":17,"enemies":"3 Sentries","floor":14,"turns":5},{"damage":18,"enemies":"The Guardian","floor":16,"turns":10},{"damage":16,"enemies":"2 Thieves","floor":18,"turns":4},{"damage":6,"enemies":"3 Byrds","floor":24,"turns":2},{"damage":0,"enemies":"3 Cultists","floor":28,"turns":4},{"damage":19,"enemies":"Snecko","floor":29,"turns":5},{"damage":47,"enemies":"Collector","floor":33,"turns":5}],"seed_played":"-4912348158054630856","potions_obtained":[{"floor":5,"key":"Fruit Juice"},{"floor":10,"key":"Regen Potion"},{"floor":13,"key":"PowerPotion"},{"floor":16,"key":"AttackPotion"},{"floor":18,"key":"AttackPotion"},{"floor":19,"key":"LiquidBronze"},{"floor":24,"key":"Dexterity Potion"},{"floor":28,"key":"FearPotion"}],"is_trial":false,"path_per_floor":["M","?","?","?","M","E","R","?","T","E","M","R","M","E","R","B",null,"M","?","$","?","$","R","M","?","T","R","M","M","$","?","R","B"],"character_chosen":"DEFECT","items_purchased":["Apotheosis","Gash","Steam Power","Bandage Up"],"campfire_rested":1,"item_purchase_floors":[20,20,22,30],"current_hp_per_floor":[64,43,36,36,41,41,41,41,41,33,41,41,21,11,31,20,57,48,48,48,48,48,48,42,42,42,42,52,43,43,43,43,0],"gold":13,"neow_bonus":"THREE_ENEMY_KILL","is_prod":false,"is_daily":false,"chose_seed":false,"campfire_upgraded":1,"win_rate":0,"timestamp":1562167348,"path_taken":["M","?","?","?","?","E","R","?","T","E","M","R","M","E","R","BOSS","M","?","?","?","?","R","M","?","T","R","M","M","$","?","R","BOSS"],"build_version":"2019-07-01","purchased_purges":2,"victory":false,"max_hp_per_floor":[71,71,71,64,69,69,69,69,69,69,69,69,69,69,69,69,69,69,69,69,69,69,69,69,69,69,69,69,69,69,69,69,69],"card_choices":[{"not_picked":["Coolheaded","Force Field"],"picked":"Ball Lightning","floor":1},{"not_picked":["Recycle","Sweeping Beam"],"picked":"Self Repair","floor":5},{"not_picked":["Multi-Cast","Conserve Battery"],"picked":"Barrage","floor":6},{"not_picked":["Rebound","Turbo","Amplify"],"picked":"SKIP","floor":10},{"not_picked":["Streamline","Steam"],"picked":"Beam Cell","floor":11},{"not_picked":["Force Field","Static Discharge"],"picked":"Cold Snap","floor":13},{"not_picked":["Go for the Eyes","Stack"],"picked":"Defragment","floor":14},{"not_picked":["Core Surge","Hyperbeam"],"picked":"All For One","floor":16},{"not_picked":["Hello World","Conserve Battery"],"picked":"Steam","floor":18},{"not_picked":["Fusion+1","Force Field"],"picked":"Hologram","floor":24},{"not_picked":["Barrage+1","Beam Cell","Compile Driver"],"picked":"SKIP","floor":28},{"not_picked":["Go for the Eyes","Sunder+1","Melter"],"picked":"SKIP","floor":29}],"player_experience":5572942,"relics_obtained":[{"floor":6,"key":"Girya"},{"floor":9,"key":"Whetstone"},{"floor":10,"key":"StoneCalendar"},{"floor":14,"key":"Ornamental Fan"},{"floor":26,"key":"Smiling Mask"}],"event_choices":[{"damage_healed":0,"gold_gain":0,"player_choice":"Entered Light","damage_taken":21,"max_hp_gain":0,"max_hp_loss":0,"event_name":"Shining Light","floor":2,"gold_loss":0,"cards_upgraded":["Dualcast","Strike_B"]},{"cards_removed":["Strike_B"],"damage_healed":0,"gold_gain":0,"player_choice":"Card Removal","damage_taken":7,"max_hp_gain":0,"max_hp_loss":0,"event_name":"Golden Wing","floor":3,"gold_loss":0},{"damage_healed":0,"gold_gain":0,"player_choice":"Lose Max HP","damage_taken":0,"relics_obtained":["Golden Idol"],"max_hp_gain":0,"max_hp_loss":7,"event_name":"Golden Idol","floor":4,"gold_loss":0},{"cards_removed":["Strike_B"],"damage_healed":0,"gold_gain":0,"player_choice":"Card Removal","damage_taken":0,"max_hp_gain":0,"max_hp_loss":0,"event_name":"The Cleric","floor":8,"gold_loss":75},{"damage_healed":0,"gold_gain":0,"player_choice":"Bought 1 Potion","damage_taken":0,"max_hp_gain":0,"max_hp_loss":0,"event_name":"The Woman in Blue","floor":19,"gold_loss":0},{"damage_healed":0,"gold_gain":50,"player_choice":"Stole From Cult","damage_taken":0,"max_hp_gain":0,"max_hp_loss":0,"event_name":"Nest","floor":21,"gold_loss":0},{"damage_healed":0,"gold_gain":0,"player_choice":"Read","damage_taken":0,"max_hp_gain":0,"max_hp_loss":0,"event_name":"The Library","floor":25,"gold_loss":0,"cards_obtained":["Go for the Eyes"]},{"damage_healed":0,"gold_gain":0,"player_choice":"Ignored","damage_taken":0,"max_hp_gain":0,"max_hp_loss":0,"event_name":"Vampires","floor":31,"gold_loss":0}],"is_beta":false,"boss_relics":[{"not_picked":["Fusion Hammer","Calling Bell"],"picked":"White Beast Statue"}],"items_purged_floors":[20,30],"is_endless":false,"potions_floor_spawned":[5,10,13,16,18,24,28,29],"killed_by":"Collector","ascension_level":20}