{"gold_per_floor":[112,124,143,160,235,235,260,260,285,319,319,24,24,24,24,100,100,120,21,37,37,37,37,37,52,352,383,383,401,401,434,434,511,511,525,161,161,180,197,197,228,228,228,228,246,278,171,181,181,181,181,181,181,20,49,49],"floor_reached":56,"playtime":2116,"items_purged":["Defend_G","Defend_G","Defend_G"],"score":2202,"play_id":"ec9a6a15-0bf7-4bf3-b40c-005b3a34ec63","local_time":"20190709013400","is_ascension_mode":true,"campfire_choices":[{"data":"Skewer","floor":6.0,"key":"SMITH"},{"data":"Caltrops","floor":8.0,"key":"SMITH"},{"data":"Neutralize","floor":15.0,"key":"SMITH"},{"data":"Envenom","floor":23.0,"key":"SMITH"},{"data":"Noxious Fumes","floor":28.0,"key":"SMITH"},{"data":"Footwork","floor":30.0,"key":"SMITH"},{"floor":32.0,"key":"REST"},{"data":"Wraith Form v2","floor":40.0,"key":"SMITH"},{"data":"Catalyst","floor":42.0,"key":"SMITH"},{"data":"Cloak And Dagger","floor":44.0,"key":"SMITH"},{"floor":49.0,"key":"RECALL"},{"floor":53.0,"key":"REST"}],"neow_cost":"PERCENT_DAMAGE","seed_source_timestamp":526304659870900,"circlet_count":0,"master_deck":["AscendersBane","Strike_G","Defend_G","Survivor","Neutralize+1","Caltrops+1","Dagger Spray","Terror","Skewer+1","Slice","Glass Knife+1","Envenom+1","Bane+1","Outmaneuver+1","Die Die Die+1","Noxious Fumes+1","Deflect","Footwork+1","PiercingWail+1","Cloak And Dagger+1","Wraith Form v2+1","Leg Sweep+1","Well Laid Plans+1","Burst","Catalyst+1","Concentrate+1","Escape Plan+1","Heel Hook"],"special_seed":0,"relics":["Ring of the Snake","FossilizedHelix","Anchor","Bag of Marbles","Snake Skull","Membership Card","Happy Flower","Astrolabe","Oddly Smooth Stone","WingedGreaves","Old Coin","Unceasing Top","Dream Catcher","White Beast Statue","OrangePellets","Question Card","Pen Nib","Torii","Potion Belt","Turnip"],"potions_floor_usage":[56,56],"damage_taken":[{"damage":0.0,"enemies":"Small Slimes","floor":1.0,"turns":3.0},{"damage":0.0,"enemies":"Jaw Worm","floor":2.0,"turns":4.0},{"damage":6.0,"enemies":"2 Louse","floor":3.0,"turns":3.0},{"damage":0.0,"enemies":"Blue Slaver","floor":4.0,"turns":4.0},{"damage":0.0,"enemies":"Gremlin Nob","floor":7.0,"turns":3.0},{"damage":0.0,"enemies":"3 Sentries","floor":10.0,"turns":7.0},{"damage":16.0,"enemies":"Hexaghost","floor":16.0,"turns":7.0},{"damage":0.0,"enemies":"Chosen","floor":18.0,"turns":2.0},{"damage":5.0,"enemies":"Shell Parasite","floor":20.0,"turns":3.0},{"damage":0.0,"enemies":"Snecko","floor":25.0,"turns":3.0},{"damage":0.0,"enemies":"Gremlin Leader","floor":27.0,"turns":4.0},{"damage":8.0,"enemies":"Chosen and Byrds","floor":29.0,"turns":4.0},{"damage":8.0,"enemies":"Slavers","floor":31.0,"turns":4.0},{"damage":0.0,"enemies":"Champ","floor":33.0,"turns":11.0},{"damage":0.0,"enemies":"Orb Walker","floor":35.0,"turns":3.0},{"damage":0.0,"enemies":"3 Darklings","floor":38.0,"turns":4.0},{"damage":0.0,"enemies":"Sphere and 2 Shapes","floor":39.0,"turns":3.0},{"damage":6.0,"enemies":"Nemesis","floor":41.0,"turns":7.0},{"damage":1.0,"enemies":"Jaw Worm Horde","floor":45.0,"turns":6.0},{"damage":0.0,"enemies":"Reptomancer","floor":46.0,"turns":6.0},{"damage":2.0,"enemies":"Writhing Mass","floor":48.0,"turns":7.0},{"damage":24.0,"enemies":"Donu and Deca","floor":50.0,"turns":10.0},{"damage":36.0,"enemies":"Time Eater","floor":51.0,"turns":12.0},{"damage":38.0,"enemies":"Shield and Spear","floor":55.0,"turns":7.0},{"damage":48,"enemies":"The Heart","floor":56,"turns":6}],"seed_played":"-1703120402414781716","potions_obtained":[{"floor":2.0,"key":"Dexterity Potion"},{"floor":3.0,"key":"SteroidPotion"},{"floor":4.0,"key":"GhostInAJar"},{"floor":7.0,"key":"AttackPotion"},{"floor":27.0,"key":"GhostInAJar"},{"floor":35.0,"key":"Regen Potion"},{"floor":38.0,"key":"GhostInAJar"},{"floor":41.0,"key":"Swift Potion"},{"floor":45.0,"key":"GamblersBrew"},{"floor":46.0,"key":"Poison Potion"},{"floor":55.0,"key":"SpeedPotion"}],"is_trial":false,"path_per_floor":["M","M","M","M","?","R","E","R","T","E","?","$","?","$","R","B",null,"M","$","M","?","?","R","T","M","T","E","R","M","R","E","R","B",null,"M","$","?","M","M","R","E","R","T","R","M","E","$","M","R","B","B",null,"R","$","E","B"],"character_chosen":"THE_SILENT","items_purchased":["Membership Card","Happy Flower","Oddly Smooth Stone","Noxious Fumes","OrangePellets","Question Card","Pen Nib","Dexterity Potion","SpeedPotion","Regen Potion","Energy Potion","Weak Potion"],"campfire_rested":2,"item_purchase_floors":[12,12,19,19,36,36,36,47,47,54,54,54],"current_hp_per_floor":[44,44,38,38,27,27,27,27,27,27,27,27,20,20,20,4,51,51,51,46,28,42,42,42,42,42,42,42,34,34,26,47,47,65,65,65,65,65,65,65,71,71,71,71,70,70,70,68,68,44,8,55,71,71,33,0],"gold":49,"neow_bonus":"ONE_RARE_RELIC","is_prod":false,"is_daily":false,"chose_seed":false,"campfire_upgraded":9,"win_rate":0,"timestamp":1562603640,"path_taken":["M","M","M","M","?","R","E","R","T","E","?","$","?","?","R","BOSS","M","?","M","?","?","R","?","M","T","E","R","M","R","E","R","BOSS","M","$","?","M","?","R","E","R","T","R","M","E","$","M","R","BOSS","BOSS","R","$","E","BOSS"],"build_version":"2019-07-05","purchased_purges":3,"victory":false,"max_hp_per_floor":[66,66,66,66,66,66,66,66,66,66,66,66,66,66,66,66,66,66,66,66,71,71,71,71,71,71,71,71,71,71,71,71,71,71,71,71,71,71,71,71,71,71,71,71,71,71,71,71,71,71,71,71,71,71,71,71],"card_choices":[{"not_picked":["Prepared","Dodge and Roll"],"picked":"Caltrops","floor":1.0},{"not_picked":["Dagger Throw","Deflect"],"picked":"Dagger Spray","floor":2.0},{"not_picked":["All Out Attack","Outmaneuver"],"picked":"Terror","floor":3.0},{"not_picked":["Deadly Poison","Quick Slash"],"picked":"Skewer","floor":4.0},{"not_picked":["Eviscerate","Choke"],"picked":"Slice","floor":7.0},{"not_picked":["Underhanded Strike","Deadly Poison"],"picked":"Glass Knife","floor":10.0},{"not_picked":["Burst","Tools of the Trade"],"picked":"Envenom","floor":16.0},{"not_picked":["Dagger Throw","Sucker Punch","Setup"],"picked":"SKIP","floor":18.0},{"not_picked":["Catalyst","Sucker Punch","Deflect"],"picked":"SKIP","floor":20.0},{"not_picked":["Catalyst","Sucker Punch","Deflect"],"picked":"SKIP","floor":20.0},{"not_picked":["Caltrops","Sucker Punch","Dagger Throw+1"],"picked":"SKIP","floor":25.0},{"not_picked":["Deadly Poison","Night Terror"],"picked":"Deflect","floor":27.0},{"not_picked":["Slice","Dagger Throw"],"picked":"Footwork","floor":29.0},{"not_picked":["Deadly Poison","Cloak And Dagger"],"picked":"PiercingWail+1","floor":31.0},{"not_picked":["Skewer","Flying Knee"],"picked":"Cloak And Dagger","floor":32.0},{"not_picked":["Burst","Doppelganger"],"picked":"Wraith Form v2","floor":33.0},{"not_picked":["Prepared","Escape Plan"],"picked":"Leg Sweep+1","floor":35.0},{"not_picked":["Blade Dance","Quick Slash","Bane"],"picked":"Well Laid Plans+1","floor":38.0},{"not_picked":["Flying Knee","Deflect","Underhanded Strike+1"],"picked":"Burst","floor":39.0},{"not_picked":["Expertise","Leg Sweep","Sucker Punch"],"picked":"Catalyst","floor":41.0},{"not_picked":["Backflip","Outmaneuver","Sucker Punch"],"picked":"Concentrate+1","floor":45.0},{"not_picked":["Footwork","Choke+1","Masterful Stab"],"picked":"Escape Plan+1","floor":46.0},{"not_picked":["Flying Knee+1","Acrobatics","Sucker Punch"],"picked":"Heel Hook","floor":48.0},{"not_picked":["Dagger Throw+1","Masterful Stab+1","Grand Finale","Heel Hook"],"picked":"SKIP","floor":55.0}],"player_experience":5622376,"relics_obtained":[{"floor":7.0,"key":"Anchor"},{"floor":9.0,"key":"Bag of Marbles"},{"floor":10.0,"key":"Snake Skull"},{"floor":24.0,"key":"WingedGreaves"},{"floor":26.0,"key":"Old Coin"},{"floor":27.0,"key":"Unceasing Top"},{"floor":31.0,"key":"Dream Catcher"},{"floor":41.0,"key":"Torii"},{"floor":46.0,"key":"Potion Belt"},{"floor":55.0,"key":"Turnip"}],"event_choices":[{"damage_healed":0.0,"max_hp_gain":0.0,"max_hp_loss":0.0,"gold_gain":75.0,"event_name":"World of Goop","player_choice":"Gather Gold","floor":5.0,"gold_loss":0.0,"damage_taken":11.0},{"damage_healed":0.0,"max_hp_gain":0.0,"max_hp_loss":0.0,"gold_gain":0.0,"event_name":"Living Wall","player_choice":"Grow","floor":11.0,"gold_loss":0.0,"damage_taken":0.0,"cards_upgraded":["Glass Knife"]},{"cards_removed":["Strike_G"],"damage_healed":0.0,"max_hp_gain":0.0,"max_hp_loss":0.0,"gold_gain":0.0,"event_name":"Golden Wing","player_choice":"Card Removal","floor":13.0,"gold_loss":0.0,"damage_taken":7.0},{"damage_healed":0.0,"max_hp_gain":5.0,"max_hp_loss":0.0,"gold_gain":0.0,"event_name":"Forgotten Altar","player_choice":"Shed Blood","floor":21.0,"gold_loss":0.0,"damage_taken":23.0},{"damage_healed":14.0,"max_hp_gain":0.0,"max_hp_loss":0.0,"gold_gain":0.0,"event_name":"The Library","player_choice":"Heal","floor":22.0,"gold_loss":0.0,"damage_taken":0.0},{"cards_removed":["Strike_G"],"damage_healed":0.0,"max_hp_gain":0.0,"max_hp_loss":0.0,"gold_gain":0.0,"event_name":"Bonfire Elementals","player_choice":"Offered Basic","floor":37.0,"gold_loss":0.0,"damage_taken":0.0}],"is_beta":false,"boss_relics":[{"not_picked":["Calling Bell","Tiny House"],"picked":"Astrolabe"},{"not_picked":["Lizard Tail","Eternal Feather"],"picked":"White Beast Statue"}],"items_purged_floors":[36,47,54],"is_endless":false,"potions_floor_spawned":[2,3,4,7,27,35,38,39,41,45,46,48,55],"killed_by":"The Heart","ascension_level":20}