{"gold_per_floor":[111,122,138,156,174,174,186,186,186,198,229,249,249,249,249,328,328,342,232,78,96,44,75,94,129,129,129,179,191,191,204,204,279,279,296,296,306,318,80,80,112,112,112,112,112,112,129,4,4,4],"floor_reached":50,"playtime":1988,"items_purged":["Sucker Punch","Slice","Corpse Explosion+1"],"score":1303,"play_id":"5fd19267-a5d6-422d-834b-cb98b6dad762","local_time":"20190701021142","is_ascension_mode":true,"campfire_choices":[{"data":"Crippling Poison","floor":6,"key":"SMITH"},{"data":"Neutralize","floor":8,"key":"SMITH"},{"floor":13,"key":"REST"},{"data":"Calculated Gamble","floor":15,"key":"SMITH"},{"floor":27,"key":"REST"},{"data":"Tactician","floor":30,"key":"SMITH"},{"data":"Tactician","floor":32,"key":"SMITH"},{"floor":40,"key":"RECALL"},{"floor":45,"key":"REST"},{"data":"Blur","floor":49,"key":"SMITH"}],"neow_cost":"NONE","seed_source_timestamp":1062386026223199,"circlet_count":0,"master_deck":["AscendersBane","Neutralize+1","Storm of Steel+1","Calculated Gamble+1","Reflex+1","Crippling Poison+1","Die Die Die+1","Well Laid Plans+1","Deadly Poison+1","Dodge and Roll+1","Corpse Explosion+1","Footwork+1","Accuracy+1","Night Terror+1","Well Laid Plans+1","Eviscerate+1","Blur+1","Escape Plan+1","Blur+1","Acrobatics+1","Tactician+1","Escape Plan+1","PiercingWail+1","Noxious Fumes+1","Tactician+1","Malaise+1","Backflip+1","Blur+1","Dark Shackles+1","Blur+1"],"relics":["Ring of the Snake","Question Card","Ninja Scroll","Pandora\u0027s Box","Happy Flower","FossilizedHelix","Frozen Egg 2","Sozu","Turnip","Mark of the Bloom"],"potions_floor_usage":[5,11,23,23,33,50],"damage_taken":[{"damage":12,"enemies":"Jaw Worm","floor":1,"turns":8},{"damage":0,"enemies":"Cultist","floor":2,"turns":3},{"damage":0,"enemies":"2 Louse","floor":3,"turns":3},{"damage":4,"enemies":"2 Fungi Beasts","floor":4,"turns":4},{"damage":17,"enemies":"Large Slime","floor":5,"turns":7},{"damage":8,"enemies":"3 Louse","floor":7,"turns":3},{"damage":2,"enemies":"2 Fungi Beasts","floor":10,"turns":3},{"damage":12,"enemies":"3 Sentries","floor":11,"turns":5},{"damage":0,"enemies":"Blue Slaver","floor":12,"turns":4},{"damage":9,"enemies":"The Guardian","floor":16,"turns":10},{"damage":3,"enemies":"Shell Parasite","floor":18,"turns":6},{"damage":14,"enemies":"2 Thieves","floor":21,"turns":4},{"damage":25,"enemies":"Slavers","floor":23,"turns":2},{"damage":1,"enemies":"Cultist and Chosen","floor":24,"turns":4},{"damage":0,"enemies":"Gremlin Leader","floor":25,"turns":5},{"damage":7,"enemies":"Snecko","floor":29,"turns":5},{"damage":6,"enemies":"Snake Plant","floor":31,"turns":6},{"damage":0,"enemies":"Collector","floor":33,"turns":10},{"damage":7,"enemies":"3 Darklings","floor":35,"turns":3},{"damage":0,"enemies":"Orb Walker","floor":37,"turns":3},{"damage":15,"enemies":"4 Shapes","floor":38,"turns":3},{"damage":13,"enemies":"Giant Head","floor":41,"turns":11},{"damage":9,"enemies":"3 Darklings","floor":47,"turns":3},{"damage":11,"enemies":"Donu and Deca","floor":50,"turns":3}],"seed_played":"-2276474152231421896","potions_obtained":[{"floor":1,"key":"EssenceOfSteel"},{"floor":3,"key":"AttackPotion"},{"floor":4,"key":"Regen Potion"},{"floor":5,"key":"AttackPotion"},{"floor":12,"key":"SpeedPotion"},{"floor":18,"key":"FearPotion"},{"floor":23,"key":"Dexterity Potion"},{"floor":29,"key":"Fire Potion"},{"floor":31,"key":"Weak Potion"}],"is_trial":false,"path_per_floor":["M","M","M","M","M","R","M","R","T","M","E","M","R","?","R","B",null,"M","?","$","M","$","E","M","E","T","R","?","M","R","M","R","B",null,"M","?","M","M","$","R","E","?","T","?","R","?","M","$","R","B"],"character_chosen":"THE_SILENT","items_purchased":["Tactician","PiercingWail","Blur","Dark Shackles"],"campfire_rested":3,"item_purchase_floors":[20,22,39,39],"current_hp_per_floor":[47,47,47,43,38,38,30,30,30,28,16,16,35,35,35,26,56,53,53,53,39,39,14,13,13,13,32,32,25,25,19,19,19,54,47,47,47,32,32,32,19,19,19,19,19,19,10,10,10,0],"gold":4,"neow_bonus":"ONE_RANDOM_RARE_CARD","is_prod":false,"is_daily":false,"chose_seed":false,"campfire_upgraded":6,"win_rate":0,"timestamp":1561914702,"path_taken":["M","M","M","M","M","R","M","R","T","M","E","M","R","?","R","BOSS","M","?","$","M","$","E","?","E","T","R","?","?","R","M","R","BOSS","M","?","M","M","$","R","E","?","T","?","R","?","M","$","R","BOSS"],"build_version":"2019-01-23","purchased_purges":3,"victory":false,"max_hp_per_floor":[66,66,66,66,66,66,66,66,66,66,66,66,66,66,66,66,66,66,66,66,66,66,66,66,66,66,66,66,66,66,66,66,66,66,66,63,63,63,63,63,63,63,63,63,63,63,63,63,63,63],"card_choices":[{"not_picked":["Bane","Catalyst"],"picked":"Calculated Gamble","floor":1},{"not_picked":["Eviscerate","Sucker Punch"],"picked":"Reflex","floor":2},{"not_picked":["Flying Knee","Noxious Fumes"],"picked":"Crippling Poison","floor":3},{"not_picked":["Cloak And Dagger","Calculated Gamble"],"picked":"Die Die Die","floor":4},{"not_picked":["Deflect","Blade Dance"],"picked":"Well Laid Plans","floor":5},{"not_picked":["Prepared","Flechettes"],"picked":"Deadly Poison","floor":7},{"not_picked":["Slice","Poisoned Stab","Predator"],"picked":"Dodge and Roll","floor":10},{"not_picked":["Endless Agony","Footwork","Underhanded Strike"],"picked":"Corpse Explosion","floor":11},{"not_picked":["Acrobatics","Setup","Sucker Punch"],"picked":"Footwork","floor":12},{"not_picked":["Venomology","Tools of the Trade","Glass Knife"],"picked":"Corpse Explosion","floor":16},{"not_picked":["Sucker Punch","Blade Dance","Reflex"],"picked":"Acrobatics","floor":18},{"not_picked":["Tools of the Trade","Catalyst","Deadly Poison"],"picked":"Escape Plan+1","floor":21},{"not_picked":["Slice","Infinite Blades","Skewer","Underhanded Strike"],"picked":"SKIP","floor":23},{"not_picked":["Underhanded Strike+1","Dagger Throw+1","Deflect","Caltrops"],"picked":"SKIP","floor":24},{"not_picked":["Flying Knee","Skewer","Dagger Throw"],"picked":"Noxious Fumes","floor":25},{"not_picked":["Predator","Finisher","Dagger Throw","Bouncing Flask"],"picked":"SKIP","floor":29},{"not_picked":["Flying Knee","Glass Knife","Calculated Gamble"],"picked":"Tactician","floor":31},{"not_picked":["A Thousand Cuts+1","Doppelganger","Tools of the Trade+1"],"picked":"Malaise","floor":33},{"not_picked":["Acrobatics","Flying Knee","Footwork+1"],"picked":"Backflip+1","floor":35},{"not_picked":["Masterful Stab","Flying Knee","Distraction","Terror"],"picked":"SKIP","floor":37},{"not_picked":["Heel Hook","Prepared","Bouncing Flask","Crippling Poison"],"picked":"SKIP","floor":38},{"not_picked":["Noxious Fumes+1","Sucker Punch+1","Outmaneuver","Backstab"],"picked":"SKIP","floor":41},{"not_picked":["Finisher+1","Cloak And Dagger","Blade Dance+1"],"picked":"Blur","floor":47}],"player_experience":5539788,"relics_obtained":[{"floor":9,"key":"Question Card"},{"floor":11,"key":"Ninja Scroll"},{"floor":23,"key":"Happy Flower"},{"floor":25,"key":"FossilizedHelix"},{"floor":26,"key":"Frozen Egg 2"},{"floor":41,"key":"Turnip"}],"event_choices":[{"damage_healed":0,"gold_gain":0,"player_choice":"Ignored","damage_taken":0,"max_hp_gain":0,"max_hp_loss":0,"event_name":"Liars Game","floor":14,"gold_loss":0},{"cards_removed":["Expertise"],"damage_healed":0,"gold_gain":0,"player_choice":"Upgrade and Remove","damage_taken":0,"max_hp_gain":0,"max_hp_loss":0,"event_name":"Designer","floor":19,"gold_loss":110,"cards_upgraded":["Corpse Explosion"]},{"damage_healed":0,"gold_gain":50,"player_choice":"Pray","damage_taken":0,"max_hp_gain":0,"max_hp_loss":0,"event_name":"Golden Shrine","floor":28,"gold_loss":0},{"damage_healed":0,"gold_gain":0,"player_choice":"Max HP","damage_taken":0,"max_hp_gain":0,"max_hp_loss":3,"event_name":"Winding Halls","floor":36,"gold_loss":0},{"cards_removed":["Survivor"],"damage_healed":0,"gold_gain":0,"player_choice":"Removed Skill","damage_taken":0,"max_hp_gain":0,"max_hp_loss":0,"event_name":"Falling","floor":42,"gold_loss":0},{"damage_healed":0,"gold_gain":0,"player_choice":"Upgrade","damage_taken":0,"relics_obtained":["Mark of the Bloom"],"max_hp_gain":0,"max_hp_loss":0,"event_name":"MindBloom","floor":44,"gold_loss":0,"cards_upgraded":["Storm of Steel","Reflex","Die Die Die","Well Laid Plans","Deadly Poison","Dodge and Roll","Corpse Explosion","Footwork","Accuracy","Night Terror","Well Laid Plans","Eviscerate","Blur","Escape Plan","Blur","Acrobatics","PiercingWail","Noxious Fumes","Malaise","Blur","Dark Shackles"]},{"damage_healed":0,"gold_gain":0,"player_choice":"Memory 1","damage_taken":0,"max_hp_gain":0,"max_hp_loss":0,"event_name":"SensoryStone","floor":46,"gold_loss":0}],"is_beta":false,"boss_relics":[{"not_picked":["Fusion Hammer","Runic Dome"],"picked":"Pandora\u0027s Box"},{"not_picked":["Coffee Dripper","Lizard Tail"],"picked":"Sozu"}],"items_purged_floors":[20,39,48],"is_endless":false,"potions_floor_spawned":[1,3,4,5,12,18,23,29,31,35,41],"killed_by":"Donu and Deca","ascension_level":20}