{"gold_per_floor":[117,132,147,147,166,166,201,181,181,181,199,199,209,225,225,303,303,313,313,313,323,73,73,101,111,111,11,11,11,11,27,27,105,105,124,137,147,147,147,147,160,185,185,185,211,230,105,105],"floor_reached":48,"playtime":2779,"items_purged":["Strike_G+1","Strike_G+1","Poisoned Stab"],"score":1074,"play_id":"5752ee78-5a3b-4fed-8adf-11e168909064","local_time":"20190523031658","is_ascension_mode":true,"campfire_choices":[{"data":"Dagger Spray","floor":6.0,"key":"SMITH"},{"data":"Night Terror","floor":10.0,"key":"SMITH"},{"data":"Night Terror","floor":12.0,"key":"SMITH"},{"data":"Neutralize","floor":15.0,"key":"SMITH"},{"data":"Adrenaline","floor":23.0,"key":"SMITH"},{"floor":28.0,"key":"REST"},{"data":"Calculated Gamble","floor":32.0,"key":"SMITH"},{"data":"Footwork","floor":40.0,"key":"SMITH"}],"neow_cost":"TEN_PERCENT_HP_LOSS","seed_source_timestamp":9746213910100,"circlet_count":0,"master_deck":["AscendersBane","Defend_G+1","Defend_G+1","Defend_G+1","Survivor","Neutralize+1","Quick Slash","Dagger Throw","Dagger Spray+1","Night Terror+1","Night Terror+1","Escape Plan","Backstab","Heel Hook","Tactician","Grand Finale","Calculated Gamble+1","Footwork+1","Adrenaline+1","Night Terror","Well Laid Plans","Prepared+1"],"special_seed":0,"relics":["Ring of the Snake","Mummified Hand","Ninja Scroll","Sozu","Paper Crane","Empty Cage","Omamori","Singing Bowl","Thread and Needle"],"potions_floor_usage":[],"damage_taken":[{"damage":4.0,"enemies":"Small Slimes","floor":1.0,"turns":3.0},{"damage":0.0,"enemies":"Cultist","floor":2.0,"turns":3.0},{"damage":1.0,"enemies":"Jaw Worm","floor":3.0,"turns":2.0},{"damage":0.0,"enemies":"2 Fungi Beasts","floor":5.0,"turns":4.0},{"damage":10.0,"enemies":"3 Sentries","floor":7.0,"turns":2.0},{"damage":4.0,"enemies":"3 Louse","floor":11.0,"turns":2.0},{"damage":12.0,"enemies":"Exordium Wildlife","floor":13.0,"turns":4.0},{"damage":0.0,"enemies":"Exordium Thugs","floor":14.0,"turns":3.0},{"damage":18.0,"enemies":"Hexaghost","floor":16.0,"turns":7.0},{"damage":21.0,"enemies":"2 Thieves","floor":18.0,"turns":4.0},{"damage":0.0,"enemies":"Chosen","floor":21.0,"turns":2.0},{"damage":9.0,"enemies":"Book of Stabbing","floor":24.0,"turns":4.0},{"damage":0.0,"enemies":"3 Cultists","floor":25.0,"turns":3.0},{"damage":0.0,"enemies":"Snecko","floor":31.0,"turns":3.0},{"damage":20.0,"enemies":"Champ","floor":33.0,"turns":29.0},{"damage":5.0,"enemies":"Orb Walker","floor":35.0,"turns":3.0},{"damage":17.0,"enemies":"3 Darklings","floor":36.0,"turns":8.0},{"damage":0.0,"enemies":"Spire Growth","floor":37.0,"turns":4.0},{"damage":6.0,"enemies":"Transient","floor":41.0,"turns":6.0},{"damage":18.0,"enemies":"Reptomancer","floor":42.0,"turns":3.0},{"damage":1.0,"enemies":"Nemesis","floor":45.0,"turns":7.0},{"damage":0,"enemies":"Sphere and 2 Shapes","floor":46,"turns":3},{"damage":7,"enemies":"4 Shapes","floor":48,"turns":1}],"seed_played":"2604573029640749746","potions_obtained":[{"floor":1.0,"key":"Explosive Potion"},{"floor":2.0,"key":"Dexterity Potion"},{"floor":8.0,"key":"Strength Potion"}],"is_trial":false,"path_per_floor":["M","M","M","?","M","R","E","?","T","R","M","R","M","M","R","B",null,"M","?","?","M","$","R","E","M","T","$","R","?","?","M","R","B",null,"M","M","M","?","?","R","M","E","T","?","E","M","$","M"],"character_chosen":"THE_SILENT","items_purchased":["Adrenaline"],"campfire_rested":1,"item_purchase_floors":[22],"current_hp_per_floor":[55,55,54,54,54,54,44,44,44,44,40,40,28,28,28,10,48,27,27,27,27,27,27,18,18,18,18,36,36,36,36,36,16,49,44,27,27,27,27,27,21,3,3,3,4,4,4,0],"gold":105,"neow_bonus":"TRANSFORM_TWO_CARDS","is_prod":false,"is_daily":false,"chose_seed":false,"campfire_upgraded":7,"win_rate":0,"timestamp":1558549018,"path_taken":["M","M","M","?","?","R","E","?","T","R","?","R","M","M","R","BOSS","M","?","?","M","$","R","E","?","T","$","R","?","?","M","R","BOSS","M","M","M","?","?","R","M","E","T","?","E","?","$","M"],"build_version":"2019-01-23","purchased_purges":3,"victory":false,"max_hp_per_floor":[60,60,60,60,60,60,60,60,60,60,60,60,60,60,60,60,60,60,60,60,60,60,60,60,60,60,60,60,60,60,60,60,60,60,60,60,60,60,60,60,60,60,60,60,62,62,62,62],"card_choices":[{"not_picked":["Prepared","Riddle With Holes"],"picked":"Dagger Throw","floor":1.0},{"not_picked":["Slice","Deflect"],"picked":"Dagger Spray","floor":2.0},{"not_picked":["Quick Slash","Slice","Underhanded Strike"],"picked":"SKIP","floor":3.0},{"not_picked":["Quick Slash","Slice","Underhanded Strike"],"picked":"SKIP","floor":3.0},{"not_picked":["Dagger Throw","Sucker Punch"],"picked":"Night Terror","floor":5.0},{"not_picked":["Dash","Bane"],"picked":"Escape Plan","floor":7.0},{"not_picked":["Bane","Prepared"],"picked":"Backstab","floor":11.0},{"not_picked":["Eviscerate","Dagger Spray"],"picked":"Heel Hook","floor":13.0},{"not_picked":["Bane","Dash"],"picked":"Tactician","floor":14.0},{"not_picked":["Unload","Malaise"],"picked":"Grand Finale","floor":16.0},{"not_picked":["Infinite Blades","Crippling Poison"],"picked":"Calculated Gamble","floor":18.0},{"not_picked":["Sucker Punch","Catalyst","Dagger Throw"],"picked":"SKIP","floor":21.0},{"not_picked":["Riddle With Holes","Dagger Spray","Backflip"],"picked":"SKIP","floor":24.0},{"not_picked":["Infinite Blades","Heel Hook","Skewer"],"picked":"SKIP","floor":25.0},{"not_picked":["Infinite Blades","Heel Hook","Skewer"],"picked":"SKIP","floor":25.0},{"not_picked":["Quick Slash","Dagger Throw","Dagger Spray+1"],"picked":"SKIP","floor":31.0},{"not_picked":["Glass Knife","Phantasmal Killer"],"picked":"Night Terror","floor":33.0},{"not_picked":["Dodge and Roll+1","Underhanded Strike","Deflect+1"],"picked":"SKIP","floor":35.0},{"not_picked":["Dodge and Roll","Slice+1"],"picked":"Well Laid Plans","floor":36.0},{"not_picked":["Dodge and Roll+1","Deflect+1","Masterful Stab"],"picked":"SKIP","floor":37.0},{"not_picked":["Finisher","Dagger Throw","Flying Knee"],"picked":"SKIP","floor":41.0},{"not_picked":["Finisher","Dagger Throw","Flying Knee"],"picked":"SKIP","floor":41.0},{"not_picked":["Dodge and Roll+1","Footwork","Poisoned Stab"],"picked":"SKIP","floor":42.0},{"not_picked":["Skewer","Bouncing Flask","Bane+1"],"picked":"Singing Bowl","floor":45.0},{"not_picked":["Quick Slash+1","Bane"],"picked":"Prepared+1","floor":46}],"player_experience":5115487,"relics_obtained":[{"floor":7.0,"key":"Mummified Hand"},{"floor":9.0,"key":"Ninja Scroll"},{"floor":24.0,"key":"Paper Crane"},{"floor":42.0,"key":"Omamori"},{"floor":43.0,"key":"Singing Bowl"},{"floor":45.0,"key":"Thread and Needle"}],"event_choices":[{"damage_healed":0.0,"max_hp_gain":0.0,"max_hp_loss":0.0,"gold_gain":0.0,"event_name":"Match and Keep!","player_choice":"1 cards matched","floor":4.0,"gold_loss":0.0,"damage_taken":0.0,"cards_obtained":["Night Terror"]},{"damage_healed":0.0,"max_hp_gain":0.0,"max_hp_loss":0.0,"gold_gain":0.0,"event_name":"The Woman in Blue","player_choice":"Bought 1 Potion","floor":8.0,"gold_loss":0.0,"damage_taken":0.0},{"damage_healed":0.0,"max_hp_gain":0.0,"max_hp_loss":0.0,"gold_gain":0.0,"event_name":"Back to Basics","player_choice":"Simplicity","floor":19.0,"gold_loss":0.0,"damage_taken":0.0,"cards_upgraded":["Defend_G","Defend_G","Defend_G","Defend_G","Strike_G","Strike_G","Strike_G","Strike_G"]},{"damage_healed":0.0,"max_hp_gain":0.0,"max_hp_loss":0.0,"gold_gain":0.0,"cards_transformed":["Strike_G"],"event_name":"Transmorgrifier","player_choice":"Transformed","floor":20.0,"gold_loss":0.0,"damage_taken":0.0,"cards_obtained":["Footwork"]},{"damage_healed":0.0,"max_hp_gain":0.0,"max_hp_loss":0.0,"gold_gain":0.0,"event_name":"Ghosts","player_choice":"Ignored","floor":29.0,"gold_loss":0.0,"damage_taken":0.0},{"damage_healed":0.0,"max_hp_gain":0.0,"max_hp_loss":0.0,"gold_gain":0.0,"event_name":"Mysterious Sphere","player_choice":"Ignored","floor":38.0,"gold_loss":0.0,"damage_taken":0.0},{"damage_healed":0.0,"max_hp_gain":0.0,"max_hp_loss":0.0,"gold_gain":0.0,"event_name":"Tomb of Lord Red Mask","player_choice":"Ignored","floor":39.0,"gold_loss":0.0,"damage_taken":0.0},{"damage_healed":0.0,"max_hp_gain":0.0,"max_hp_loss":0.0,"gold_gain":0.0,"event_name":"Lab","player_choice":"Got Potions","floor":44.0,"gold_loss":0.0,"damage_taken":0.0}],"is_beta":false,"boss_relics":[{"not_picked":["HoveringKite","Coffee Dripper"],"picked":"Sozu"},{"not_picked":["Astrolabe","Runic Dome"],"picked":"Empty Cage"}],"items_purged_floors":[22,27,47],"is_endless":false,"potions_floor_spawned":[1,2,5,18,21,33,41,46],"killed_by":"4 Shapes","ascension_level":20}