{"gold_per_floor":[111,123,141,141,141,141,156,186,240,265,297,309],"floor_reached":12,"playtime":528,"items_purged":[],"score":230,"play_id":"58137aa4-43d2-4a79-861d-8cd08a707b45","local_time":"20190605231512","is_ascension_mode":true,"campfire_choices":[{"data":"Sunder","floor":6.0,"key":"SMITH"}],"neow_cost":"NONE","seed_source_timestamp":869834226527500,"circlet_count":0,"master_deck":["AscendersBane","Strike_B","Strike_B","Strike_B","Defend_B","Defend_B","Defend_B","Defend_B","Zap","Dualcast","Leap","Consume","Sunder+1","Lockon","Buffer","Coolheaded+1","Coolheaded+1","Redo+1"],"special_seed":0,"relics":["Cracked Core","Toxic Egg 2","Bronze Scales","MawBank"],"potions_floor_usage":[],"damage_taken":[{"damage":0.0,"enemies":"2 Louse","floor":1.0,"turns":3.0},{"damage":0.0,"enemies":"Jaw Worm","floor":2.0,"turns":3.0},{"damage":1.0,"enemies":"Cultist","floor":3.0,"turns":3.0},{"damage":11.0,"enemies":"Exordium Thugs","floor":7.0,"turns":3.0},{"damage":39.0,"enemies":"Gremlin Nob","floor":8.0,"turns":4.0},{"damage":0.0,"enemies":"Lagavulin","floor":10.0,"turns":8.0},{"damage":6.0,"enemies":"Looter","floor":11.0,"turns":3.0},{"damage":13,"enemies":"Gremlin Gang","floor":12,"turns":2}],"seed_played":"6077998120803672729","potions_obtained":[{"floor":1.0,"key":"Explosive Potion"},{"floor":8.0,"key":"SkillPotion"},{"floor":10.0,"key":"Strength Potion"}],"is_trial":false,"path_per_floor":["M","M","M","?","?","R","M","E","T","E","M","M"],"character_chosen":"DEFECT","items_purchased":[],"campfire_rested":0,"item_purchase_floors":[],"current_hp_per_floor":[64,64,63,68,68,68,57,18,18,18,12,0],"gold":309,"neow_bonus":"THREE_CARDS","is_prod":false,"is_daily":false,"chose_seed":false,"campfire_upgraded":1,"win_rate":0,"timestamp":1559744112,"path_taken":["M","M","M","?","?","R","M","E","T","E","M","M"],"build_version":"2019-01-23","purchased_purges":0,"victory":false,"max_hp_per_floor":[71,71,71,76,76,76,76,76,76,76,76,76],"card_choices":[{"not_picked":["Force Field","Coolheaded"],"picked":"Leap","floor":0.0},{"not_picked":["Gash","Coolheaded"],"picked":"Consume","floor":1.0},{"not_picked":["BootSequence","Rebound"],"picked":"Sunder","floor":2.0},{"not_picked":["Leap","Conserve Battery"],"picked":"Lockon","floor":3.0},{"not_picked":["Go for the Eyes","Stack","Hello World"],"picked":"SKIP","floor":7.0},{"not_picked":["Turbo","Compile Driver"],"picked":"Coolheaded","floor":8.0},{"not_picked":["Sweeping Beam","Streamline"],"picked":"Coolheaded+1","floor":10.0},{"not_picked":["Ball Lightning","Skim+1"],"picked":"Redo+1","floor":11.0}],"player_experience":5277762,"relics_obtained":[{"floor":8.0,"key":"Toxic Egg 2"},{"floor":9.0,"key":"Bronze Scales"},{"floor":10.0,"key":"MawBank"}],"event_choices":[{"damage_healed":0.0,"max_hp_gain":5.0,"max_hp_loss":0.0,"gold_gain":0.0,"event_name":"Big Fish","player_choice":"Donut","floor":4.0,"gold_loss":0.0,"damage_taken":0.0},{"damage_healed":0.0,"max_hp_gain":0.0,"max_hp_loss":0.0,"gold_gain":0.0,"cards_transformed":["Strike_B"],"event_name":"Transmorgrifier","player_choice":"Transformed","floor":5.0,"gold_loss":0.0,"damage_taken":0.0,"cards_obtained":["Buffer"]}],"is_beta":false,"boss_relics":[],"items_purged_floors":[],"is_endless":false,"potions_floor_spawned":[1,8,10],"killed_by":"Gremlin Gang","ascension_level":20}