{"gold_per_floor":[115,131,147,164,179,179,204,204,227,240,250,51,85,95,95,169,169,181,181,69,81,81,81,113,113,113,28,60,92,120,148,160,244,256,278,23,42,57,57,87,101,101,101,101,114,149,149,168,168,168,168,168,168,51,81,81],"floor_reached":57,"playtime":2254,"items_purged":["Strike_R","Strike_R"],"score":2875,"play_id":"bd079089-40f2-4a9e-ac27-d9f36ec06d79","local_time":"20190709005553","is_ascension_mode":true,"campfire_choices":[{"data":"Inflame","floor":6,"key":"SMITH"},{"data":"Dual Wield","floor":8,"key":"SMITH"},{"data":"Apotheosis","floor":15,"key":"SMITH"},{"floor":23,"key":"REST"},{"floor":25,"key":"RECALL"},{"floor":32,"key":"REST"},{"data":"Strike_R","floor":42,"key":"PURGE"},{"data":"Bludgeon","floor":44,"key":"PURGE"},{"data":"Pain","floor":49,"key":"PURGE"},{"floor":53,"key":"REST"}],"neow_cost":"PERCENT_DAMAGE","seed_source_timestamp":524003026446700,"circlet_count":0,"master_deck":["AscendersBane","Defend_R","Defend_R","Defend_R","Defend_R","Bash","Dual Wield+1","Shockwave","Shrug It Off","Infernal Blade","Limit Break","Inflame+1","Seeing Red","Battle Trance","Seeing Red","Apotheosis+1","Corruption","Offering","Offering","Warcry+1","Evolve","Disarm","Burning Pact+1","Sword Boomerang","Demon Form","Reaper","Feel No Pain","Flex","Shrug It Off+1","Body Slam","Feel No Pain","Feel No Pain","Shrug It Off+1","Feel No Pain"],"relics":["Burning Blood","Singing Bowl","Regal Pillow","Dream Catcher","Fusion Hammer","Orichalcum","MawBank","Mark of Pain","Centennial Puzzle","Peace Pipe","The Courier","Toxic Egg 2","WarpedTongs","Anchor"],"potions_floor_usage":[4,7,7,11,18,30,31,33,35,56,56],"damage_taken":[{"damage":0,"enemies":"Cultist","floor":1,"turns":2},{"damage":12,"enemies":"Jaw Worm","floor":2,"turns":2},{"damage":4,"enemies":"2 Louse","floor":3,"turns":4},{"damage":0,"enemies":"Large Slime","floor":4,"turns":4},{"damage":1,"enemies":"Exordium Wildlife","floor":5,"turns":3},{"damage":8,"enemies":"Gremlin Nob","floor":7,"turns":3},{"damage":25,"enemies":"3 Louse","floor":10,"turns":5},{"damage":12,"enemies":"Looter","floor":11,"turns":4},{"damage":0,"enemies":"Lagavulin","floor":13,"turns":4},{"damage":3,"enemies":"Exordium Thugs","floor":14,"turns":5},{"damage":32,"enemies":"Hexaghost","floor":16,"turns":7},{"damage":13,"enemies":"3 Byrds","floor":18,"turns":2},{"damage":33,"enemies":"2 Thieves","floor":21,"turns":5},{"damage":10,"enemies":"Gremlin Leader","floor":24,"turns":4},{"damage":21,"enemies":"Snake Plant","floor":28,"turns":5},{"damage":29,"enemies":"Shelled Parasite and Fungi","floor":29,"turns":6},{"damage":6,"enemies":"3 Cultists","floor":30,"turns":4},{"damage":6,"enemies":"Snake Plant","floor":31,"turns":2},{"damage":16,"enemies":"Automaton","floor":33,"turns":6},{"damage":13,"enemies":"Orb Walker","floor":35,"turns":2},{"damage":40,"enemies":"3 Darklings","floor":37,"turns":5},{"damage":20,"enemies":"Maw","floor":38,"turns":5},{"damage":50,"enemies":"Nemesis","floor":40,"turns":5},{"damage":19,"enemies":"Spire Growth","floor":41,"turns":3},{"damage":12,"enemies":"Writhing Mass","floor":45,"turns":2},{"damage":46,"enemies":"Reptomancer","floor":46,"turns":4},{"damage":15,"enemies":"Sphere and 2 Shapes","floor":48,"turns":4},{"damage":36,"enemies":"Awakened One","floor":50,"turns":6},{"damage":58,"enemies":"Time Eater","floor":51,"turns":8},{"damage":12,"enemies":"Shield and Spear","floor":55,"turns":6},{"damage":97,"enemies":"The Heart","floor":56,"turns":10}],"seed_played":"-1950507191130315385","potions_obtained":[{"floor":1,"key":"Regen Potion"},{"floor":2,"key":"PowerPotion"},{"floor":4,"key":"Strength Potion"},{"floor":10,"key":"Regen Potion"},{"floor":14,"key":"LiquidBronze"},{"floor":16,"key":"Energy Potion"},{"floor":24,"key":"AttackPotion"},{"floor":29,"key":"Fire Potion"},{"floor":30,"key":"SkillPotion"},{"floor":31,"key":"Weak Potion"},{"floor":38,"key":"Ancient Potion"},{"floor":46,"key":"GamblersBrew"}],"is_trial":false,"path_per_floor":["M","M","M","M","M","R","E","R","T","M","M","$","E","M","R","B",null,"M","?","$","M","?","R","E","R","T","?","M","M","M","M","R","B",null,"M","$","M","M","?","E","M","R","T","R","M","E","?","M","R","B","B",null,"R","$","E","B",null],"character_chosen":"IRONCLAD","items_purchased":["Apotheosis","Disarm","Centennial Puzzle","Feel No Pain","Shrug It Off+1"],"campfire_rested":3,"item_purchase_floors":[12,20,36,54,54],"current_hp_per_floor":[56,50,52,70,75,75,73,73,73,54,60,60,66,69,69,43,67,60,60,60,35,13,54,52,52,52,52,39,18,20,20,62,52,82,77,77,45,31,79,79,68,68,68,68,81,81,81,81,81,81,81,81,81,81,75,50],"gold":81,"neow_bonus":"TRANSFORM_TWO_CARDS","is_prod":false,"is_daily":false,"chose_seed":false,"campfire_upgraded":3,"win_rate":0,"timestamp":1562601353,"path_taken":["M","M","?","M","M","R","E","R","T","M","M","$","E","M","R","BOSS","M","?","$","M","?","R","E","R","T","?","M","M","?","M","R","BOSS","M","$","M","M","?","E","M","R","T","R","M","E","?","M","R","BOSS","BOSS","R","$","E","BOSS"],"build_version":"2019-07-05","purchased_purges":2,"victory":true,"max_hp_per_floor":[75,75,75,75,75,75,75,75,75,75,75,75,75,75,75,75,75,75,75,75,77,82,84,86,86,86,86,88,90,92,92,92,92,92,94,94,96,96,79,79,81,81,81,81,81,81,81,81,81,81,81,81,81,81,81,81],"card_choices":[{"not_picked":["Thunderclap","Whirlwind"],"picked":"Shockwave","floor":1},{"not_picked":["Cleave","Sentinel"],"picked":"Shrug It Off","floor":2},{"not_picked":["Armaments","Perfected Strike"],"picked":"Infernal Blade","floor":3},{"not_picked":["Warcry","Entrench"],"picked":"Limit Break","floor":4},{"not_picked":["True Grit","Intimidate"],"picked":"Inflame","floor":5},{"not_picked":["Iron Wave","Pommel Strike"],"picked":"Seeing Red","floor":7},{"not_picked":["Headbutt","Iron Wave"],"picked":"Battle Trance","floor":10},{"not_picked":["Shrug It Off","Flame Barrier"],"picked":"Seeing Red","floor":11},{"not_picked":["Cleave","Anger"],"picked":"Corruption","floor":13},{"not_picked":["Cleave","Bloodletting"],"picked":"Offering","floor":14},{"not_picked":["Double Tap","Fiend Fire"],"picked":"Offering","floor":16},{"not_picked":["Wild Strike","Pummel"],"picked":"Warcry+1","floor":18},{"not_picked":["Iron Wave","Spot Weakness","Bludgeon"],"picked":"Singing Bowl","floor":21},{"not_picked":["Combust","Clothesline+1","True Grit"],"picked":"Singing Bowl","floor":23},{"not_picked":["Perfected Strike","Inflame","Intimidate"],"picked":"Singing Bowl","floor":24},{"not_picked":["Warcry+1","Clash","Clothesline"],"picked":"Singing Bowl","floor":28},{"not_picked":["Infernal Blade+1","Cleave","Sever Soul"],"picked":"Singing Bowl","floor":29},{"not_picked":["Havoc","Sever Soul","Thunderclap"],"picked":"Singing Bowl","floor":30},{"not_picked":["Dropkick","Headbutt"],"picked":"Burning Pact+1","floor":31},{"not_picked":["Headbutt","Havoc"],"picked":"Sword Boomerang","floor":32},{"not_picked":["Juggernaut","Bludgeon"],"picked":"Demon Form","floor":33},{"not_picked":["Clothesline","Pommel Strike","Thunderclap"],"picked":"Singing Bowl","floor":35},{"not_picked":["Pommel Strike","Clash","Armaments+1"],"picked":"Singing Bowl","floor":37},{"not_picked":["Armaments","Searing Blow+1"],"picked":"Reaper","floor":38},{"not_picked":["Fire Breathing","Ghostly Armor"],"picked":"Feel No Pain","floor":40},{"not_picked":["Spot Weakness","Clothesline","Rupture+1"],"picked":"Singing Bowl","floor":41},{"not_picked":["Spot Weakness","Clothesline"],"picked":"Flex","floor":45},{"not_picked":["Uppercut","Whirlwind"],"picked":"Shrug It Off","floor":46},{"not_picked":["Headbutt","Rage+1"],"picked":"Body Slam","floor":48},{"not_picked":["Perfected Strike","Headbutt"],"picked":"Feel No Pain","floor":53},{"not_picked":["Headbutt","Heavy Blade"],"picked":"Feel No Pain","floor":55}],"player_experience":5620122,"relics_obtained":[{"floor":7,"key":"Singing Bowl"},{"floor":9,"key":"Regal Pillow"},{"floor":13,"key":"Dream Catcher"},{"floor":24,"key":"Orichalcum"},{"floor":40,"key":"Peace Pipe"},{"floor":43,"key":"The Courier"},{"floor":46,"key":"Toxic Egg 2"},{"floor":55,"key":"Anchor"}],"event_choices":[{"damage_healed":0,"gold_gain":0,"player_choice":"Read","damage_taken":0,"max_hp_gain":0,"max_hp_loss":0,"event_name":"The Library","floor":19,"gold_loss":0,"cards_obtained":["Evolve"]},{"damage_healed":0,"gold_gain":0,"player_choice":"Shed Blood","damage_taken":27,"max_hp_gain":5,"max_hp_loss":0,"event_name":"Forgotten Altar","floor":22,"gold_loss":0},{"damage_healed":0,"gold_gain":0,"player_choice":"Obtained Relic","damage_taken":0,"relics_obtained":["MawBank"],"max_hp_gain":0,"max_hp_loss":0,"event_name":"Addict","floor":27,"gold_loss":85},{"damage_healed":79,"gold_gain":0,"player_choice":"Heal","damage_taken":0,"max_hp_gain":0,"max_hp_loss":17,"event_name":"The Moai Head","floor":39,"gold_loss":0},{"damage_healed":0,"gold_gain":0,"player_choice":"Rummage","damage_taken":0,"relics_obtained":["WarpedTongs"],"max_hp_gain":0,"max_hp_loss":0,"event_name":"Accursed Blacksmith","floor":47,"gold_loss":0,"cards_obtained":["Pain"]}],"is_beta":false,"boss_relics":[{"not_picked":["Tiny House","Cursed Key"],"picked":"Fusion Hammer"},{"not_picked":["Empty Cage","Runic Cube"],"picked":"Mark of Pain"}],"items_purged_floors":[20,36],"is_endless":false,"potions_floor_spawned":[1,2,4,10,14,16,24,29,30,31,38,46],"ascension_level":20}