{"gold_per_floor":[117,117,128,139,139,166,166,166,166,2,28,47,47],"floor_reached":13,"playtime":337,"items_purged":["Strike_B"],"score":186,"play_id":"8a67f516-f83b-43ad-819e-88abd7b5b4f1","local_time":"20190712235801","is_ascension_mode":true,"campfire_choices":[{"floor":7,"key":"REST"}],"neow_cost":"NONE","seed_source_timestamp":195158597380600,"circlet_count":0,"master_deck":["AscendersBane","Strike_B","Strike_B","Strike_B","Defend_B","Defend_B","Defend_B","Defend_B","Zap","Dualcast","Chill","FTL","Barrage+1","Darkness","Flash of Steel","Capacitor","Steam Power"],"relics":["Nuclear Battery","Question Card","Blood Vial","Ginger","Blue Candle"],"potions_floor_usage":[4,13],"damage_taken":[{"damage":9,"enemies":"2 Louse","floor":1,"turns":4},{"damage":7,"enemies":"Jaw Worm","floor":3,"turns":6},{"damage":0,"enemies":"Cultist","floor":4,"turns":3},{"damage":35,"enemies":"Gremlin Nob","floor":6,"turns":4},{"damage":18,"enemies":"3 Sentries","floor":11,"turns":8},{"damage":11,"enemies":"Exordium Thugs","floor":12,"turns":5},{"damage":16,"enemies":"Lagavulin","floor":13,"turns":5}],"seed_played":"-6525027826151643348","potions_obtained":[{"floor":1,"key":"GamblersBrew"},{"floor":3,"key":"Poison Potion"},{"floor":6,"key":"Strength Potion"}],"is_trial":false,"path_per_floor":["M","?","M","M","?","E","R","T","T","$","E","M","E"],"character_chosen":"DEFECT","items_purchased":["Flash of Steel"],"campfire_rested":1,"item_purchase_floors":[10],"current_hp_per_floor":[55,55,48,48,48,13,34,34,34,34,18,9,0],"gold":47,"neow_bonus":"BOSS_RELIC","is_prod":false,"is_daily":false,"chose_seed":false,"campfire_upgraded":0,"win_rate":0,"timestamp":1562943481,"path_taken":["M","?","M","M","?","E","R","?","T","?","E","M","E"],"build_version":"2019-07-05","purchased_purges":1,"victory":false,"max_hp_per_floor":[71,71,71,71,71,71,71,71,71,71,71,71,71],"card_choices":[{"not_picked":["Coolheaded","Force Field"],"picked":"Chill","floor":1},{"not_picked":["Sweeping Beam","Compile Driver"],"picked":"FTL","floor":3},{"not_picked":["Beam Cell","Cold Snap"],"picked":"Barrage","floor":4},{"not_picked":["Stack","Thunder Strike"],"picked":"Darkness","floor":6},{"not_picked":["Stack","Steam Power","Coolheaded"],"picked":"Capacitor","floor":11},{"not_picked":["Conserve Battery","Ball Lightning","Barrage"],"picked":"Steam Power","floor":12}],"player_experience":5658268,"relics_obtained":[{"floor":6,"key":"Question Card"},{"floor":8,"key":"Blood Vial"},{"floor":9,"key":"Ginger"},{"floor":11,"key":"Blue Candle"}],"event_choices":[{"damage_healed":0,"gold_gain":0,"player_choice":"Ignored","damage_taken":0,"max_hp_gain":0,"max_hp_loss":0,"event_name":"Liars Game","floor":2,"gold_loss":0},{"damage_healed":0,"gold_gain":0,"player_choice":"Grow","damage_taken":0,"max_hp_gain":0,"max_hp_loss":0,"event_name":"Living Wall","floor":5,"gold_loss":0,"cards_upgraded":["Barrage"]}],"is_beta":false,"boss_relics":[],"items_purged_floors":[10],"is_endless":false,"potions_floor_spawned":[1,3,6],"killed_by":"Lagavulin","ascension_level":20}