{"gold_per_floor":[110,110,110,9,9,44,58,87,87,2,2,28,28,62,62,136,136,150,164,79,79,93,119,119,137,160,209,241,261,276,294,294,371,371,383,393,68,85,104,138,138,165,219,265,265,265,265,265,265,265,21,54,54],"floor_reached":54,"playtime":1486,"items_purged":["Strike_R"],"score":3572,"play_id":"7da56456-30d1-4e67-a4cd-9db543100d0c","local_time":"20190612015151","is_ascension_mode":true,"campfire_choices":[{"data":"Corruption","floor":11.0,"key":"SMITH"},{"data":"Body Slam","floor":13.0,"key":"SMITH"},{"data":"Feel No Pain","floor":15.0,"key":"SMITH"},{"data":"Barricade","floor":32.0,"key":"SMITH"},{"floor":41.0,"key":"RECALL"}],"neow_cost":"","seed_source_timestamp":1395302283861700,"circlet_count":0,"master_deck":["Corruption+1","Defend_R","Defend_R+1","Defend_R+1","Defend_R","Bash","Havoc+1","True Grit","Reaper+1","Body Slam+1","Shrug It Off","Feel No Pain+1","Disarm","Shrug It Off","Second Wind+1","Ghostly+1","Ghostly","Ghostly","Barricade+1","Limit Break","Burning Pact","Body Slam+1","Dark Embrace","Juggernaut","Entrench","Feel No Pain+1"],"special_seed":0,"relics":["Burning Blood","Dead Branch","Bottled Tornado","Matryoshka","Dodecahedron","Potion Belt","FossilizedHelix","Red Skull","Coffee Dripper","WingedGreaves","Mango","Omamori","War Paint","Juzu Bracelet","Bag of Preparation","Fusion Hammer","Happy Flower","Whetstone","Ice Cream","Vajra","Thread and Needle","Lantern","Mercury Hourglass"],"potions_floor_usage":[53,53,53,53,53,53,53],"damage_taken":[{"damage":9.0,"enemies":"2 Louse","floor":1.0,"turns":3.0},{"damage":0.0,"enemies":"3 Sentries","floor":6.0,"turns":3.0},{"damage":7.0,"enemies":"Jaw Worm","floor":7.0,"turns":2.0},{"damage":0.0,"enemies":"Lagavulin","floor":8.0,"turns":2.0},{"damage":13.0,"enemies":"3 Sentries","floor":12.0,"turns":6.0},{"damage":0.0,"enemies":"Lagavulin","floor":14.0,"turns":2.0},{"damage":0.0,"enemies":"Hexaghost","floor":16.0,"turns":2.0},{"damage":0.0,"enemies":"Shell Parasite","floor":18.0,"turns":3.0},{"damage":0.0,"enemies":"3 Byrds","floor":19.0,"turns":2.0},{"damage":0.0,"enemies":"Shelled Parasite and Fungi","floor":22.0,"turns":3.0},{"damage":0.0,"enemies":"Gremlin Leader","floor":23.0,"turns":1.0},{"damage":0.0,"enemies":"Centurion and Healer","floor":25.0,"turns":3.0},{"damage":0.0,"enemies":"Book of Stabbing","floor":28.0,"turns":3.0},{"damage":0.0,"enemies":"Snake Plant","floor":29.0,"turns":1.0},{"damage":0.0,"enemies":"Shelled Parasite and Fungi","floor":30.0,"turns":2.0},{"damage":0.0,"enemies":"Cultist and Chosen","floor":31.0,"turns":2.0},{"damage":0.0,"enemies":"Champ","floor":33.0,"turns":3.0},{"damage":0.0,"enemies":"Orb Walker","floor":35.0,"turns":1.0},{"damage":0.0,"enemies":"3 Shapes","floor":36.0,"turns":2.0},{"damage":1.0,"enemies":"Jaw Worm Horde","floor":38.0,"turns":2.0},{"damage":0.0,"enemies":"Maw","floor":39.0,"turns":2.0},{"damage":0.0,"enemies":"Giant Head","floor":40.0,"turns":1.0},{"damage":0.0,"enemies":"Nemesis","floor":42.0,"turns":1.0},{"damage":0.0,"enemies":"2 Orb Walkers","floor":44.0,"turns":1.0},{"damage":0,"enemies":"Time Eater","floor":47,"turns":5},{"damage":0,"enemies":"Donu and Deca","floor":48,"turns":2},{"damage":0,"enemies":"Shield and Spear","floor":52,"turns":2},{"damage":0,"enemies":"The Heart","floor":53,"turns":7}],"seed_played":"-9199077179019098415","potions_obtained":[{"floor":6.0,"key":"Ancient Potion"},{"floor":12.0,"key":"Ancient Potion"},{"floor":14.0,"key":"Swift Potion"},{"floor":19.0,"key":"GamblersBrew"},{"floor":23.0,"key":"PowerPotion"},{"floor":33.0,"key":"EntropicBrew"}],"is_trial":true,"path_per_floor":["M","?","?","$","?","E","M","E","T","$","R","E","R","E","R","B",null,"M","M","?","?","M","E","?","M","T","T","E","M","M","M","R","B",null,"M","M","$","M","M","E","R","E","T","?","?","?","B","B",null,"R","$","E","B",null],"character_chosen":"IRONCLAD","items_purchased":["True Grit","Feel No Pain","Dark Embrace","Happy Flower","Lantern","Entrench"],"campfire_rested":0,"item_purchase_floors":[4,10,37,37,51,51],"current_hp_per_floor":[65,42,42,42,35,41,40,46,46,46,46,39,39,45,45,51,69,75,75,75,37,37,51,51,51,51,51,51,51,51,51,51,51,51,51,51,51,51,51,51,51,51,51,51,51,51,51,51,51,51,51,51,51],"gold":54,"neow_bonus":"","is_prod":false,"is_daily":false,"chose_seed":false,"campfire_upgraded":4,"win_rate":0,"timestamp":1560271911,"path_taken":["M","?","?","$","?","E","?","E","T","?","R","E","R","E","R","BOSS","M","M","?","?","M","E","?","?","T","?","E","M","M","M","R","BOSS","M","M","$","M","M","E","R","E","T","?","?","?","BOSS","BOSS","R","$","E","BOSS"],"build_version":"2019-01-23","purchased_purges":1,"victory":true,"max_hp_per_floor":[75,75,75,75,75,75,75,75,75,75,75,75,75,75,75,75,75,75,75,75,37,37,51,51,51,51,51,51,51,51,51,51,51,51,51,51,51,51,51,51,51,51,51,51,51,51,51,51,51,51,51,51,51],"card_choices":[{"not_picked":["Wild Strike","True Grit"],"picked":"Havoc","floor":1.0},{"not_picked":["Armaments","Rupture"],"picked":"Reaper","floor":6.0},{"not_picked":["Cleave","True Grit"],"picked":"Body Slam","floor":7.0},{"not_picked":["True Grit","Pommel Strike"],"picked":"Shrug It Off","floor":8.0},{"not_picked":["Limit Break","Inflame"],"picked":"Disarm","floor":12.0},{"not_picked":["Clothesline","Flex"],"picked":"Shrug It Off","floor":14.0},{"not_picked":["Pummel","Flex"],"picked":"Second Wind+1","floor":18.0},{"not_picked":["True Grit","Blood for Blood","Heavy Blade"],"picked":"SKIP","floor":19.0},{"not_picked":["Warcry","Intimidate","Double Tap"],"picked":"SKIP","floor":22.0},{"not_picked":["Armaments","Twin Strike","Pommel Strike"],"picked":"SKIP","floor":23.0},{"not_picked":["Flex","Iron Wave","Feed"],"picked":"SKIP","floor":25.0},{"not_picked":["Flex","Uppercut","Pummel"],"picked":"SKIP","floor":28.0},{"not_picked":["Metallicize+1","Warcry"],"picked":"Burning Pact","floor":29.0},{"not_picked":["Body Slam","Pommel Strike","Iron Wave"],"picked":"SKIP","floor":30.0},{"not_picked":["Disarm+1","Warcry+1","Clothesline"],"picked":"SKIP","floor":31.0},{"not_picked":["Sword Boomerang+1","Warcry","Thunderclap+1"],"picked":"SKIP","floor":35.0},{"not_picked":["Headbutt","Shrug It Off"],"picked":"Body Slam","floor":36.0},{"not_picked":["Bloodletting","Heavy Blade","Twin Strike"],"picked":"SKIP","floor":38.0},{"not_picked":["Burning Pact","Pommel Strike"],"picked":"Juggernaut","floor":39.0},{"not_picked":["Iron Wave+1","Disarm","Metallicize"],"picked":"SKIP","floor":40.0},{"not_picked":["Sword Boomerang","Iron Wave","Perfected Strike"],"picked":"SKIP","floor":42.0},{"not_picked":["Bludgeon","Havoc"],"picked":"Feel No Pain+1","floor":52}],"player_experience":5332642,"relics_obtained":[{"floor":6.0,"key":"Matryoshka"},{"floor":8.0,"key":"Dodecahedron"},{"floor":9.0,"key":"Potion Belt"},{"floor":12.0,"key":"FossilizedHelix"},{"floor":14.0,"key":"Red Skull"},{"floor":23.0,"key":"Mango"},{"floor":26.0,"key":"Omamori"},{"floor":26.0,"key":"War Paint"},{"floor":27.0,"key":"Juzu Bracelet"},{"floor":28.0,"key":"Bag of Preparation"},{"floor":40.0,"key":"Whetstone"},{"floor":42.0,"key":"Ice Cream"},{"floor":43.0,"key":"Vajra"},{"floor":44.0,"key":"Thread and Needle"},{"floor":52,"key":"Mercury Hourglass"}],"event_choices":[{"damage_healed":0.0,"max_hp_gain":0.0,"max_hp_loss":0.0,"gold_gain":0.0,"event_name":"Shining Light","player_choice":"Entered Light","floor":2.0,"gold_loss":0.0,"damage_taken":23.0,"cards_upgraded":["Defend_R","Havoc"]},{"cards_removed":["Strike_R"],"damage_healed":0.0,"max_hp_gain":0.0,"max_hp_loss":0.0,"gold_gain":0.0,"event_name":"Living Wall","player_choice":"Forget","floor":3.0,"gold_loss":0.0,"damage_taken":0.0},{"cards_removed":["Strike_R"],"damage_healed":0.0,"max_hp_gain":0.0,"max_hp_loss":0.0,"gold_gain":0.0,"event_name":"Golden Wing","player_choice":"Card Removal","floor":5.0,"gold_loss":0.0,"damage_taken":7.0},{"damage_healed":0.0,"max_hp_gain":0.0,"max_hp_loss":0.0,"gold_gain":0.0,"event_name":"Addict","player_choice":"Obtained Relic","floor":20.0,"gold_loss":85.0,"damage_taken":0.0,"relics_obtained":["WingedGreaves"]},{"damage_healed":0.0,"max_hp_gain":0.0,"max_hp_loss":38.0,"gold_gain":0.0,"event_name":"Ghosts","player_choice":"Became a Ghost","floor":21.0,"gold_loss":0.0,"damage_taken":0.0,"cards_obtained":["Ghostly","Ghostly","Ghostly"]},{"damage_healed":0.0,"max_hp_gain":0.0,"max_hp_loss":0.0,"gold_gain":0.0,"cards_transformed":["Strike_R","Strike_R"],"event_name":"Drug Dealer","player_choice":"Became Test Subject","floor":24.0,"gold_loss":0.0,"damage_taken":0.0,"cards_obtained":["Barricade","Limit Break"]},{"damage_healed":0.0,"max_hp_gain":0.0,"max_hp_loss":0.0,"gold_gain":0.0,"event_name":"Mysterious Sphere","player_choice":"Fight","floor":44.0,"gold_loss":0.0,"damage_taken":0.0},{"damage_healed":0.0,"max_hp_gain":0.0,"max_hp_loss":0.0,"gold_gain":0.0,"event_name":"Tomb of Lord Red Mask","player_choice":"Ignored","floor":45.0,"gold_loss":0.0,"damage_taken":0.0},{"damage_healed":0,"gold_gain":0,"player_choice":"Took Portal","damage_taken":0,"max_hp_gain":0,"max_hp_loss":0,"event_name":"SecretPortal","floor":46,"gold_loss":0}],"is_beta":false,"boss_relics":[{"not_picked":["Tiny House","Runic Pyramid"],"picked":"Coffee Dripper"},{"not_picked":["Pandora\u0027s Box","Black Blood"],"picked":"Fusion Hammer"}],"items_purged_floors":[4],"is_endless":false,"potions_floor_spawned":[6,12,14,19,23,28,31,33,38,40],"ascension_level":20}