{"gold_per_floor":[116,130,205,225,244,272,272,272,318,331,361,380,380,390,390,463,463,480,240,240,240,260,260],"floor_reached":23,"playtime":624,"items_purged":["Perfected Strike"],"score":406,"play_id":"9d8366ad-ff30-4df9-8ddb-a613f20bb20e","local_time":"20190711000544","is_ascension_mode":true,"campfire_choices":[{"floor":7.0,"key":"REST"},{"data":"Berserk","floor":13.0,"key":"SMITH"},{"data":"Combust","floor":15.0,"key":"SMITH"}],"neow_cost":"PERCENT_DAMAGE","seed_source_timestamp":22486074924600,"circlet_count":0,"master_deck":["AscendersBane","Bash","Anger","Intimidate","Flame Barrier","Clothesline","Shockwave","Dropkick","Berserk+1","Combust+1","Exhume","Limit Break","Rupture","Limit Break","Havoc","Exhume","Body Slam","Brutality","Limit Break","Battle Trance","Warcry","Power Through","Evolve","RitualDagger","Demon Form","Blood for Blood"],"special_seed":0,"relics":["Burning Blood","Charon\u0027s Ashes","Matryoshka","Lantern","Omamori","Ginger","Pandora\u0027s Box"],"potions_floor_usage":[23],"damage_taken":[{"damage":14.0,"enemies":"2 Louse","floor":1.0,"turns":4.0},{"damage":0.0,"enemies":"Small Slimes","floor":2.0,"turns":3.0},{"damage":0.0,"enemies":"Cultist","floor":4.0,"turns":2.0},{"damage":9.0,"enemies":"Gremlin Gang","floor":5.0,"turns":4.0},{"damage":28.0,"enemies":"Lagavulin","floor":6.0,"turns":7.0},{"damage":4.0,"enemies":"Exordium Wildlife","floor":10.0,"turns":3.0},{"damage":6.0,"enemies":"Gremlin Nob","floor":11.0,"turns":3.0},{"damage":1.0,"enemies":"3 Louse","floor":12.0,"turns":3.0},{"damage":10.0,"enemies":"Blue Slaver","floor":14.0,"turns":4.0},{"damage":37.0,"enemies":"Slime Boss","floor":16.0,"turns":7.0},{"damage":7,"enemies":"3 Byrds","floor":18,"turns":3},{"damage":26,"enemies":"Shell Parasite","floor":22,"turns":5},{"damage":37,"enemies":"Slavers","floor":23,"turns":2}],"seed_played":"-1588744015730546969","potions_obtained":[{"floor":4.0,"key":"SkillPotion"},{"floor":5.0,"key":"Explosive Potion"},{"floor":6.0,"key":"SkillPotion"},{"floor":11.0,"key":"EssenceOfSteel"},{"floor":22,"key":"Strength Potion"}],"is_trial":false,"path_per_floor":["M","M","?","M","M","E","R","?","T","M","E","M","R","M","R","B",null,"M","$","?","?","M","E"],"character_chosen":"IRONCLAD","items_purchased":["Power Through","Evolve"],"campfire_rested":1,"item_purchase_floors":[19,19],"current_hp_per_floor":[42,48,37,43,40,18,40,45,45,47,47,52,52,48,48,17,64,63,63,57,57,37,0],"gold":260,"neow_bonus":"ONE_RARE_RELIC","is_prod":false,"is_daily":false,"chose_seed":false,"campfire_upgraded":2,"win_rate":0,"timestamp":1562771144,"path_taken":["M","M","?","M","M","E","R","?","T","M","E","M","R","M","R","BOSS","M","$","?","?","M","E"],"build_version":"2019-07-05","purchased_purges":1,"victory":false,"max_hp_per_floor":[75,75,75,75,75,75,75,80,80,80,80,80,80,80,80,80,80,80,80,80,80,80,80],"card_choices":[{"not_picked":["Armaments","Iron Wave"],"picked":"Anger","floor":1.0},{"not_picked":["Fire Breathing","Sword Boomerang"],"picked":"Intimidate","floor":2.0},{"not_picked":["Clash","Sentinel"],"picked":"Flame Barrier","floor":4.0},{"not_picked":["Sword Boomerang","Twin Strike"],"picked":"Clothesline","floor":5.0},{"not_picked":["Armaments","Ghostly Armor"],"picked":"Shockwave","floor":6.0},{"not_picked":["Body Slam","Sentinel"],"picked":"Dropkick","floor":10.0},{"not_picked":["Bloodletting","Cleave"],"picked":"Berserk","floor":11.0},{"not_picked":["Heavy Blade","Sentinel"],"picked":"Combust","floor":12.0},{"not_picked":["Armaments","Entrench"],"picked":"Perfected Strike","floor":14.0},{"not_picked":["Double Tap","Berserk"],"picked":"Exhume","floor":16.0},{"not_picked":["Uppercut","Shockwave"],"picked":"Warcry","floor":18},{"not_picked":["Perfected Strike","Bloodletting"],"picked":"Blood for Blood","floor":22}],"player_experience":5638145,"relics_obtained":[{"floor":6.0,"key":"Matryoshka"},{"floor":9.0,"key":"Lantern"},{"floor":9.0,"key":"Omamori"},{"floor":11.0,"key":"Ginger"}],"event_choices":[{"damage_healed":0.0,"max_hp_gain":0.0,"max_hp_loss":0.0,"gold_gain":75.0,"event_name":"World of Goop","player_choice":"Gather Gold","floor":3.0,"gold_loss":0.0,"damage_taken":11.0},{"damage_healed":0.0,"max_hp_gain":5.0,"max_hp_loss":0.0,"gold_gain":0.0,"event_name":"Big Fish","player_choice":"Donut","floor":8.0,"gold_loss":0.0,"damage_taken":0.0},{"damage_healed":0,"gold_gain":0,"player_choice":"Joined the Cult","damage_taken":6,"max_hp_gain":0,"max_hp_loss":0,"event_name":"Nest","floor":20,"gold_loss":0,"cards_obtained":["RitualDagger"]},{"damage_healed":0,"gold_gain":0,"player_choice":"1 cards matched","damage_taken":0,"max_hp_gain":0,"max_hp_loss":0,"event_name":"Match and Keep!","floor":21,"gold_loss":0,"cards_obtained":["Demon Form"]}],"is_beta":false,"boss_relics":[{"not_picked":["Orrery","White Beast Statue"],"picked":"Pandora\u0027s Box"}],"items_purged_floors":[19],"is_endless":false,"potions_floor_spawned":[4,5,6,11,22],"killed_by":"Slavers","ascension_level":20}