{"gold_per_floor":[112,112,126,139,61,61,104,29,29,29,72,72,86,101,101,101],"floor_reached":16,"playtime":423,"items_purged":[],"score":220,"play_id":"9e5585a7-27e4-4342-a7eb-6261a6512334","local_time":"20190512025455","is_ascension_mode":true,"campfire_choices":[{"data":"Skewer","floor":6,"key":"SMITH"},{"data":"Phantasmal Killer","floor":12,"key":"SMITH"},{"data":"Outmaneuver","floor":15,"key":"SMITH"}],"neow_cost":"NONE","seed_source_timestamp":550359798970100,"circlet_count":0,"master_deck":["AscendersBane","Defend_G","Defend_G","Defend_G","Defend_G","Strike_G","Strike_G","Strike_G","Strike_G","Survivor","Neutralize","Quick Slash","Blur","Flying Knee","Skewer+1","Calculated Gamble","Phantasmal Killer+1","Escape Plan","Outmaneuver+1"],"relics":["Ring of the Snake","Golden Idol","Art of War","Pear","Blood Vial"],"potions_floor_usage":[7,16],"damage_taken":[{"damage":0,"enemies":"Jaw Worm","floor":1,"turns":5},{"damage":2,"enemies":"2 Louse","floor":3,"turns":4},{"damage":1,"enemies":"Cultist","floor":4,"turns":4},{"damage":27,"enemies":"3 Sentries","floor":7,"turns":11},{"damage":18,"enemies":"Lagavulin","floor":11,"turns":10},{"damage":0,"enemies":"Looter","floor":13,"turns":2},{"damage":7,"enemies":"Exordium Thugs","floor":14,"turns":4},{"damage":40,"enemies":"Hexaghost","floor":16,"turns":9}],"seed_played":"2971743512232271022","potions_obtained":[{"floor":1,"key":"Weak Potion"},{"floor":4,"key":"Swift Potion"},{"floor":11,"key":"FairyPotion"}],"is_trial":false,"path_per_floor":["M","?","M","M","$","R","E","?","T","?","E","R","M","M","R","B"],"character_chosen":"THE_SILENT","items_purchased":["Skewer"],"campfire_rested":0,"item_purchase_floors":[5],"current_hp_per_floor":[65,65,63,62,62,62,35,35,45,45,27,27,29,24,24,0],"gold":101,"neow_bonus":"TEN_PERCENT_HP_BONUS","is_prod":false,"is_daily":false,"chose_seed":false,"campfire_upgraded":3,"win_rate":0,"timestamp":1557597295,"path_taken":["M","?","M","M","$","R","E","?","T","?","E","R","M","M","R","BOSS"],"build_version":"2019-01-23","purchased_purges":0,"victory":false,"max_hp_per_floor":[72,65,65,65,65,65,65,65,75,75,75,75,75,75,75,75],"card_choices":[{"not_picked":["Calculated Gamble","Backflip"],"picked":"Quick Slash","floor":1},{"not_picked":["Sucker Punch","Slice"],"picked":"Blur","floor":3},{"not_picked":["Choke","Deflect"],"picked":"Flying Knee","floor":4},{"not_picked":["Outmaneuver","Prepared"],"picked":"Calculated Gamble","floor":7},{"not_picked":["PiercingWail","Deflect"],"picked":"Phantasmal Killer","floor":11},{"not_picked":["PiercingWail","Blur"],"picked":"Escape Plan","floor":13},{"not_picked":["Acrobatics","Slice"],"picked":"Outmaneuver","floor":14}],"player_experience":4995151,"relics_obtained":[{"floor":7,"key":"Art of War"},{"floor":9,"key":"Pear"},{"floor":11,"key":"Blood Vial"}],"event_choices":[{"damage_healed":0,"gold_gain":0,"player_choice":"Lose Max HP","damage_taken":0,"relics_obtained":["Golden Idol"],"max_hp_gain":0,"max_hp_loss":7,"event_name":"Golden Idol","floor":2,"gold_loss":0},{"cards_removed":["Strike_G"],"damage_healed":0,"gold_gain":0,"player_choice":"Card Removal","damage_taken":0,"max_hp_gain":0,"max_hp_loss":0,"event_name":"The Cleric","floor":8,"gold_loss":75},{"cards_removed":["Defend_G"],"damage_healed":0,"gold_gain":0,"player_choice":"Offered Basic","damage_taken":0,"max_hp_gain":0,"max_hp_loss":0,"event_name":"Bonfire Elementals","floor":10,"gold_loss":0}],"is_beta":false,"boss_relics":[],"items_purged_floors":[],"is_endless":false,"potions_floor_spawned":[1,4,11,14],"killed_by":"Hexaghost","ascension_level":20}