{"gold_per_floor":[118,137,153,164,164,189,189,215,239,239,269,289,289,289,289,386,386,398,413,413,328,16,16,44,44,44,69,69,86,121,134,134,235,235,252,265,73,91,103,131,131,160,160,14,34,49,84,84,84,84],"floor_reached":51,"playtime":2212,"items_purged":[],"score":1275,"play_id":"c5649ea6-b397-4697-b261-5ef85d90f816","local_time":"20190712005830","daily_mods":["SealedDeck","Elite Swarm","Binary"],"is_ascension_mode":true,"campfire_choices":[{"data":"Seeing Red","floor":7.0,"key":"SMITH"},{"data":"Armaments","floor":10.0,"key":"SMITH"},{"data":"Heavy Blade","floor":13.0,"key":"SMITH"},{"data":"Sword Boomerang","floor":15.0,"key":"SMITH"},{"data":"Feed","floor":23.0,"key":"SMITH"},{"data":"Shrug It Off","floor":25.0,"key":"SMITH"},{"data":"Intimidate","floor":32.0,"key":"SMITH"},{"data":"Shrug It Off","floor":41.0,"key":"SMITH"},{"data":"Doubt","floor":49,"key":"PURGE"}],"neow_cost":"","seed_source_timestamp":1768698908577525,"circlet_count":0,"master_deck":["Seeing Red+1","Ghostly Armor","Iron Wave","Iron Wave","Iron Wave","Sword Boomerang+1","Heavy Blade+1","Shrug It Off+1","Armaments+1","Spot Weakness+1","Offering","Shrug It Off+1","Feed+1","Bludgeon","Intimidate+1","Clothesline+1","Offering","Shame"],"special_seed":0,"relics":["Burning Blood","Busted Crown","Blue Candle","Art of War","Ancient Tea Set","Question Card","Cursed Key","Pear","Red Skull","Blood Vial","Ornamental Fan","Peace Pipe","Philosopher\u0027s Stone","Sling","Boot","Orichalcum","Letter Opener","PreservedInsect","Toxic Egg 2"],"potions_floor_usage":[50,50],"damage_taken":[{"damage":0.0,"enemies":"Cultist","floor":1.0,"turns":2.0},{"damage":0.0,"enemies":"Jaw Worm","floor":2.0,"turns":2.0},{"damage":0.0,"enemies":"2 Louse","floor":3.0,"turns":1.0},{"damage":0.0,"enemies":"Blue Slaver","floor":4.0,"turns":3.0},{"damage":0.0,"enemies":"Gremlin Nob","floor":6.0,"turns":2.0},{"damage":0.0,"enemies":"Lagavulin","floor":8.0,"turns":6.0},{"damage":6.0,"enemies":"Gremlin Nob","floor":11.0,"turns":4.0},{"damage":0.0,"enemies":"Exordium Wildlife","floor":12.0,"turns":4.0},{"damage":5.0,"enemies":"Hexaghost","floor":16.0,"turns":7.0},{"damage":6.0,"enemies":"3 Byrds","floor":18.0,"turns":4.0},{"damage":6.0,"enemies":"Spheric Guardian","floor":19.0,"turns":3.0},{"damage":6.0,"enemies":"Gremlin Leader","floor":24.0,"turns":5.0},{"damage":0.0,"enemies":"Book of Stabbing","floor":27.0,"turns":3.0},{"damage":6.0,"enemies":"Snake Plant","floor":29.0,"turns":4.0},{"damage":6.0,"enemies":"Gremlin Leader","floor":30.0,"turns":3.0},{"damage":6.0,"enemies":"Shelled Parasite and Fungi","floor":31.0,"turns":4.0},{"damage":6.0,"enemies":"Collector","floor":33.0,"turns":12.0},{"damage":7.0,"enemies":"Orb Walker","floor":35.0,"turns":4.0},{"damage":22.0,"enemies":"3 Darklings","floor":36.0,"turns":3.0},{"damage":6.0,"enemies":"Spire Growth","floor":38.0,"turns":4.0},{"damage":9.0,"enemies":"Writhing Mass","floor":39.0,"turns":6.0},{"damage":18.0,"enemies":"Nemesis","floor":40.0,"turns":5.0},{"damage":31.0,"enemies":"Giant Head","floor":42.0,"turns":7.0},{"damage":15,"enemies":"Sphere and 2 Shapes","floor":45,"turns":3},{"damage":18,"enemies":"Maw","floor":46,"turns":6},{"damage":32,"enemies":"Reptomancer","floor":47,"turns":4},{"damage":44,"enemies":"Donu and Deca","floor":50,"turns":8}],"seed_played":"-6658716046028387825","potions_obtained":[{"floor":1.0,"key":"Dexterity Potion"},{"floor":3.0,"key":"SteroidPotion"},{"floor":4.0,"key":"Explosive Potion"},{"floor":12.0,"key":"SneckoOil"},{"floor":19.0,"key":"Weak Potion"},{"floor":27.0,"key":"SpeedPotion"},{"floor":29.0,"key":"AttackPotion"},{"floor":31.0,"key":"PowerPotion"},{"floor":33.0,"key":"Explosive Potion"},{"floor":35.0,"key":"SteroidPotion"},{"floor":38.0,"key":"Swift Potion"},{"floor":39.0,"key":"Dexterity Potion"}],"is_trial":true,"path_per_floor":["M","M","M","M","$","E","R","E","T","R","E","M","R","?","R","B",null,"M","M","T","?","$","R","E","R","T","E","?","M","E","M","R","B",null,"M","M","$","M","M","E","R","E","T","$","M","M","E","?","R","B",null],"character_chosen":"IRONCLAD","items_purchased":["Red Skull","Feed","Sling","PreservedInsect"],"campfire_rested":0,"item_purchase_floors":[22,22,37,44],"current_hp_per_floor":[80,80,80,80,80,80,80,80,80,80,80,80,80,80,80,80,80,80,80,80,90,90,90,94,94,94,98,98,102,106,110,110,114,114,117,106,106,108,111,101,101,78,78,78,75,65,45,134,134,100],"gold":84,"neow_bonus":"","is_prod":false,"is_daily":false,"chose_seed":false,"campfire_upgraded":8,"win_rate":0,"timestamp":1562889510,"path_taken":["M","?","M","M","$","E","R","E","T","R","E","M","R","?","R","BOSS","M","M","?","?","$","R","E","R","T","E","?","M","E","M","R","BOSS","M","M","$","M","M","E","R","E","T","$","M","M","E","?","R","BOSS"],"build_version":"2019-07-05","purchased_purges":0,"victory":true,"max_hp_per_floor":[80,80,80,80,80,80,80,80,80,80,80,80,80,80,80,80,80,80,80,80,90,90,90,94,94,94,98,98,102,106,110,110,114,114,118,122,122,122,126,126,126,126,126,126,130,130,134,134,134,138],"card_choices":[{"not_picked":["Combust"],"picked":"SKIP","floor":12.0},{"not_picked":[],"picked":"Offering","floor":16.0},{"not_picked":[],"picked":"Shrug It Off","floor":18.0},{"not_picked":["Sentinel"],"picked":"SKIP","floor":19.0},{"not_picked":["Brutality"],"picked":"SKIP","floor":24.0},{"not_picked":[],"picked":"Bludgeon","floor":27.0},{"not_picked":[],"picked":"Intimidate","floor":29.0},{"not_picked":["Brutality"],"picked":"SKIP","floor":30.0},{"not_picked":["Pommel Strike+1"],"picked":"SKIP","floor":31.0},{"not_picked":["Corruption"],"picked":"SKIP","floor":35.0},{"not_picked":["Perfected Strike+1"],"picked":"SKIP","floor":36.0},{"not_picked":[],"picked":"Clothesline+1","floor":38.0},{"not_picked":["Sword Boomerang+1"],"picked":"SKIP","floor":39.0},{"not_picked":["Dark Embrace"],"picked":"SKIP","floor":40.0},{"not_picked":[],"picked":"Offering","floor":42.0},{"not_picked":["Headbutt+1"],"picked":"SKIP","floor":45},{"not_picked":["Wild Strike+1"],"picked":"SKIP","floor":46},{"not_picked":["Bludgeon"],"picked":"SKIP","floor":47}],"player_experience":369231,"relics_obtained":[{"floor":6.0,"key":"Blue Candle"},{"floor":8.0,"key":"Art of War"},{"floor":9.0,"key":"Ancient Tea Set"},{"floor":11.0,"key":"Question Card"},{"floor":24.0,"key":"Blood Vial"},{"floor":27.0,"key":"Ornamental Fan"},{"floor":30.0,"key":"Peace Pipe"},{"floor":40.0,"key":"Boot"},{"floor":42.0,"key":"Orichalcum"},{"floor":43.0,"key":"Letter Opener"},{"floor":47,"key":"Toxic Egg 2"}],"event_choices":[{"damage_healed":0.0,"max_hp_gain":0.0,"max_hp_loss":0.0,"gold_gain":0.0,"event_name":"Upgrade Shrine","player_choice":"Upgraded","floor":14.0,"gold_loss":0.0,"damage_taken":0.0,"cards_upgraded":["Spot Weakness"]},{"damage_healed":0.0,"max_hp_gain":0.0,"max_hp_loss":0.0,"gold_gain":0.0,"event_name":"Addict","player_choice":"Obtained Relic","floor":21.0,"gold_loss":85.0,"damage_taken":0.0,"relics_obtained":["Pear"]},{"damage_healed":0.0,"max_hp_gain":0.0,"max_hp_loss":0.0,"gold_gain":0.0,"event_name":"Back to Basics","player_choice":"Simplicity","floor":28.0,"gold_loss":0.0,"damage_taken":0.0,"cards_upgraded":[]},{"damage_healed":89,"gold_gain":0,"player_choice":"Heal","damage_taken":0,"max_hp_gain":0,"max_hp_loss":0,"event_name":"MindBloom","floor":48,"gold_loss":0,"cards_obtained":["Doubt"]}],"is_beta":false,"boss_relics":[{"not_picked":["Fusion Hammer","Black Blood"],"picked":"Cursed Key"},{"not_picked":["Eternal Feather","Runic Cube"],"picked":"Philosopher\u0027s Stone"}],"items_purged_floors":[],"is_endless":false,"potions_floor_spawned":[1,3,4,12,19,27,29,31,33,35,38,39],"ascension_level":5}