{"gold_per_floor":[112,132,132,149,160,160,178,207,207,207,237,256,37,51,51,130,130,147,147,62,77,77,106,118,161,173,185,211,223,254,266,278,362,374,400,432,456,487,237,263,282,299,377,377,477,477,487,507,507,507,507,507,507,37,66,66],"floor_reached":57,"playtime":2653,"items_purged":["Strike_G","Writhe","Defend_G+1"],"score":2851,"play_id":"90951f19-e77c-47ae-a92a-597b5c5a760b","local_time":"20190608005201","is_ascension_mode":true,"campfire_choices":[{"floor":6,"key":"REST"},{"data":"Cloak And Dagger","floor":10,"key":"SMITH"},{"data":"Blade Dance","floor":15,"key":"SMITH"},{"data":"Acrobatics","floor":24,"key":"SMITH"},{"data":"Neutralize","floor":27,"key":"SMITH"},{"data":"Terror","floor":32,"key":"SMITH"},{"floor":44,"key":"RECALL"},{"data":"Cloak And Dagger","floor":49,"key":"SMITH"},{"data":"Burst","floor":53,"key":"SMITH"}],"neow_cost":"","seed_source_timestamp":0,"circlet_count":0,"master_deck":["AscendersBane","Defend_G+1","Defend_G+1","Defend_G+1","Strike_G+1","Survivor","Neutralize+1","Poisoned Stab","Flechettes","Backstab","Escape Plan","Adrenaline","Cloak And Dagger+1","Terror+1","Tactician","Acrobatics+1","Die Die Die","Blade Dance+1","Burst+1","Endless Agony","Backflip","Skewer","Prepared+1","Malaise","Backflip","PiercingWail","After Image","Calculated Gamble+1","Cloak And Dagger+1","Cloak And Dagger+1","PiercingWail","Dark Shackles"],"relics":["Ring of the Snake","Shuriken","Kunai","Bronze Scales","Pear","Meat on the Bone","Sozu","Mercury Hourglass","Regal Pillow","MawBank","Letter Opener","Incense Burner","Coffee Dripper","Blood Vial","Centennial Puzzle","Thread and Needle","Chemical X","Pen Nib"],"potions_floor_usage":[11,11,16,23],"damage_taken":[{"damage":2,"enemies":"2 Louse","floor":1,"turns":4},{"damage":12,"enemies":"Jaw Worm","floor":2,"turns":4},{"damage":7,"enemies":"Small Slimes","floor":4,"turns":5},{"damage":1,"enemies":"3 Louse","floor":5,"turns":3},{"damage":4,"enemies":"Red Slaver","floor":7,"turns":3},{"damage":9,"enemies":"Lagavulin","floor":8,"turns":5},{"damage":8,"enemies":"Gremlin Nob","floor":11,"turns":3},{"damage":0,"enemies":"Blue Slaver","floor":12,"turns":2},{"damage":0,"enemies":"3 Louse","floor":14,"turns":3},{"damage":7,"enemies":"Hexaghost","floor":16,"turns":5},{"damage":7,"enemies":"2 Thieves","floor":18,"turns":2},{"damage":0,"enemies":"Chosen","floor":21,"turns":3},{"damage":0,"enemies":"Gremlin Leader","floor":23,"turns":3},{"damage":14,"enemies":"Slavers","floor":25,"turns":3},{"damage":27,"enemies":"Shelled Parasite and Fungi","floor":28,"turns":2},{"damage":0,"enemies":"Sentry and Sphere","floor":30,"turns":2},{"damage":7,"enemies":"Collector","floor":33,"turns":6},{"damage":0,"enemies":"3 Shapes","floor":35,"turns":3},{"damage":0,"enemies":"Orb Walker","floor":36,"turns":2},{"damage":9,"enemies":"Jaw Worm Horde","floor":37,"turns":2},{"damage":0,"enemies":"Transient","floor":38,"turns":6},{"damage":0,"enemies":"Giant Head","floor":40,"turns":6},{"damage":0,"enemies":"Maw","floor":41,"turns":5},{"damage":0,"enemies":"Spire Growth","floor":42,"turns":3},{"damage":0,"enemies":"Mind Bloom Boss Battle","floor":45,"turns":10},{"damage":0,"enemies":"3 Darklings","floor":47,"turns":5},{"damage":0,"enemies":"Jaw Worm Horde","floor":48,"turns":5},{"damage":11,"enemies":"Time Eater","floor":50,"turns":10},{"damage":6,"enemies":"Awakened One","floor":51,"turns":15},{"damage":0,"enemies":"Shield and Spear","floor":55,"turns":5},{"damage":57,"enemies":"The Heart","floor":56,"turns":8}],"seed_played":"487310199590478830","potions_obtained":[{"floor":2,"key":"GamblersBrew"},{"floor":7,"key":"GamblersBrew"},{"floor":8,"key":"Regen Potion"},{"floor":11,"key":"SpeedPotion"},{"floor":12,"key":"Strength Potion"},{"floor":14,"key":"SteroidPotion"}],"is_trial":true,"path_per_floor":["M","M","?","M","M","R","M","E","T","R","E","M","$","M","R","B",null,"M","?","?","M","?","E","R","E","T","R","M","?","M","?","R","B",null,"M","M","M","M","$","E","M","M","T","R","?","?","M","M","R","B","B",null,"R","$","E","B",null],"character_chosen":"THE_SILENT","items_purchased":["Acrobatics","Die Die Die","Blood Vial","PiercingWail","Dark Shackles","Chemical X"],"campfire_rested":1,"item_purchase_floors":[13,13,39,54,54,54],"current_hp_per_floor":[57,45,38,31,30,49,45,36,46,46,47,47,47,47,47,40,67,60,60,60,60,60,60,60,46,46,46,31,31,43,43,43,48,69,69,69,60,60,60,62,64,66,66,66,68,68,70,72,72,63,59,72,72,72,74,31],"gold":66,"neow_bonus":"","is_prod":false,"is_daily":false,"chose_seed":false,"campfire_upgraded":7,"win_rate":0,"timestamp":1559922721,"path_taken":["M","M","?","M","M","R","M","E","T","R","E","M","$","M","R","BOSS","M","?","?","M","?","E","R","E","T","R","M","?","?","?","R","BOSS","M","M","M","M","$","E","M","M","T","R","?","?","M","M","R","BOSS","BOSS","R","$","E","BOSS"],"build_version":"2019-01-23","purchased_purges":3,"victory":true,"max_hp_per_floor":[66,66,66,66,66,66,66,66,76,76,76,76,76,76,76,76,76,76,76,76,76,76,76,76,76,76,76,76,76,76,76,76,76,76,76,76,76,76,76,76,76,76,76,76,76,76,76,76,76,76,76,76,76,76,76,76],"card_choices":[{"not_picked":["Sucker Punch","Deflect"],"picked":"Poisoned Stab","floor":1},{"not_picked":["Masterful Stab","Heel Hook"],"picked":"Flechettes","floor":2},{"not_picked":["Acrobatics","Deflect"],"picked":"Backstab","floor":4},{"not_picked":["Dodge and Roll","Quick Slash"],"picked":"Escape Plan","floor":5},{"not_picked":["Crippling Poison","Distraction"],"picked":"Adrenaline","floor":7},{"not_picked":["Footwork","Predator"],"picked":"Cloak And Dagger","floor":8},{"not_picked":["Bane","Deadly Poison"],"picked":"Terror","floor":11},{"not_picked":["Deflect","Distraction"],"picked":"Tactician","floor":12},{"not_picked":["Flechettes","Dagger Spray"],"picked":"Blade Dance","floor":14},{"not_picked":["Corpse Explosion","Tools of the Trade"],"picked":"Burst","floor":16},{"not_picked":["Bouncing Flask","Deadly Poison"],"picked":"Endless Agony","floor":18},{"not_picked":["Predator","Slice+1"],"picked":"Backflip","floor":21},{"not_picked":["Bane+1","Masterful Stab"],"picked":"Prepared+1","floor":23},{"not_picked":["Blade Dance","Skewer"],"picked":"Malaise","floor":25},{"not_picked":["Distraction","Flechettes","Flying Knee"],"picked":"SKIP","floor":28},{"not_picked":["All Out Attack","Bane","Distraction"],"picked":"SKIP","floor":30},{"not_picked":["All Out Attack","Bane","Distraction"],"picked":"SKIP","floor":30},{"not_picked":["Blade Dance","Bane"],"picked":"PiercingWail","floor":35},{"not_picked":["Deflect","Predator","Terror"],"picked":"SKIP","floor":36},{"not_picked":["Bane","Sucker Punch+1"],"picked":"After Image","floor":37},{"not_picked":["Catalyst+1","Prepared","Bouncing Flask"],"picked":"SKIP","floor":38},{"not_picked":["Outmaneuver","Doppelganger","Choke"],"picked":"SKIP","floor":40},{"not_picked":["Dagger Spray","Dagger Throw"],"picked":"Calculated Gamble+1","floor":41},{"not_picked":["Skewer+1","Concentrate"],"picked":"Cloak And Dagger","floor":42},{"not_picked":["Blade Dance","Sucker Punch+1","Leg Sweep"],"picked":"SKIP","floor":47},{"not_picked":["All Out Attack+1","Dagger Throw"],"picked":"Cloak And Dagger+1","floor":48},{"not_picked":["Glass Knife","Dagger Spray+1","Heel Hook+1"],"picked":"SKIP","floor":55},{"not_picked":["Glass Knife","Dagger Spray+1","Heel Hook+1"],"picked":"SKIP","floor":55}],"player_experience":5291000,"relics_obtained":[{"floor":8,"key":"Bronze Scales"},{"floor":9,"key":"Pear"},{"floor":11,"key":"Meat on the Bone"},{"floor":23,"key":"MawBank"},{"floor":25,"key":"Letter Opener"},{"floor":26,"key":"Incense Burner"},{"floor":40,"key":"Centennial Puzzle"},{"floor":45,"key":"Thread and Needle"},{"floor":55,"key":"Pen Nib"}],"event_choices":[{"cards_removed":["Strike_G"],"damage_healed":0,"gold_gain":0,"player_choice":"Card Removal","damage_taken":7,"max_hp_gain":0,"max_hp_loss":0,"event_name":"Golden Wing","floor":3,"gold_loss":0},{"damage_healed":0,"gold_gain":0,"player_choice":"Opened","damage_taken":0,"relics_obtained":["Mercury Hourglass"],"max_hp_gain":0,"max_hp_loss":0,"event_name":"The Mausoleum","floor":19,"gold_loss":0,"cards_obtained":["Writhe"]},{"damage_healed":0,"gold_gain":0,"player_choice":"Obtained Relic","damage_taken":0,"relics_obtained":["Regal Pillow"],"max_hp_gain":0,"max_hp_loss":0,"event_name":"Addict","floor":20,"gold_loss":85},{"damage_healed":0,"gold_gain":0,"cards_transformed":["Strike_G","Defend_G"],"player_choice":"Became Test Subject","damage_taken":0,"max_hp_gain":0,"max_hp_loss":0,"event_name":"Drug Dealer","floor":22,"gold_loss":0,"cards_obtained":["Eviscerate","Skewer"]},{"damage_healed":0,"gold_gain":0,"cards_transformed":["Eviscerate"],"player_choice":"Transformed","damage_taken":0,"max_hp_gain":0,"max_hp_loss":0,"event_name":"Transmorgrifier","floor":29,"gold_loss":0,"cards_obtained":["Backflip"]},{"damage_healed":0,"gold_gain":0,"player_choice":"Simplicity","damage_taken":0,"max_hp_gain":0,"max_hp_loss":0,"event_name":"Back to Basics","floor":31,"gold_loss":0,"cards_upgraded":["Defend_G","Defend_G","Defend_G","Defend_G","Strike_G","Strike_G"]},{"damage_healed":0,"gold_gain":0,"player_choice":"Fight","damage_taken":0,"max_hp_gain":0,"max_hp_loss":0,"event_name":"MindBloom","floor":45,"gold_loss":0},{"cards_removed":["Strike_G"],"damage_healed":0,"gold_gain":0,"player_choice":"Removed Attack","damage_taken":0,"max_hp_gain":0,"max_hp_loss":0,"event_name":"Falling","floor":46,"gold_loss":0}],"is_beta":false,"boss_relics":[{"not_picked":["HoveringKite","Philosopher\u0027s Stone"],"picked":"Sozu"},{"not_picked":["Calling Bell","Black Star"],"picked":"Coffee Dripper"}],"items_purged_floors":[13,39,54],"is_endless":false,"potions_floor_spawned":[2,7,8,11,12,14,18,25,28,35,41,47,48],"ascension_level":20}