{"gold_per_floor":[113,133,58,58,75,109,109,143,143,143],"floor_reached":10,"playtime":283,"items_purged":[],"score":152,"play_id":"ef869365-d4a3-4b0b-afab-bd8dbddacb48","local_time":"20190509234923","is_ascension_mode":true,"campfire_choices":[{"floor":7,"key":"REST"}],"neow_cost":"NONE","seed_source_timestamp":366548339567200,"circlet_count":0,"master_deck":["AscendersBane","Defend_G","Defend_G","Defend_G","Defend_G","Strike_G","Strike_G","Strike_G","Strike_G","Survivor","Neutralize","Backflip","Quick Slash","Crippling Poison","Skewer","All Out Attack","Predator","Heel Hook"],"special_seed":0,"relics":["Ring of the Snake","Orichalcum","Kunai","Bag of Preparation"],"potions_floor_usage":[8],"damage_taken":[{"damage":1.0,"enemies":"Small Slimes","floor":1.0,"turns":5.0},{"damage":1.0,"enemies":"Cultist","floor":2.0,"turns":5.0},{"damage":1,"enemies":"Jaw Worm","floor":5,"turns":4},{"damage":51,"enemies":"Lagavulin","floor":6,"turns":7},{"damage":12,"enemies":"3 Sentries","floor":8,"turns":5},{"damage":8,"enemies":"Exordium Wildlife","floor":10,"turns":3}],"seed_played":"-8547337492912843421","potions_obtained":[{"floor":1.0,"key":"SkillPotion"},{"floor":6,"key":"Strength Potion"}],"is_trial":false,"path_per_floor":["M","M","?","?","M","E","R","E","T","M"],"character_chosen":"THE_SILENT","items_purchased":[],"campfire_rested":1,"item_purchase_floors":[],"current_hp_per_floor":[58,57,57,57,56,5,24,12,12,4],"gold":143,"neow_bonus":"TRANSFORM_CARD","is_prod":false,"is_daily":false,"chose_seed":false,"campfire_upgraded":0,"win_rate":0,"timestamp":1557413363,"path_taken":["M","M","?","?","M","E","R","E","T","?"],"build_version":"2019-01-23","purchased_purges":0,"victory":false,"max_hp_per_floor":[66,66,66,66,66,66,66,66,66,66],"card_choices":[{"not_picked":["Deadly Poison","Backflip"],"picked":"Quick Slash","floor":1.0},{"not_picked":["PiercingWail","Footwork"],"picked":"Crippling Poison","floor":2.0},{"not_picked":["Dodge and Roll","Accuracy"],"picked":"All Out Attack","floor":5},{"not_picked":["Footwork","Acrobatics"],"picked":"Predator","floor":6},{"not_picked":["Quick Slash","Doppelganger"],"picked":"Heel Hook","floor":8}],"player_experience":4962140,"relics_obtained":[{"floor":6,"key":"Orichalcum"},{"floor":8,"key":"Kunai"},{"floor":9,"key":"Bag of Preparation"}],"event_choices":[{"cards_removed":["Strike_G"],"damage_healed":0.0,"max_hp_gain":0.0,"max_hp_loss":0.0,"gold_gain":0.0,"event_name":"The Cleric","player_choice":"Card Removal","floor":3.0,"gold_loss":75.0,"damage_taken":0.0},{"damage_healed":0,"gold_gain":0,"player_choice":"1 cards matched","damage_taken":0,"max_hp_gain":0,"max_hp_loss":0,"event_name":"Match and Keep!","floor":4,"gold_loss":0,"cards_obtained":["Skewer"]}],"is_beta":false,"boss_relics":[],"items_purged_floors":[],"is_endless":false,"potions_floor_spawned":[1,6],"killed_by":"Exordium Wildlife","ascension_level":20}