{"gold_per_floor":[117,192,269,288,300,300,333,344,344,377,123,123,83,83],"floor_reached":14,"playtime":275,"items_purged":["Strike_R"],"score":196,"play_id":"d39ba319-b718-4b21-8aa9-9d8eab89c908","local_time":"20190410010838","is_ascension_mode":true,"campfire_choices":[{"data":"Blood for Blood","floor":6,"key":"SMITH"}],"neow_cost":"NONE","seed_source_timestamp":629162300836000,"circlet_count":0,"master_deck":["AscendersBane","Strike_R","Strike_R","Strike_R","Defend_R","Defend_R","Defend_R","Bash","Blood for Blood+1","Clash","Flame Barrier","Warcry+1","Iron Wave","True Grit+1","Power Through+1","Body Slam","Rage+1"],"relics":["Burning Blood","Tiny Chest","Toxic Egg 2","Frozen Egg 2","Orichalcum"],"potions_floor_usage":[10,14],"damage_taken":[{"damage":6,"enemies":"2 Louse","floor":1,"turns":3},{"damage":14,"enemies":"Jaw Worm","floor":4,"turns":5},{"damage":1,"enemies":"Cultist","floor":5,"turns":3},{"damage":25,"enemies":"Lagavulin","floor":7,"turns":7},{"damage":18,"enemies":"Exordium Thugs","floor":8,"turns":4},{"damage":27,"enemies":"Gremlin Nob","floor":10,"turns":4},{"damage":6,"enemies":"2 Fungi Beasts","floor":14,"turns":2}],"seed_played":"-4178560320377224047","potions_obtained":[{"floor":5,"key":"SkillPotion"},{"floor":8,"key":"BloodPotion"},{"floor":10,"key":"SteroidPotion"}],"is_trial":false,"path_per_floor":["M","?","T","M","M","R","E","M","T","E","$","?","$","M"],"character_chosen":"IRONCLAD","items_purchased":["True Grit+1","Power Through+1","Body Slam","Rage+1"],"campfire_rested":0,"item_purchase_floors":[11,11,11,13],"current_hp_per_floor":[68,57,57,49,54,54,35,23,23,9,9,2,2,0],"gold":83,"neow_bonus":"REMOVE_CARD","is_prod":false,"is_daily":false,"chose_seed":false,"campfire_upgraded":1,"win_rate":0,"timestamp":1554826118,"path_taken":["M","?","?","M","M","R","E","?","T","E","?","?","$","M"],"build_version":"2019-01-23","purchased_purges":1,"victory":false,"max_hp_per_floor":[75,75,75,75,75,75,75,75,75,75,75,75,75,75],"card_choices":[{"not_picked":["Pommel Strike","Feel No Pain"],"picked":"Blood for Blood","floor":1},{"not_picked":["Thunderclap","Iron Wave"],"picked":"Clash","floor":4},{"not_picked":["Entrench","Twin Strike"],"picked":"Flame Barrier","floor":5},{"not_picked":["Wild Strike","Anger"],"picked":"Warcry","floor":7},{"not_picked":["Uppercut","Corruption"],"picked":"Iron Wave","floor":8},{"not_picked":["Body Slam","Iron Wave","Dropkick"],"picked":"SKIP","floor":10}],"player_experience":4743338,"relics_obtained":[{"floor":3,"key":"Tiny Chest"},{"floor":7,"key":"Toxic Egg 2"},{"floor":9,"key":"Frozen Egg 2"},{"floor":10,"key":"Orichalcum"}],"event_choices":[{"damage_healed":0,"gold_gain":75,"player_choice":"Gather Gold","damage_taken":11,"max_hp_gain":0,"max_hp_loss":0,"event_name":"World of Goop","floor":2,"gold_loss":0},{"cards_removed":["Defend_R"],"damage_healed":0,"gold_gain":0,"player_choice":"Card Removal","damage_taken":7,"max_hp_gain":0,"max_hp_loss":0,"event_name":"Golden Wing","floor":12,"gold_loss":0}],"is_beta":false,"boss_relics":[],"items_purged_floors":[11],"is_endless":false,"potions_floor_spawned":[5,8,10],"killed_by":"2 Fungi Beasts","ascension_level":20}