{"gold_per_floor":[114,129,145,156,175,175,25,54,128,140,152,164,204,226,238,322,334,363,350,277,339,271,271,100,125,125,125,142,142,142,153,153,225,225,236,236,248,267,147,174,174,193,238,238,267,267,278,278,278,278,278,278,278,95,121,121],"floor_reached":57,"playtime":3159,"items_purged":["Strike_G","Strike_G","Defend_G","Defend_G"],"score":2880,"play_id":"0c80ad66-a391-4699-a904-13f7d9f2f9b5","local_time":"20190423024518","is_ascension_mode":true,"campfire_choices":[{"data":"Flechettes","floor":6.0,"key":"SMITH"},{"data":"Neutralize","floor":10.0,"key":"SMITH"},{"data":"Deadly Poison","floor":12.0,"key":"SMITH"},{"data":"After Image","floor":15.0,"key":"SMITH"},{"data":"A Thousand Cuts","floor":23.0,"key":"SMITH"},{"data":"Reflex","floor":27.0,"key":"SMITH"},{"data":"Malaise","floor":30.0,"key":"SMITH"},{"data":"Calculated Gamble","floor":32.0,"key":"SMITH"},{"data":"Night Terror","floor":41.0,"key":"SMITH"},{"data":"Footwork","floor":44.0,"key":"SMITH"},{"floor":49.0,"key":"RECALL"},{"data":"Catalyst","floor":53.0,"key":"SMITH"}],"neow_cost":"NONE","seed_source_timestamp":167924691934500,"circlet_count":0,"master_deck":["AscendersBane","Defend_G","Survivor","Neutralize+1","Backstab","Flechettes+1","Backflip","Escape Plan","Endless Agony","Endless Agony","After Image+1","Deadly Poison+1","Escape Plan","Malaise+1","A Thousand Cuts+1","Leg Sweep+1","Escape Plan+1","Bane+1","Blur","Reflex+1","Escape Plan","Calculated Gamble+1","Night Terror+1","Footwork+1","Well Laid Plans","Catalyst+1"],"special_seed":0,"relics":["Ring of the Snake","Matryoshka","MawBank","Gremlin Horn","Juzu Bracelet","Astrolabe","The Courier","Blue Candle","Potion Belt","Blood Vial","Philosopher\u0027s Stone","Vajra","Gambling Chip","Sundial"],"potions_floor_usage":[56,56],"damage_taken":[{"damage":0.0,"enemies":"Cultist","floor":1.0,"turns":4.0},{"damage":4.0,"enemies":"Small Slimes","floor":2.0,"turns":5.0},{"damage":0.0,"enemies":"2 Louse","floor":3.0,"turns":3.0},{"damage":0.0,"enemies":"2 Fungi Beasts","floor":4.0,"turns":3.0},{"damage":3.0,"enemies":"Lots of Slimes","floor":5.0,"turns":3.0},{"damage":21.0,"enemies":"Lagavulin","floor":8.0,"turns":9.0},{"damage":20.0,"enemies":"Gremlin Nob","floor":13.0,"turns":4.0},{"damage":0.0,"enemies":"Looter","floor":14.0,"turns":2.0},{"damage":4.0,"enemies":"Hexaghost","floor":16.0,"turns":12.0},{"damage":9.0,"enemies":"Chosen","floor":18.0,"turns":5.0},{"damage":15.0,"enemies":"2 Thieves","floor":19.0,"turns":4.0},{"damage":0.0,"enemies":"Gremlin Leader","floor":25.0,"turns":4.0},{"damage":12.0,"enemies":"Chosen and Byrds","floor":28.0,"turns":6.0},{"damage":0.0,"enemies":"3 Cultists","floor":31.0,"turns":5.0},{"damage":7.0,"enemies":"Collector","floor":33.0,"turns":9.0},{"damage":18.0,"enemies":"3 Darklings","floor":35.0,"turns":3.0},{"damage":11.0,"enemies":"3 Shapes","floor":37.0,"turns":5.0},{"damage":8.0,"enemies":"Maw","floor":38.0,"turns":8.0},{"damage":1.0,"enemies":"Giant Head","floor":40.0,"turns":7.0},{"damage":0.0,"enemies":"Spire Growth","floor":42.0,"turns":5.0},{"damage":0.0,"enemies":"Reptomancer","floor":45.0,"turns":7.0},{"damage":0.0,"enemies":"Writhing Mass","floor":47.0,"turns":7.0},{"damage":19.0,"enemies":"Time Eater","floor":50.0,"turns":5.0},{"damage":4.0,"enemies":"Awakened One","floor":51.0,"turns":19.0},{"damage":10.0,"enemies":"Shield and Spear","floor":55.0,"turns":10.0},{"damage":44,"enemies":"The Heart","floor":56,"turns":14}],"seed_played":"-2060815430614291937","potions_obtained":[{"floor":1.0,"key":"SkillPotion"},{"floor":3.0,"key":"Ancient Potion"},{"floor":13.0,"key":"PowerPotion"},{"floor":14.0,"key":"Weak Potion"},{"floor":18.0,"key":"Strength Potion"},{"floor":19.0,"key":"Ancient Potion"},{"floor":28.0,"key":"AttackPotion"},{"floor":35.0,"key":"FearPotion"},{"floor":40.0,"key":"SkillPotion"},{"floor":42.0,"key":"Explosive Potion"},{"floor":45.0,"key":"Fire Potion"},{"floor":47.0,"key":"Poison Potion"}],"is_trial":false,"path_per_floor":["M","M","M","M","M","R","$","E","T","R","?","R","E","M","R","B",null,"M","M","?","?","$","R","$","E","T","R","M","?","R","M","R","B",null,"M","?","M","M","$","E","R","M","T","R","E","?","M","?","R","B","B",null,"R","$","E","B",null],"character_chosen":"THE_SILENT","items_purchased":["After Image","Blur","Swift Potion","GamblersBrew","Block Potion","SteroidPotion"],"campfire_rested":0,"item_purchase_floors":[7,24,54,54,54,54],"current_hp_per_floor":[59,55,55,55,52,52,52,31,31,31,31,31,11,11,11,7,51,42,27,27,27,27,27,27,27,27,27,17,17,17,19,19,14,53,37,37,28,22,22,23,23,25,25,25,27,27,29,29,29,12,10,52,52,52,44,2],"gold":121,"neow_bonus":"TRANSFORM_CARD","is_prod":false,"is_daily":false,"chose_seed":false,"campfire_upgraded":11,"win_rate":0,"timestamp":1555955118,"path_taken":["M","M","M","M","M","R","$","E","T","R","?","R","E","M","R","BOSS","M","M","?","?","$","R","$","E","T","R","M","?","R","M","R","BOSS","M","?","M","M","$","E","R","M","T","R","E","?","M","?","R","BOSS","BOSS","R","$","E","BOSS"],"build_version":"2019-01-23","purchased_purges":4,"victory":true,"max_hp_per_floor":[66,66,66,66,66,66,66,66,66,66,66,66,66,66,66,66,66,66,66,66,66,66,66,66,66,66,66,66,66,66,66,66,66,66,66,66,66,66,66,66,66,66,66,66,66,66,66,66,66,66,66,66,66,66,66,66],"card_choices":[{"not_picked":["Choke","Blade Dance"],"picked":"Flechettes","floor":1.0},{"not_picked":["Cloak And Dagger","Dagger Throw"],"picked":"Backflip","floor":2.0},{"not_picked":["Catalyst","Reflex"],"picked":"Escape Plan","floor":3.0},{"not_picked":["Slice","Distraction"],"picked":"Endless Agony","floor":4.0},{"not_picked":["Bane","Poisoned Stab"],"picked":"Endless Agony","floor":5.0},{"not_picked":["Prepared","Dagger Throw"],"picked":"Deadly Poison","floor":8.0},{"not_picked":["Dodge and Roll","Sucker Punch"],"picked":"Escape Plan","floor":13.0},{"not_picked":["PiercingWail","Cloak And Dagger"],"picked":"Malaise","floor":14.0},{"not_picked":["Burst","Night Terror"],"picked":"A Thousand Cuts","floor":16.0},{"not_picked":["Dodge and Roll","Reflex","Dagger Spray"],"picked":"SKIP","floor":18.0},{"not_picked":["Dodge and Roll","Leg Sweep"],"picked":"Heel Hook","floor":19.0},{"not_picked":["Setup","Quick Slash"],"picked":"Reflex","floor":25.0},{"not_picked":["Deadly Poison","Backflip+1"],"picked":"Escape Plan","floor":28.0},{"not_picked":["Endless Agony","Dagger Throw"],"picked":"Calculated Gamble","floor":31.0},{"not_picked":["Glass Knife","Storm of Steel"],"picked":"Night Terror","floor":33.0},{"not_picked":["Dash","Outmaneuver","Riddle With Holes+1"],"picked":"SKIP","floor":35.0},{"not_picked":["Predator","PiercingWail","Backstab"],"picked":"SKIP","floor":37.0},{"not_picked":["Poisoned Stab","Backflip","Quick Slash+1"],"picked":"SKIP","floor":38.0},{"not_picked":["Flying Knee","Night Terror"],"picked":"Footwork","floor":40.0},{"not_picked":["Quick Slash+1","Cloak And Dagger","PiercingWail"],"picked":"SKIP","floor":42.0},{"not_picked":["Backflip","Setup"],"picked":"Well Laid Plans","floor":45.0},{"not_picked":["Well Laid Plans","Bane"],"picked":"Catalyst","floor":47.0},{"not_picked":["Tools of the Trade","Sucker Punch","Acrobatics"],"picked":"SKIP","floor":55.0}],"player_experience":4869906,"relics_obtained":[{"floor":8.0,"key":"Matryoshka"},{"floor":9.0,"key":"MawBank"},{"floor":9.0,"key":"Gremlin Horn"},{"floor":13.0,"key":"Juzu Bracelet"},{"floor":25.0,"key":"Blue Candle"},{"floor":26.0,"key":"Potion Belt"},{"floor":26.0,"key":"Blood Vial"},{"floor":40.0,"key":"Vajra"},{"floor":45.0,"key":"Gambling Chip"},{"floor":55.0,"key":"Sundial"}],"event_choices":[{"damage_healed":0.0,"max_hp_gain":0.0,"max_hp_loss":0.0,"gold_gain":0.0,"event_name":"Liars Game","player_choice":"Ignored","floor":11.0,"gold_loss":0.0,"damage_taken":0.0},{"damage_healed":0.0,"max_hp_gain":0.0,"max_hp_loss":0.0,"gold_gain":0.0,"event_name":"Addict","player_choice":"Obtained Relic","floor":20.0,"gold_loss":85.0,"damage_taken":0.0,"relics_obtained":["The Courier"]},{"damage_healed":0.0,"max_hp_gain":0.0,"max_hp_loss":0.0,"gold_gain":50.0,"event_name":"Nest","player_choice":"Stole From Cult","floor":21.0,"gold_loss":0.0,"damage_taken":0.0},{"damage_healed":0.0,"max_hp_gain":0.0,"max_hp_loss":0.0,"gold_gain":0.0,"event_name":"Match and Keep!","player_choice":"0 cards matched","floor":29.0,"gold_loss":0.0,"damage_taken":0.0,"cards_obtained":[]},{"cards_removed":["Defend_G"],"damage_healed":0.0,"max_hp_gain":0.0,"max_hp_loss":0.0,"gold_gain":0.0,"event_name":"Wheel of Change","player_choice":"Card Removal","floor":36.0,"gold_loss":0.0,"damage_taken":0.0},{"cards_removed":["Heel Hook"],"damage_healed":0.0,"max_hp_gain":0.0,"max_hp_loss":0.0,"gold_gain":0.0,"event_name":"Falling","player_choice":"Removed Attack","floor":46.0,"gold_loss":0.0,"damage_taken":0.0},{"damage_healed":0.0,"max_hp_gain":0.0,"max_hp_loss":0.0,"gold_gain":0.0,"event_name":"SensoryStone","player_choice":"Memory 1","floor":48.0,"gold_loss":0.0,"damage_taken":0.0}],"is_beta":false,"boss_relics":[{"not_picked":["Ring of the Serpent","Snecko Eye"],"picked":"Astrolabe"},{"not_picked":["Black Star","Runic Dome"],"picked":"Philosopher\u0027s Stone"}],"items_purged_floors":[7,22,24,39],"is_endless":false,"potions_floor_spawned":[1,3,13,14,18,19,28,35,40,42,45,47],"ascension_level":20}