{"gold_per_floor":[118,118,83,158,177,106,106,139,139,139,139,174,18,30,30,146,146,158,184,68,68,89,89,126,126,126,126,126,151,151,153,172,188,188,320,320,377,377,481,524,35,35,77,109,158,191,191,225,254,254,254,274],"floor_reached":52,"playtime":3197,"items_purged":["Strike_R","Clumsy"],"score":969,"play_id":"e8b80a98-6472-421d-8435-1c4ecbf5e6e1","local_time":"20190701215623","is_ascension_mode":true,"campfire_choices":[{"floor":7,"key":"REST"},{"floor":11,"key":"REST"},{"floor":15,"key":"REST"},{"data":"strawberrySpire:Flashback","floor":23,"key":"SMITH"},{"floor":25,"key":"REST"},{"data":"True Grit","floor":30,"key":"SMITH"},{"floor":34,"key":"REST"},{"floor":47,"key":"REST"},{"floor":51,"key":"REST"}],"neow_cost":"","seed_source_timestamp":893749615827478,"circlet_count":0,"master_deck":["Strike_R","Strike_R","Strike_R","Defend_R","Defend_R+1","Defend_R","Defend_R+1","Sadistic Nature","Crow Ritual+1","strawberrySpire:Flashback","Survivor","Neutralize+1","vexMod:Hatred","Battle Trance","vexMod:BattleStance","Sword Boomerang","Exhume","Inflame+1","Bandage Up","strawberrySpire:DraftPunk","vexMod:Devastation","strawberrySpire:Endurance+1","Demon Form","True Grit+1","ReplayTheSpireMod:Stacked","beaked:Overpower","Clockwork:InertialShield+1","vexMod:ChimeraCard","Heatsinks","hubris:Fate","Abandon","Exhume","Rage+1"],"relics":["Burning Blood","strawberrySpire:Flakhammer","vexMod:PlasmaPancake","vexMod:PainConverter","infinitespire:Midas Blood","Gremlin Food","strawberrySpire:ElefentMask","Runic Pyramid","vexMod:StrikeShooter","vexMod:WellWornAnklet","StuffTheSpire:RubySignet","infinitespire:EvilPickle","conspire:SpecialSausage","Archangels Feather","MerchantsRug","infinitespire:PuzzleCube","hubris:EmptyBottle","strawberrySpire:Earthfruit","hubris:ChampionShield","PreservedInsect"],"potions_floor_usage":[16,16,24,35,39,43,43,46,52,52,52],"damage_taken":[{"damage":0,"enemies":"Small Slimes","floor":1,"turns":2},{"damage":2,"enemies":"Jaw Worm","floor":5,"turns":4},{"damage":54,"enemies":"Gremlin Nob","floor":8,"turns":6},{"damage":15,"enemies":"Lagavulin","floor":12,"turns":7},{"damage":0,"enemies":"2 Louse","floor":14,"turns":1},{"damage":30,"enemies":"Slime Boss","floor":16,"turns":9},{"damage":17,"enemies":"Chosen","floor":18,"turns":7},{"damage":23,"enemies":"3 Byrds","floor":22,"turns":6},{"damage":47,"enemies":"Slavers","floor":24,"turns":6},{"damage":27,"enemies":"Sentry and Sphere","floor":29,"turns":4},{"damage":6,"enemies":"Centurion and Healer","floor":32,"turns":5},{"damage":7,"enemies":"Shelled Parasite and Fungi","floor":33,"turns":5},{"damage":36,"enemies":"Pondfish","floor":35,"turns":13},{"damage":65,"enemies":"3 Darklings","floor":37,"turns":5},{"damage":7,"enemies":"Mind Bloom Boss Battle","floor":39,"turns":8},{"damage":0,"enemies":"3 Shapes","floor":40,"turns":4},{"damage":23,"enemies":"Reptomancer","floor":43,"turns":7},{"damage":52,"enemies":"Sphere and 2 Shapes","floor":44,"turns":9},{"damage":13,"enemies":"4 Shapes","floor":46,"turns":6},{"damage":16,"enemies":"Spire Growth","floor":48,"turns":7},{"damage":7,"enemies":"Sphere and 2 Shapes","floor":49,"turns":6},{"damage":96,"enemies":"hubris:GrandSnecko","floor":52,"turns":8}],"seed_played":"2937265273497167391","potions_obtained":[{"floor":1,"key":"vexMod:BlazePotion"},{"floor":12,"key":"Adrenaline Potion"},{"floor":14,"key":"FearPotion"},{"floor":18,"key":"SkillPotion"},{"floor":32,"key":"Elixir"},{"floor":33,"key":"AttackPotion"},{"floor":37,"key":"Swift Potion"},{"floor":40,"key":"SkillPotion"},{"floor":43,"key":"Strength Potion"},{"floor":44,"key":"SkillPotion"}],"is_trial":false,"path_per_floor":["M","?","$","?","M","$","R","E","T","?","R","E","$","M","R","B",null,"M","T","$","?","M","R","E","R","PTL","PTL","T","M","R","?","M","M","R","B",null,"M","AVR","?","M","$","R","E","M","T","M","R","M","M","?","R","B"],"character_chosen":"IRONCLAD","items_purchased":["strawberrySpire:Flakhammer","ReplayTheSpireMod:ShopPack","vexMod:Hatred","vexMod:BattleStance","strawberrySpire:ElefentMask","Inflame","MerchantsRug","infinitespire:PuzzleCube","hubris:EmptyBottle"],"campfire_rested":7,"item_purchase_floors":[0,0,3,6,13,20,41,41,41],"current_hp_per_floor":[60,60,60,49,53,53,78,30,30,30,55,46,46,52,77,53,86,75,75,75,75,62,62,29,54,54,54,54,33,33,25,29,34,59,39,86,35,35,42,60,60,60,51,19,19,24,49,49,60,60,85,0],"gold":274,"neow_bonus":"","is_prod":false,"is_daily":false,"chose_seed":false,"campfire_upgraded":2,"win_rate":0,"timestamp":1562014583,"path_taken":["M","?","$","?","M","?","R","E","T","?","R","E","$","M","R","BOSS","M","?","$","?","M","R","E","R","PTL","PTL","T","?","R","?","?","M","R","BOSS","M","AVR","?","M","$","R","E","M","T","M","R","M","M","?","R","BOSS"],"build_version":"2019-01-23","purchased_purges":2,"victory":false,"max_hp_per_floor":[86,86,86,86,86,86,86,86,86,86,86,86,86,86,86,86,86,86,86,86,86,86,86,86,86,86,86,86,86,86,86,86,86,86,86,86,86,86,86,86,86,86,86,86,86,86,86,86,86,86,86,86],"card_choices":[{"not_picked":["vexMod:MidasTouch","strawberrySpire:Fade"],"picked":"Sadistic Nature","floor":0},{"not_picked":["Thinking Ahead","Good Instincts"],"picked":"Crow Ritual","floor":0},{"not_picked":["vexMod:WeekCard","ReplayTheSpireMod:Uncanny Aura"],"picked":"strawberrySpire:Flashback","floor":0},{"not_picked":["Twin Strike","Clash","Havoc"],"picked":"SKIP","floor":1},{"not_picked":["Defy Death","Heavy Blade"],"picked":"Battle Trance","floor":5},{"not_picked":["vexMod:Elimination","StuffTheSpire:Slingshot"],"picked":"Sword Boomerang","floor":8},{"not_picked":["Massacre","Feel No Pain","Twin Strike"],"picked":"SKIP","floor":12},{"not_picked":["strawberrySpire:Endurance","Combust","Run Through"],"picked":"SKIP","floor":14},{"not_picked":["strawberrySpire:Hellbender","Demonic Infusion"],"picked":"Exhume","floor":16},{"not_picked":["Thunderclap+1","Perfected Strike","Pommel Strike"],"picked":"SKIP","floor":18},{"not_picked":["Infernal Blade+1","Sword Boomerang+1"],"picked":"strawberrySpire:Endurance+1","floor":22},{"not_picked":["Uppercut","ReplayTheSpireMod:Corrosion Curse"],"picked":"Demon Form","floor":24},{"not_picked":["Carnage+1","Sword Boomerang"],"picked":"True Grit","floor":29},{"not_picked":["Clothesline+1","ReplayTheSpireMod:LeadingStrike+1"],"picked":"ReplayTheSpireMod:Stacked","floor":31},{"not_picked":["Sucker Punch","strawberrySpire:SideSwipe"],"picked":"beaked:Overpower","floor":32},{"not_picked":["animator:Kazuma","PushOnward+1"],"picked":"Clockwork:InertialShield+1","floor":33},{"not_picked":["PokerPlayerMod:SecretDealer","WeakForm"],"picked":"vexMod:ChimeraCard","floor":35},{"not_picked":["strawberrySpire:Overwork","Underhanded Strike"],"picked":"Heatsinks","floor":37},{"not_picked":["Beam Cell","Bludgeon","animator:DolaSchwi"],"picked":"SKIP","floor":40},{"not_picked":["StuffTheSpire:ChainStrike","strawberrySpire:Aggression"],"picked":"Abandon","floor":43},{"not_picked":["ReplayTheSpireMod:Strike From Hell","strawberrySpire:PumpUp"],"picked":"Exhume","floor":44},{"not_picked":["Havoc","Armaments","Iron Wave+1"],"picked":"SKIP","floor":46},{"not_picked":["Run Through","Second Wind","strawberrySpire:Beatdown"],"picked":"SKIP","floor":48},{"not_picked":["StuffTheSpire:Resist+1","hubris:CleavingFinish+1"],"picked":"Rage+1","floor":49}],"player_experience":46086,"relics_obtained":[{"floor":8,"key":"vexMod:PainConverter"},{"floor":9,"key":"infinitespire:Midas Blood"},{"floor":12,"key":"Gremlin Food"},{"floor":19,"key":"vexMod:StrikeShooter"},{"floor":24,"key":"vexMod:WellWornAnklet"},{"floor":28,"key":"StuffTheSpire:RubySignet"},{"floor":31,"key":"PrismaticShard"},{"floor":39,"key":"Archangels Feather"},{"floor":42,"key":"strawberrySpire:Earthfruit"},{"floor":43,"key":"hubris:ChampionShield"},{"floor":45,"key":"PreservedInsect"}],"event_choices":[{"damage_healed":0,"gold_gain":75,"player_choice":"Gather Gold","damage_taken":11,"max_hp_gain":0,"max_hp_loss":0,"event_name":"World of Goop","floor":4,"gold_loss":0},{"damage_healed":0,"gold_gain":0,"player_choice":"3 cards matched","damage_taken":0,"max_hp_gain":0,"max_hp_loss":0,"event_name":"Match and Keep!","floor":21,"gold_loss":0,"cards_obtained":["Bandage Up","strawberrySpire:DraftPunk","vexMod:Devastation"]},{"damage_healed":0,"gold_gain":0,"player_choice":"Fight","damage_taken":0,"max_hp_gain":0,"max_hp_loss":0,"event_name":"MindBloom","floor":39,"gold_loss":0},{"cards_removed":["Strike_R"],"damage_healed":0,"gold_gain":0,"player_choice":"Removed Attack","damage_taken":0,"max_hp_gain":0,"max_hp_loss":0,"event_name":"Falling","floor":50,"gold_loss":0}],"is_beta":false,"boss_relics":[{"not_picked":["vexMod:FluxCapacitor","infinitespire:Burning Sword"],"picked":"Runic Pyramid"},{"not_picked":["infinitespire:Cupcake","StuffTheSpire:Kangaroo"],"picked":"conspire:SpecialSausage"}],"items_purged_floors":[20,41],"is_endless":false,"potions_floor_spawned":[1,12,14,18,32,33,37,40,43,44],"killed_by":"hubris:GrandSnecko","ascension_level":2}