{"gold_per_floor":[113,127,140,157,170,170,202,227,239,251,298,30,56,109,109,109],"floor_reached":16,"playtime":394,"items_purged":[],"score":294,"play_id":"81752f6a-115c-41cb-b3cc-8fa5b422e337","local_time":"20190306233130","is_ascension_mode":true,"campfire_choices":[{"data":"Cleave","floor":6,"key":"SMITH"},{"data":"Hemokinesis","floor":10,"key":"SMITH"},{"data":"Battle Trance","floor":15,"key":"SMITH"}],"neow_cost":"NONE","seed_source_timestamp":1761578925203200,"circlet_count":0,"master_deck":["AscendersBane","Strike_R","Strike_R","Strike_R","Strike_R","Defend_R","Defend_R","Defend_R","Defend_R","Bash","Sword Boomerang","Twin Strike","Spot Weakness","Offering","Cleave+1","Hemokinesis+1","Pommel Strike+1","Battle Trance+1","Hemokinesis+1"],"relics":["Burning Blood","MawBank","Molten Egg 2","Question Card","Red Skull","Dodecahedron","Bag of Preparation"],"potions_floor_usage":[7,7,11,16,16],"damage_taken":[{"damage":6,"enemies":"Cultist","floor":1,"turns":4},{"damage":9,"enemies":"Jaw Worm","floor":2,"turns":4},{"damage":2,"enemies":"2 Louse","floor":3,"turns":2},{"damage":16,"enemies":"Blue Slaver","floor":4,"turns":3},{"damage":7,"enemies":"Exordium Wildlife","floor":5,"turns":3},{"damage":16,"enemies":"3 Sentries","floor":7,"turns":4},{"damage":15,"enemies":"Exordium Thugs","floor":8,"turns":3},{"damage":38,"enemies":"Lagavulin","floor":11,"turns":5},{"damage":6,"enemies":"Gremlin Nob","floor":13,"turns":2},{"damage":27,"enemies":"The Guardian","floor":16,"turns":7}],"seed_played":"-8034048095227887426","potions_obtained":[{"floor":1,"key":"SkillPotion"},{"floor":4,"key":"Weak Potion"},{"floor":5,"key":"Regen Potion"},{"floor":7,"key":"Fruit Juice"},{"floor":11,"key":"PowerPotion"},{"floor":13,"key":"PowerPotion"}],"is_trial":false,"path_per_floor":["M","M","M","M","M","R","E","M","T","R","E","$","E","T","R","B"],"character_chosen":"IRONCLAD","items_purchased":["Battle Trance","Hemokinesis+1","Red Skull"],"campfire_rested":0,"item_purchase_floors":[12,12,12],"current_hp_per_floor":[68,65,69,59,58,58,65,56,56,56,24,24,24,24,24,0],"gold":109,"neow_bonus":"REMOVE_CARD","is_prod":false,"is_daily":false,"chose_seed":false,"campfire_upgraded":3,"win_rate":0,"timestamp":1551882690,"path_taken":["M","M","M","M","M","R","E","M","T","R","E","$","E","?","R","BOSS"],"build_version":"2019-01-23","purchased_purges":0,"victory":false,"max_hp_per_floor":[75,75,75,75,75,75,80,80,80,80,80,80,80,80,80,80],"card_choices":[{"not_picked":["Rage","Warcry"],"picked":"Sword Boomerang","floor":1},{"not_picked":["Entrench","Clash"],"picked":"Twin Strike","floor":2},{"not_picked":["Pommel Strike","Body Slam"],"picked":"Spot Weakness","floor":3},{"not_picked":["Rampage","Havoc"],"picked":"Offering","floor":4},{"not_picked":["Uppercut","Clothesline"],"picked":"Cleave","floor":5},{"not_picked":["Entrench","Iron Wave"],"picked":"Hemokinesis","floor":7},{"not_picked":["Iron Wave","Clash","Cleave"],"picked":"SKIP","floor":8},{"not_picked":["Berserk","Impervious"],"picked":"Pommel Strike+1","floor":11},{"not_picked":["Flex","Wild Strike+1","Burning Pact","Sentinel"],"picked":"SKIP","floor":13}],"player_experience":4473749,"relics_obtained":[{"floor":7,"key":"MawBank"},{"floor":9,"key":"Molten Egg 2"},{"floor":11,"key":"Question Card"},{"floor":13,"key":"Dodecahedron"},{"floor":14,"key":"Bag of Preparation"}],"event_choices":[],"is_beta":false,"boss_relics":[],"items_purged_floors":[],"is_endless":false,"potions_floor_spawned":[1,4,5,7,11,13],"killed_by":"The Guardian","ascension_level":20}