{"gold_per_floor":[111,111,129,143,163,163,180,180,230,230,230,230,57,73,73,144,144,163,88,103,103,123,123,123,139,162,162,162,62,62,76,76,153,153,173,185,185,60,60,60,86,99,173,186,212,222,222,238,238,238,238,238,238,88,116,116],"floor_reached":57,"playtime":2163,"items_purged":["Strike_R","Defend_R","Hemokinesis+1","Defend_R"],"score":3108,"play_id":"4b10917f-11b3-413a-b4f0-0fb7e86f7ece","local_time":"20190330020941","is_ascension_mode":true,"campfire_choices":[{"data":"Hemokinesis","floor":6,"key":"SMITH"},{"data":"Body Slam","floor":8,"key":"SMITH"},{"data":"Burning Pact","floor":11,"key":"SMITH"},{"data":"Armaments","floor":15,"key":"SMITH"},{"data":"Barricade","floor":23,"key":"SMITH"},{"data":"True Grit","floor":27,"key":"SMITH"},{"data":"Seeing Red","floor":30,"key":"SMITH"},{"data":"Burning Pact","floor":32,"key":"SMITH"},{"data":"Dark Embrace","floor":40,"key":"SMITH"},{"floor":47,"key":"RECALL"},{"data":"Second Wind","floor":49,"key":"SMITH"},{"data":"Power Through","floor":53,"key":"SMITH"}],"neow_cost":"NONE","seed_source_timestamp":1389083428923400,"circlet_count":0,"master_deck":["AscendersBane","Body Slam+1","Seeing Red+1","Burning Pact+1","Burning Pact+1","Battle Trance","Armaments+1","True Grit+1","Barricade+1","Uppercut+1","Rage+1","Battle Trance+1","Second Wind+1","Power Through+1","Dark Embrace+1"],"relics":["Burning Blood","Orichalcum","Astrolabe","Art of War","Busted Crown","Kunai","Whetstone","Bag of Preparation"],"potions_floor_usage":[16,16,41,56,56],"damage_taken":[{"damage":8,"enemies":"Cultist","floor":1,"turns":5},{"damage":13,"enemies":"2 Louse","floor":3,"turns":4},{"damage":10,"enemies":"Jaw Worm","floor":4,"turns":3},{"damage":15,"enemies":"Exordium Wildlife","floor":5,"turns":6},{"damage":9,"enemies":"Looter","floor":7,"turns":3},{"damage":2,"enemies":"Large Slime","floor":14,"turns":9},{"damage":42,"enemies":"Slime Boss","floor":16,"turns":15},{"damage":12,"enemies":"Shell Parasite","floor":18,"turns":4},{"damage":0,"enemies":"Spheric Guardian","floor":20,"turns":6},{"damage":13,"enemies":"Centurion and Healer","floor":22,"turns":8},{"damage":17,"enemies":"Snake Plant","floor":25,"turns":6},{"damage":0,"enemies":"Snecko","floor":31,"turns":6},{"damage":0,"enemies":"Automaton","floor":33,"turns":5},{"damage":6,"enemies":"Orb Walker","floor":35,"turns":3},{"damage":4,"enemies":"3 Darklings","floor":36,"turns":4},{"damage":0,"enemies":"Reptomancer","floor":41,"turns":5},{"damage":0,"enemies":"Sphere and 2 Shapes","floor":42,"turns":3},{"damage":0,"enemies":"Transient","floor":44,"turns":5},{"damage":6,"enemies":"Nemesis","floor":45,"turns":5},{"damage":0,"enemies":"3 Darklings","floor":46,"turns":3},{"damage":0,"enemies":"Spire Growth","floor":48,"turns":3},{"damage":0,"enemies":"Donu and Deca","floor":50,"turns":5},{"damage":28,"enemies":"Time Eater","floor":51,"turns":6},{"damage":0,"enemies":"Shield and Spear","floor":55,"turns":3},{"damage":0,"enemies":"The Heart","floor":56,"turns":10}],"seed_played":"4064713953569118168","potions_obtained":[{"floor":3,"key":"PowerPotion"},{"floor":7,"key":"PowerPotion"},{"floor":22,"key":"SkillPotion"},{"floor":25,"key":"Explosive Potion"},{"floor":33,"key":"Dexterity Potion"},{"floor":41,"key":"Strength Potion"},{"floor":45,"key":"GamblersBrew"}],"is_trial":false,"path_per_floor":["M","?","M","M","M","R","M","R","T","?","R","?","$","M","R","B",null,"M","?","M","?","M","R","?","M","T","R","?","$","R","M","R","B",null,"M","M","?","$","?","R","E","M","T","M","E","M","R","M","R","B","B",null,"R","$","E","B",null],"character_chosen":"IRONCLAD","items_purchased":["Battle Trance","Armaments"],"campfire_rested":0,"item_purchase_floors":[13,13],"current_hp_per_floor":[66,66,59,55,46,46,43,43,43,43,43,43,43,47,47,11,59,53,53,59,59,52,52,52,41,41,41,41,41,41,47,47,53,70,70,72,72,72,68,68,74,75,75,75,75,75,75,75,75,75,53,70,70,70,75,75],"gold":116,"neow_bonus":"UPGRADE_CARD","is_prod":false,"is_daily":false,"chose_seed":false,"campfire_upgraded":11,"win_rate":0,"timestamp":1553879381,"path_taken":["M","?","?","M","M","R","M","R","T","?","R","?","$","?","R","BOSS","M","?","M","?","M","R","?","?","T","R","?","$","R","M","R","BOSS","M","M","?","$","?","R","E","M","T","M","E","M","R","M","R","BOSS","BOSS","R","$","E","BOSS"],"build_version":"2019-01-23","purchased_purges":4,"victory":true,"max_hp_per_floor":[75,75,75,75,75,75,75,75,75,75,75,75,75,75,75,75,75,75,75,75,75,75,75,75,75,75,75,75,75,75,75,75,75,75,75,75,75,75,75,75,75,75,75,75,75,75,75,75,75,75,75,75,75,75,75,75],"card_choices":[{"not_picked":["Entrench","True Grit"],"picked":"Body Slam","floor":1},{"not_picked":["Rampage","Iron Wave"],"picked":"Hemokinesis","floor":3},{"not_picked":["Sword Boomerang","Perfected Strike","Rupture"],"picked":"SKIP","floor":4},{"not_picked":["Seeing Red","Pummel"],"picked":"Burning Pact","floor":5},{"not_picked":["Reckless Charge","Warcry"],"picked":"Burning Pact","floor":7},{"not_picked":["Clothesline","Flame Barrier"],"picked":"True Grit","floor":14},{"not_picked":["Fiend Fire","Double Tap"],"picked":"Barricade","floor":16},{"not_picked":["Hemokinesis","Clothesline","Pummel"],"picked":"SKIP","floor":18},{"not_picked":["Combust","Armaments"],"picked":"Second Wind","floor":20},{"not_picked":["Havoc","Metallicize","Clash+1"],"picked":"SKIP","floor":22},{"not_picked":["Spot Weakness","Wild Strike","Heavy Blade"],"picked":"SKIP","floor":25},{"not_picked":["Fire Breathing+1","Pommel Strike+1","Anger"],"picked":"SKIP","floor":31},{"not_picked":["Feed","Bludgeon"],"picked":"Dark Embrace","floor":33},{"not_picked":["Dropkick"],"picked":"SKIP","floor":35},{"not_picked":["Sword Boomerang"],"picked":"SKIP","floor":36},{"not_picked":["Wild Strike"],"picked":"SKIP","floor":41},{"not_picked":["Wild Strike"],"picked":"SKIP","floor":41},{"not_picked":["Rampage+1"],"picked":"SKIP","floor":42},{"not_picked":["Shrug It Off"],"picked":"SKIP","floor":44},{"not_picked":["Heavy Blade+1"],"picked":"SKIP","floor":45},{"not_picked":["Anger"],"picked":"SKIP","floor":46},{"not_picked":["Flex"],"picked":"SKIP","floor":48},{"not_picked":["Immolate"],"picked":"SKIP","floor":55}],"player_experience":4665435,"relics_obtained":[{"floor":9,"key":"Orichalcum"},{"floor":26,"key":"Art of War"},{"floor":41,"key":"Kunai"},{"floor":45,"key":"Whetstone"},{"floor":55,"key":"Bag of Preparation"}],"event_choices":[{"damage_healed":0,"gold_gain":0,"cards_transformed":["Strike_R"],"player_choice":"Transformed","damage_taken":0,"max_hp_gain":0,"max_hp_loss":0,"event_name":"Transmorgrifier","floor":2,"gold_loss":0,"cards_obtained":["Seeing Red"]},{"cards_removed":["Strike_R"],"damage_healed":0,"gold_gain":0,"player_choice":"Forget","damage_taken":0,"max_hp_gain":0,"max_hp_loss":0,"event_name":"Living Wall","floor":10,"gold_loss":0},{"cards_removed":["Strike_R"],"damage_healed":0,"gold_gain":0,"player_choice":"Offered Basic","damage_taken":0,"max_hp_gain":0,"max_hp_loss":0,"event_name":"Bonfire Elementals","floor":12,"gold_loss":0},{"cards_removed":["Bash"],"damage_healed":0,"gold_gain":0,"player_choice":"Gave Gold","damage_taken":0,"max_hp_gain":0,"max_hp_loss":0,"event_name":"Beggar","floor":19,"gold_loss":75},{"damage_healed":0,"gold_gain":0,"player_choice":"Ignored","damage_taken":0,"max_hp_gain":0,"max_hp_loss":0,"event_name":"The Mausoleum","floor":21,"gold_loss":0},{"damage_healed":0,"gold_gain":0,"player_choice":"Read","damage_taken":0,"max_hp_gain":0,"max_hp_loss":0,"event_name":"The Library","floor":24,"gold_loss":0,"cards_obtained":["Power Through"]},{"damage_healed":0,"gold_gain":0,"player_choice":"Ignored","damage_taken":0,"max_hp_gain":0,"max_hp_loss":0,"event_name":"Cursed Tome","floor":28,"gold_loss":0},{"damage_healed":0,"gold_gain":0,"player_choice":"Ignored","damage_taken":0,"max_hp_gain":0,"max_hp_loss":0,"event_name":"Tomb of Lord Red Mask","floor":37,"gold_loss":0},{"damage_healed":0,"gold_gain":0,"player_choice":"Bought 0 Potions","damage_taken":0,"max_hp_gain":0,"max_hp_loss":0,"event_name":"The Woman in Blue","floor":39,"gold_loss":0}],"is_beta":false,"boss_relics":[{"not_picked":["Philosopher\u0027s Stone","Pandora\u0027s Box"],"picked":"Astrolabe"},{"not_picked":["White Beast Statue","Lizard Tail"],"picked":"Busted Crown"}],"items_purged_floors":[13,29,38,54],"is_endless":false,"potions_floor_spawned":[3,7,22,25,31,33,36,41,45,55],"ascension_level":20}