{"gold_per_floor":[109,109,127,77,77,77,109,109,109,184,184,184,202,233,233,233],"floor_reached":16,"playtime":527,"items_purged":[],"score":111,"play_id":"63776499-6cad-4173-8361-0c8a3a60a6bd","local_time":"20190728174910","is_ascension_mode":true,"campfire_choices":[{"data":"Bash","floor":6,"key":"SMITH"},{"floor":8,"key":"RECALL"},{"data":"Dual Wield","floor":11,"key":"SMITH"},{"floor":15,"key":"REST"}],"neow_cost":"NONE","seed_source_timestamp":1554531056573300,"circlet_count":0,"master_deck":["Strike_R","Strike_R","Strike_R","Defend_R","Defend_R","Defend_R","Bash+1","Carnage","Flex","Dual Wield+1","Fire Breathing","True Grit"],"relics":["Burning Blood","Nunchaku","Prayer Wheel","Bird Faced Urn"],"potions_floor_usage":[14,14,16],"damage_taken":[{"damage":6,"enemies":"Jaw Worm","floor":1,"turns":3},{"damage":5,"enemies":"Small Slimes","floor":3,"turns":3},{"damage":44,"enemies":"Lagavulin","floor":7,"turns":6},{"damage":5,"enemies":"2 Louse","floor":13,"turns":2},{"damage":22,"enemies":"3 Sentries","floor":14,"turns":7},{"damage":51,"enemies":"The Guardian","floor":16,"turns":11}],"seed_played":"-2671334774653096573","potions_obtained":[{"floor":1,"key":"SpeedPotion"},{"floor":3,"key":"GamblersBrew"},{"floor":13,"key":"Weak Potion"},{"floor":14,"key":"EssenceOfSteel"}],"is_trial":false,"path_per_floor":["M","?","M","?","?","R","E","R","T","?","R","T","M","E","R","B"],"character_chosen":"IRONCLAD","items_purchased":[],"campfire_rested":1,"item_purchase_floors":[],"current_hp_per_floor":[88,81,82,82,82,82,44,44,44,33,33,33,34,18,44,0],"gold":233,"neow_bonus":"TEN_PERCENT_HP_BONUS","is_prod":false,"is_daily":false,"chose_seed":false,"campfire_upgraded":2,"win_rate":0,"timestamp":1564354150,"path_taken":["M","?","M","?","?","R","E","R","T","?","R","?","M","E","R","BOSS"],"build_version":"2019-07-17","purchased_purges":0,"victory":false,"max_hp_per_floor":[88,88,88,88,88,88,88,88,88,88,88,88,88,88,88,88],"card_choices":[{"not_picked":["Cleave","Headbutt"],"picked":"Carnage","floor":1},{"not_picked":["Combust","Clothesline"],"picked":"Flex","floor":3},{"not_picked":["Reckless Charge","Iron Wave"],"picked":"Dual Wield","floor":7},{"not_picked":["Twin Strike","Flex"],"picked":"Fire Breathing","floor":13},{"not_picked":["Intimidate","True Grit","Corruption"],"picked":"SKIP","floor":13},{"not_picked":["Havoc","Intimidate"],"picked":"True Grit","floor":14}],"player_experience":195162,"relics_obtained":[{"floor":7,"key":"Nunchaku"},{"floor":12,"key":"Prayer Wheel"},{"floor":14,"key":"Bird Faced Urn"}],"event_choices":[{"cards_removed":["Strike_R"],"damage_healed":0,"gold_gain":0,"player_choice":"Card Removal","damage_taken":7,"max_hp_gain":0,"max_hp_loss":0,"event_name":"Golden Wing","floor":2,"gold_loss":0},{"cards_removed":["Defend_R"],"damage_healed":0,"gold_gain":0,"player_choice":"Card Removal","damage_taken":0,"max_hp_gain":0,"max_hp_loss":0,"event_name":"The Cleric","floor":4,"gold_loss":50},{"cards_removed":["Strike_R"],"damage_healed":0,"gold_gain":0,"player_choice":"Forget","damage_taken":0,"max_hp_gain":0,"max_hp_loss":0,"event_name":"Living Wall","floor":5,"gold_loss":0},{"damage_healed":0,"gold_gain":75,"player_choice":"Gather Gold","damage_taken":11,"max_hp_gain":0,"max_hp_loss":0,"event_name":"World of Goop","floor":10,"gold_loss":0}],"is_beta":false,"boss_relics":[],"items_purged_floors":[],"is_endless":false,"potions_floor_spawned":[1,3,13,14],"killed_by":"The Guardian","ascension_level":1}