{"gold_per_floor":[359,359,386,415,450,450,193,193,226,256,287,287,162,162,191,218,250,283],"floor_reached":19,"playtime":468,"items_purged":["Strike_R","Strike_R","Strike_R"],"score":645,"play_id":"0ccddf2d-730e-421d-a9ec-fdeaa8926967","local_time":"20190402233505","daily_mods":["Uncertain Future"],"is_ascension_mode":false,"campfire_choices":[{"data":"Bash","floor":2,"key":"SMITH"},{"data":"Flex","floor":8,"key":"SMITH"},{"data":"Offering","floor":14,"key":"SMITH"}],"neow_cost":"","seed_source_timestamp":0,"circlet_count":0,"master_deck":["Strike_R","Strike_R","Defend_R","Defend_R","Defend_R","Defend_R","Bash+1","Sever Soul","Pummel","Offering+1","Anger","Flex+1","Corruption+1","Evolve+1","Dark Embrace+1","Fiend Fire","Power Through"],"relics":["Burning Blood","Black Star","Sling","PreservedInsect","Champion Belt","Frozen Egg 2","Orichalcum","Oddly Smooth Stone","Bottled Lightning","Gremlin Horn","Mummified Hand","White Beast Statue","Bag of Preparation","Regal Pillow","Dead Branch","Strawberry","Anchor","Pen Nib","Boot","Runic Dome","Ancient Tea Set","Darkstone Periapt","Gambling Chip","Letter Opener","Self Forming Clay","Nunchaku","Potion Belt","Vajra"],"potions_floor_usage":[4,9],"damage_taken":[{"damage":0,"enemies":"Gremlin Nob","floor":3,"turns":2},{"damage":9,"enemies":"3 Sentries","floor":4,"turns":5},{"damage":0,"enemies":"Lagavulin","floor":5,"turns":3},{"damage":6,"enemies":"Gremlin Leader","floor":9,"turns":1},{"damage":6,"enemies":"Slavers","floor":10,"turns":1},{"damage":0,"enemies":"Book of Stabbing","floor":11,"turns":3},{"damage":6,"enemies":"Giant Head","floor":15,"turns":1},{"damage":6,"enemies":"Reptomancer","floor":16,"turns":1},{"damage":6,"enemies":"Nemesis","floor":17,"turns":1},{"damage":12,"enemies":"Shield and Spear","floor":18,"turns":1}],"seed_played":"7581793344712958971","potions_obtained":[{"floor":3,"key":"SteroidPotion"},{"floor":4,"key":"SteroidPotion"},{"floor":9,"key":"SteroidPotion"},{"floor":10,"key":"Swift Potion"},{"floor":15,"key":"PowerPotion"},{"floor":17,"key":"Swift Potion"},{"floor":18,"key":"Dexterity Potion"}],"is_trial":true,"path_per_floor":["$","R","E","E","E","T","$","R","E","E","E","T","$","R","E","E","E","E",null],"character_chosen":"IRONCLAD","items_purchased":["Champion Belt","Sever Soul","PowerPotion","Pummel","Regen Potion","Bag of Preparation"],"campfire_rested":0,"item_purchase_floors":[1,1,1,1,1,7],"current_hp_per_floor":[80,80,80,77,80,80,80,80,80,87,87,87,87,87,87,87,87,81],"gold":283,"neow_bonus":"","is_prod":false,"is_daily":false,"chose_seed":false,"campfire_upgraded":3,"win_rate":0,"timestamp":1554215705,"path_taken":["$","R","E","E","E","T","$","R","E","E","E","T","$","R","E","E","E","E"],"build_version":"2019-01-23","purchased_purges":3,"victory":true,"max_hp_per_floor":[80,80,80,80,80,80,80,80,80,87,87,87,87,87,87,87,87,87],"card_choices":[{"not_picked":["Twin Strike","Blood for Blood"],"picked":"Offering","floor":3},{"not_picked":["Warcry","Wild Strike"],"picked":"Anger","floor":4},{"not_picked":["Perfected Strike","Havoc"],"picked":"Flex","floor":5},{"not_picked":["Reaper","Thunderclap"],"picked":"Corruption+1","floor":9},{"not_picked":["Armaments","Shrug It Off","Wild Strike"],"picked":"SKIP","floor":10},{"not_picked":["Iron Wave","Whirlwind"],"picked":"Evolve+1","floor":11},{"not_picked":["Perfected Strike","Burning Pact"],"picked":"Dark Embrace+1","floor":15},{"not_picked":["Shrug It Off","Armaments"],"picked":"Fiend Fire","floor":16},{"not_picked":["Shrug It Off","Burning Pact","Rupture+1"],"picked":"SKIP","floor":17},{"not_picked":["Uppercut","Thunderclap"],"picked":"Power Through","floor":18}],"player_experience":4686519,"relics_obtained":[{"floor":3,"key":"Frozen Egg 2"},{"floor":3,"key":"Orichalcum"},{"floor":4,"key":"Oddly Smooth Stone"},{"floor":4,"key":"Bottled Lightning"},{"floor":5,"key":"Gremlin Horn"},{"floor":5,"key":"Mummified Hand"},{"floor":9,"key":"Regal Pillow"},{"floor":9,"key":"Dead Branch"},{"floor":10,"key":"Strawberry"},{"floor":10,"key":"Anchor"},{"floor":11,"key":"Pen Nib"},{"floor":11,"key":"Boot"},{"floor":15,"key":"Ancient Tea Set"},{"floor":15,"key":"Darkstone Periapt"},{"floor":16,"key":"Gambling Chip"},{"floor":16,"key":"Letter Opener"},{"floor":17,"key":"Self Forming Clay"},{"floor":17,"key":"Nunchaku"},{"floor":18,"key":"Potion Belt"},{"floor":18,"key":"Vajra"}],"event_choices":[],"is_beta":false,"boss_relics":[{"not_picked":["Black Blood","Snecko Eye"],"picked":"White Beast Statue"},{"not_picked":["Lizard Tail","Velvet Choker"],"picked":"Runic Dome"}],"items_purged_floors":[1,7,13],"is_endless":false,"potions_floor_spawned":[3,4,9,10,11,15,16,17,18],"ascension_level":0}