{"gold_per_floor":[109,109,127,302,320,353,353,12,36,36],"floor_reached":10,"playtime":1207,"items_purged":["Doubt"],"score":78,"play_id":"c6885814-38fa-41ee-b795-c625ebb20c02","local_time":"20190721102334","is_ascension_mode":true,"campfire_choices":[],"neow_cost":"NONE","seed_source_timestamp":62080551986901,"circlet_count":0,"master_deck":["Strike_R+1","Strike_R","Strike_R","Strike_R","Strike_R+1","Defend_R+1","Defend_R","Defend_R","Defend_R","Bash","Madness","Pommel Strike","Shrug It Off","Pommel Strike","Headbutt+1","Corruption"],"special_seed":0,"relics":["Burning Blood","Bag of Preparation","TheAbacus","Whetstone"],"potions_floor_usage":[7],"damage_taken":[{"damage":2.0,"enemies":"Jaw Worm","floor":1.0,"turns":3.0},{"damage":0.0,"enemies":"2 Louse","floor":3.0,"turns":3.0},{"damage":5.0,"enemies":"Small Slimes","floor":5.0,"turns":3.0},{"damage":56,"enemies":"Gremlin Nob","floor":6,"turns":5},{"damage":15,"enemies":"Exordium Thugs","floor":7,"turns":5},{"damage":20,"enemies":"3 Sentries","floor":10,"turns":6}],"seed_played":"-336222389964181669","potions_obtained":[{"floor":1.0,"key":"SmokeBomb"}],"is_trial":false,"path_per_floor":["M","?","M","?","M","E","M","$","T","E"],"character_chosen":"IRONCLAD","items_purchased":["TheAbacus","Corruption"],"campfire_rested":0,"item_purchase_floors":[8,8],"current_hp_per_floor":[80,64,70,70,71,21,12,12,12,0],"gold":36,"neow_bonus":"RANDOM_COLORLESS","is_prod":false,"is_daily":false,"chose_seed":false,"campfire_upgraded":0,"win_rate":0,"timestamp":1563729814,"path_taken":["M","?","M","?","M","E","M","$","T","E"],"build_version":"2019-07-17","purchased_purges":1,"victory":false,"max_hp_per_floor":[80,80,80,80,80,80,80,80,80,80],"card_choices":[{"not_picked":["Spot Weakness","Rupture"],"picked":"Pommel Strike","floor":1.0},{"not_picked":["Clash","Seeing Red"],"picked":"Shrug It Off","floor":3.0},{"not_picked":["Wild Strike","Dark Embrace"],"picked":"Pommel Strike","floor":5.0},{"not_picked":["Wild Strike","Body Slam"],"picked":"Headbutt","floor":6}],"player_experience":44336,"relics_obtained":[{"floor":6,"key":"Bag of Preparation"},{"floor":9,"key":"Whetstone"}],"event_choices":[{"damage_healed":0.0,"max_hp_gain":0.0,"max_hp_loss":0.0,"gold_gain":0.0,"event_name":"Shining Light","player_choice":"Entered Light","floor":2.0,"gold_loss":0.0,"damage_taken":16.0,"cards_upgraded":["Strike_R","Defend_R"]},{"damage_healed":0.0,"max_hp_gain":0.0,"max_hp_loss":0.0,"gold_gain":175.0,"event_name":"Liars Game","player_choice":"AGREE","floor":4.0,"gold_loss":0.0,"damage_taken":0.0,"cards_obtained":["Doubt"]}],"is_beta":false,"boss_relics":[],"items_purged_floors":[8],"is_endless":false,"potions_floor_spawned":[1,7],"killed_by":"3 Sentries","ascension_level":3}