{"gold_per_floor":[113,130,130,130,149,149,149,182,182,213,56,56,73,104,104,180,180,198,198,222,13,27,27,46,46,46,46,76,93,110,136,136,208,208,223,223,12,234,250,284,300,300,300,333,346,79,104,154,154,154,154,154,154,4,38,38],"floor_reached":57,"playtime":2554,"items_purged":["Twin Strike+1","Inflame"],"score":3477,"play_id":"101c3b03-019d-4d71-9d1e-920f4fa22ad4","local_time":"20190605202015","is_ascension_mode":true,"campfire_choices":[{"data":"Iron Wave","floor":6.0,"key":"SMITH"},{"data":"Body Slam","floor":12,"key":"SMITH"},{"data":"Iron Wave","floor":15,"key":"SMITH"},{"data":"Evolve","floor":23,"key":"SMITH"},{"data":"Footwork","floor":27,"key":"SMITH"},{"data":"Juggernaut","floor":32,"key":"SMITH"},{"floor":42,"key":"RECALL"},{"data":"Impervious","floor":49,"key":"SMITH"},{"floor":53,"key":"REST"}],"neow_cost":"","seed_source_timestamp":856351354820600,"circlet_count":0,"master_deck":["Footwork+1","Iron Wave+1","Iron Wave+1","Iron Wave+1","Iron Wave+1","Impervious+1","Body Slam+1","Juggernaut+1","Fiend Fire+1","Evolve+1","Flash of Steel+1","Warcry+1","RitualDagger+1","Shrug It Off+1","Exhume+1","Shockwave+1","Master of Strategy+1","Flash of Steel+1","True Grit+1","Iron Wave+1","Warcry+1","True Grit+1","Iron Wave+1","Master of Strategy+1"],"special_seed":0,"relics":["Burning Blood","Self Forming Clay","Gambling Chip","Toxic Egg 2","Thread and Needle","Happy Flower","Molten Egg 2","Mark of Pain","Sundial","Red Mask","Pantograph","Runic Pyramid","Lantern","Dodecahedron","The Courier","Whetstone","Pen Nib","Strawberry","Bronze Scales"],"potions_floor_usage":[16,56],"damage_taken":[{"damage":1.0,"enemies":"Cultist","floor":1.0,"turns":4.0},{"damage":2.0,"enemies":"Jaw Worm","floor":2.0,"turns":2.0},{"damage":5.0,"enemies":"Small Slimes","floor":5.0,"turns":2.0},{"damage":7,"enemies":"3 Sentries","floor":8,"turns":7},{"damage":0,"enemies":"Gremlin Nob","floor":10,"turns":3},{"damage":0,"enemies":"Red Slaver","floor":13,"turns":1},{"damage":6,"enemies":"3 Sentries","floor":14,"turns":4},{"damage":0,"enemies":"The Guardian","floor":16,"turns":6},{"damage":5,"enemies":"Shell Parasite","floor":18,"turns":3},{"damage":0,"enemies":"3 Byrds","floor":22,"turns":3},{"damage":0,"enemies":"Centurion and Healer","floor":24,"turns":4},{"damage":2,"enemies":"Masked Bandits","floor":28,"turns":3},{"damage":0,"enemies":"Chosen and Byrds","floor":29,"turns":3},{"damage":5,"enemies":"Shelled Parasite and Fungi","floor":30,"turns":3},{"damage":0,"enemies":"Book of Stabbing","floor":31,"turns":4},{"damage":0,"enemies":"Automaton","floor":33,"turns":3},{"damage":0,"enemies":"Orb Walker","floor":35,"turns":3},{"damage":0,"enemies":"3 Shapes","floor":39,"turns":2},{"damage":0,"enemies":"Reptomancer","floor":40,"turns":4},{"damage":0,"enemies":"Jaw Worm Horde","floor":41,"turns":2},{"damage":0,"enemies":"Nemesis","floor":44,"turns":3},{"damage":0,"enemies":"Transient","floor":45,"turns":5},{"damage":9,"enemies":"Reptomancer","floor":47,"turns":4},{"damage":0,"enemies":"Donu and Deca","floor":50,"turns":5},{"damage":0,"enemies":"Awakened One","floor":51,"turns":7},{"damage":0,"enemies":"Shield and Spear","floor":55,"turns":3},{"damage":43,"enemies":"The Heart","floor":56,"turns":8}],"seed_played":"-3404463468502073470","potions_obtained":[{"floor":1.0,"key":"Weak Potion"},{"floor":5.0,"key":"SneckoOil"},{"floor":10,"key":"PowerPotion"},{"floor":24,"key":"PowerPotion"},{"floor":30,"key":"Energy Potion"}],"is_trial":true,"path_per_floor":["M","M","?","T","M","R","?","E","T","E","$","R","M","E","R","B",null,"M","?","T","$","M","R","M","?","T","R","?","M","M","E","R","B",null,"M","?","$","?","M","E","M","R","T","E","M","$","E","?","R","B","B",null,"R","$","E","B",null],"character_chosen":"IRONCLAD","items_purchased":["Happy Flower","Evolve","Flash of Steel+1","True Grit+1","Iron Wave+1","Whetstone","Pen Nib","Iron Wave+1","Master of Strategy+1"],"campfire_rested":1,"item_purchase_floors":[11,21,21,37,37,46,46,46,54],"current_hp_per_floor":[73,75,75,75,75,75,75,74,74,75,75,75,75,75,75,75,75,75,75,75,75,75,75,75,69,69,69,73,75,75,75,75,75,75,75,65,65,65,71,75,75,75,75,75,75,75,79,79,79,82,82,82,82,82,82,45],"gold":38,"neow_bonus":"","is_prod":false,"is_daily":false,"chose_seed":false,"campfire_upgraded":7,"win_rate":0,"timestamp":1559733615,"path_taken":["M","?","?","?","M","R","?","E","T","E","$","R","M","E","R","BOSS","M","?","?","$","M","R","M","?","T","R","?","M","?","E","R","BOSS","M","?","$","?","M","E","M","R","T","E","M","$","E","?","R","BOSS","BOSS","R","$","E","BOSS"],"build_version":"2019-01-23","purchased_purges":2,"victory":true,"max_hp_per_floor":[75,75,75,75,75,75,75,75,75,75,75,75,75,75,75,75,75,75,75,75,75,75,75,75,75,75,75,75,75,75,75,75,75,75,75,75,75,75,75,75,75,75,75,75,75,75,82,82,82,82,82,82,82,82,82,82],"card_choices":[{"not_picked":["Power Through","Second Wind"],"picked":"Clash","floor":1.0},{"not_picked":["Warcry","Burning Pact","Dropkick"],"picked":"SKIP","floor":2.0},{"not_picked":["True Grit","Spot Weakness"],"picked":"Rampage","floor":5.0},{"not_picked":["Carnage","Perfected Strike"],"picked":"Impervious","floor":8},{"not_picked":["Intimidate+1","Spot Weakness+1"],"picked":"Body Slam","floor":10},{"not_picked":["Twin Strike","Rupture","True Grit+1"],"picked":"SKIP","floor":13},{"not_picked":["Combust","Anger","Wild Strike"],"picked":"SKIP","floor":14},{"not_picked":["Dark Embrace","Brutality"],"picked":"Juggernaut","floor":16},{"not_picked":["Shrug It Off+1","Ghostly Armor+1","Thunderclap+1"],"picked":"SKIP","floor":18},{"not_picked":["Blood for Blood+1","Twin Strike+1"],"picked":"Warcry+1","floor":22},{"not_picked":["Armaments+1","Pommel Strike+1","Headbutt+1"],"picked":"SKIP","floor":24},{"not_picked":["Wild Strike+1","Rampage+1","Rupture+1"],"picked":"SKIP","floor":29},{"not_picked":["Wild Strike+1","Rampage+1","Rupture+1"],"picked":"SKIP","floor":29},{"not_picked":["Demon Form","Rupture+1","Thunderclap+1"],"picked":"SKIP","floor":30},{"not_picked":["Twin Strike+1","Body Slam+1"],"picked":"Shrug It Off+1","floor":31},{"not_picked":["Brutality","Feed+1"],"picked":"Exhume+1","floor":33},{"not_picked":["Armaments+1","Intimidate+1"],"picked":"Shockwave+1","floor":35},{"not_picked":["Forethought+1","Trip+1"],"picked":"Master of Strategy+1","floor":36},{"not_picked":["Good Instincts+1","Trip+1"],"picked":"Flash of Steel+1","floor":36},{"not_picked":["Rampage+1","Spot Weakness+1"],"picked":"Warcry+1","floor":39},{"not_picked":["Flame Barrier+1","Thunderclap+1"],"picked":"True Grit+1","floor":40},{"not_picked":["Power Through+1","Body Slam+1","Anger+1"],"picked":"SKIP","floor":41},{"not_picked":["Headbutt+1","Armaments+1","Second Wind+1"],"picked":"SKIP","floor":44},{"not_picked":["Demon Form","Heavy Blade+1","Flame Barrier+1"],"picked":"SKIP","floor":45},{"not_picked":["Demon Form","Heavy Blade+1","Flame Barrier+1"],"picked":"SKIP","floor":45},{"not_picked":["Heavy Blade+1","Cleave+1","Anger+1"],"picked":"SKIP","floor":47},{"not_picked":["Reckless Charge+1","Clothesline+1","Havoc+1"],"picked":"SKIP","floor":55}],"player_experience":5266527,"relics_obtained":[{"floor":4.0,"key":"Self Forming Clay"},{"floor":8,"key":"Gambling Chip"},{"floor":9,"key":"Toxic Egg 2"},{"floor":10,"key":"Thread and Needle"},{"floor":14,"key":"Molten Egg 2"},{"floor":26,"key":"Sundial"},{"floor":28,"key":"Red Mask"},{"floor":31,"key":"Pantograph"},{"floor":40,"key":"Lantern"},{"floor":43,"key":"Dodecahedron"},{"floor":44,"key":"The Courier"},{"floor":47,"key":"Strawberry"},{"floor":55,"key":"Bronze Scales"}],"event_choices":[{"damage_healed":0.0,"max_hp_gain":0.0,"max_hp_loss":0.0,"gold_gain":0.0,"event_name":"Liars Game","player_choice":"Ignored","floor":3.0,"gold_loss":0.0,"damage_taken":0.0},{"damage_healed":0,"gold_gain":0,"player_choice":"Ignored","damage_taken":0,"max_hp_gain":0,"max_hp_loss":0,"event_name":"Purifier","floor":7,"gold_loss":0},{"damage_healed":0,"gold_gain":0,"cards_transformed":["Clash","Rampage"],"player_choice":"Became Test Subject","damage_taken":0,"max_hp_gain":0,"max_hp_loss":0,"event_name":"Drug Dealer","floor":19,"gold_loss":0,"cards_obtained":["Fiend Fire","Twin Strike"]},{"damage_healed":0,"gold_gain":0,"player_choice":"Joined the Cult","damage_taken":6,"max_hp_gain":0,"max_hp_loss":0,"event_name":"Nest","floor":25,"gold_loss":0,"cards_obtained":["RitualDagger"]},{"damage_healed":0,"gold_gain":0,"player_choice":"Fought Bandits","damage_taken":0,"max_hp_gain":0,"max_hp_loss":0,"event_name":"Masked Bandits","floor":28,"gold_loss":0},{"damage_healed":0,"gold_gain":0,"player_choice":"Memory 3","damage_taken":10,"max_hp_gain":0,"max_hp_loss":0,"event_name":"SensoryStone","floor":36,"gold_loss":0},{"damage_healed":0,"gold_gain":222,"player_choice":"Wore Mask","damage_taken":0,"max_hp_gain":0,"max_hp_loss":0,"event_name":"Tomb of Lord Red Mask","floor":38,"gold_loss":0},{"damage_healed":0,"gold_gain":50,"player_choice":"Pray","damage_taken":0,"max_hp_gain":0,"max_hp_loss":0,"event_name":"Golden Shrine","floor":48,"gold_loss":0}],"is_beta":false,"boss_relics":[{"not_picked":["Runic Cube","Snecko Eye"],"picked":"Mark of Pain"},{"not_picked":["Philosopher\u0027s Stone","Velvet Choker"],"picked":"Runic Pyramid"}],"items_purged_floors":[21,37],"is_endless":false,"potions_floor_spawned":[1,5,10,14,24,30,31,33,40,44,47],"ascension_level":20}