{"gold_per_floor":[233,38,150,261,378,378,221,221,634,749,868,868,22,22,136,253,373,491],"floor_reached":19,"playtime":836,"items_purged":["Strike_R","Strike_R","Strike_R","Strike_R"],"score":2740,"play_id":"f977dcdf-3310-4fe1-a69f-4cc1dcf9ed24","local_time":"20190403002658","daily_mods":["Uncertain Future"],"is_ascension_mode":false,"campfire_choices":[{"data":"Bash","floor":8,"key":"SMITH"},{"data":"1","floor":14,"key":"LIFT"}],"neow_cost":"","seed_source_timestamp":0,"circlet_count":0,"master_deck":["Strike_R","Defend_R+1","Defend_R","Defend_R+1","Defend_R","Bash+1","Carnage+1","Pommel Strike+1","Wild Strike+1","Flex+1","True Grit+1","Shrug It Off+1","Body Slam+1","Body Slam+1","True Grit+1","Shrug It Off+1","Corruption+1","Intimidate+1","Havoc+1","Corruption+1","Evolve+1","Evolve+1","Flash of Steel+1","Warcry+1","Shrug It Off+1","Feel No Pain+1","Shrug It Off+1","Corruption+1","Burning Pact+1","Body Slam+1","Disarm+1","Bandage Up+1","Apotheosis+1","Fiend Fire+1"],"relics":["Burning Blood","The Courier","Molten Egg 2","Toxic Egg 2","Frozen Egg 2","War Paint","FossilizedHelix","Dead Branch","Runic Dome","Old Coin","Girya","Turnip","Cursed Key","Blood Vial","Strawberry","Bronze Scales","Pear","Darkstone Periapt","Boot","Sundial"],"potions_floor_usage":[17],"damage_taken":[{"damage":37,"enemies":"Hexaghost","floor":3,"turns":6},{"damage":1,"enemies":"Slime Boss","floor":4,"turns":8},{"damage":0,"enemies":"The Guardian","floor":5,"turns":9},{"damage":0,"enemies":"Automaton","floor":9,"turns":4},{"damage":0,"enemies":"Collector","floor":10,"turns":4},{"damage":7,"enemies":"Champ","floor":11,"turns":5},{"damage":5,"enemies":"Awakened One","floor":15,"turns":5},{"damage":0,"enemies":"Donu and Deca","floor":16,"turns":3},{"damage":0,"enemies":"Time Eater","floor":17,"turns":3},{"damage":1,"enemies":"The Heart","floor":18,"turns":7}],"seed_played":"4817622837407206702","potions_obtained":[{"floor":5,"key":"Poison Potion"},{"floor":9,"key":"Regen Potion"},{"floor":10,"key":"Poison Potion"},{"floor":15,"key":"Regen Potion"},{"floor":17,"key":"Poison Potion"}],"is_trial":true,"path_per_floor":["$","$","M","M","M","T","$","R","M","M","M","T","$","R","M","M","M","M",null],"character_chosen":"IRONCLAD","items_purchased":["Carnage+1","Pommel Strike+1","Wild Strike+1","Flex+1","True Grit+1","Shrug It Off+1","Body Slam+1","Body Slam+1","True Grit+1","Shrug It Off+1","Corruption+1","Intimidate+1","Havoc+1","Corruption+1","Evolve+1","Evolve+1","Flash of Steel+1","Warcry+1","Corruption+1","Bandage Up+1","Apotheosis+1","Fiend Fire+1","Blood Vial","Strawberry","Bronze Scales","SkillPotion"],"campfire_rested":0,"item_purchase_floors":[1,1,1,1,1,1,1,1,1,1,1,1,1,1,1,1,2,2,7,13,13,13,13,13,13,13],"current_hp_per_floor":[80,80,49,54,60,60,60,60,66,72,71,71,78,78,97,97,97,97],"gold":491,"neow_bonus":"","is_prod":false,"is_daily":false,"chose_seed":false,"campfire_upgraded":1,"win_rate":0,"timestamp":1554218818,"path_taken":["$","$","M","M","M","T","$","R","M","M","M","T","$","R","M","M","M","M"],"build_version":"2019-01-23","purchased_purges":4,"victory":true,"max_hp_per_floor":[80,80,80,80,80,80,80,80,80,80,80,80,87,87,97,97,97,97],"card_choices":[{"not_picked":["Dual Wield+1","Bloodletting+1"],"picked":"Shrug It Off+1","floor":3},{"not_picked":["Sword Boomerang+1","Twin Strike+1"],"picked":"Feel No Pain+1","floor":4},{"not_picked":["Metallicize+1","Warcry+1"],"picked":"Shrug It Off+1","floor":5},{"not_picked":["Wild Strike+1","Shrug It Off+1"],"picked":"Burning Pact+1","floor":9},{"not_picked":["Fire Breathing+1","Power Through+1"],"picked":"Body Slam+1","floor":10},{"not_picked":["Havoc+1","Metallicize+1"],"picked":"Disarm+1","floor":11},{"not_picked":["Twin Strike+1","Spot Weakness+1","Clothesline+1"],"picked":"SKIP","floor":15},{"not_picked":["Pommel Strike+1","Heavy Blade+1","Perfected Strike+1"],"picked":"SKIP","floor":16},{"not_picked":["Spot Weakness+1","Flex+1","Twin Strike+1"],"picked":"SKIP","floor":17}],"player_experience":4688810,"relics_obtained":[{"floor":3,"key":"War Paint"},{"floor":4,"key":"FossilizedHelix"},{"floor":5,"key":"Dead Branch"},{"floor":9,"key":"Old Coin"},{"floor":10,"key":"Girya"},{"floor":11,"key":"Turnip"},{"floor":15,"key":"Pear"},{"floor":16,"key":"Darkstone Periapt"},{"floor":17,"key":"Boot"},{"floor":18,"key":"Sundial"}],"event_choices":[],"is_beta":false,"boss_relics":[{"not_picked":["Busted Crown","White Beast Statue"],"picked":"Runic Dome"},{"not_picked":["Snecko Eye","Calling Bell"],"picked":"Cursed Key"}],"items_purged_floors":[1,2,7,13],"is_endless":false,"potions_floor_spawned":[5,9,10,15,17],"ascension_level":0}