{"gold_per_floor":[113,113,113,128,2,2,22,22,22,47,47,70,70,114,114,209,209,173,173,21,21],"floor_reached":21,"playtime":833,"items_purged":["Strike_G","Defend_G"],"score":354,"play_id":"bfbde278-ea1d-4904-8de8-e554cee06b10","local_time":"20190408011139","is_ascension_mode":true,"campfire_choices":[{"floor":6,"key":"REST"},{"data":"A Thousand Cuts","floor":11,"key":"SMITH"},{"data":"Cloak And Dagger","floor":13,"key":"SMITH"},{"data":"Neutralize","floor":15,"key":"SMITH"}],"neow_cost":"NONE","seed_source_timestamp":455983315775400,"circlet_count":0,"master_deck":["AscendersBane","Defend_G","Defend_G","Defend_G","Defend_G","Strike_G","Strike_G","Strike_G","Strike_G","Survivor","Neutralize+1","Tools of the Trade","Poisoned Stab","Backstab","Underhanded Strike","A Thousand Cuts+1","Infinite Blades","Cloak And Dagger+1","Footwork","Wraith Form v2","Choke","Dodge and Roll"],"relics":["Ring of the Snake","Ninja Scroll","Bloody Idol","Kunai","Ancient Tea Set","Velvet Choker"],"potions_floor_usage":[16],"damage_taken":[{"damage":3,"enemies":"Cultist","floor":1,"turns":5},{"damage":0,"enemies":"Small Slimes","floor":4,"turns":3},{"damage":0,"enemies":"Jaw Worm","floor":7,"turns":2},{"damage":5,"enemies":"Large Slime","floor":10,"turns":5},{"damage":0,"enemies":"2 Fungi Beasts","floor":12,"turns":1},{"damage":4,"enemies":"Gremlin Nob","floor":14,"turns":3},{"damage":10,"enemies":"Hexaghost","floor":16,"turns":8},{"damage":19,"enemies":"2 Thieves","floor":18,"turns":5},{"damage":0,"enemies":"Chosen","floor":21,"turns":1}],"seed_played":"1414874929704116295","potions_obtained":[{"floor":4,"key":"FearPotion"},{"floor":7,"key":"EssenceOfSteel"}],"is_trial":false,"path_per_floor":["M","?","?","M","$","R","M","?","T","M","R","M","R","E","R","B",null,"M","?","$","M"],"character_chosen":"THE_SILENT","items_purchased":["Underhanded Strike","Dodge and Roll"],"campfire_rested":1,"item_purchase_floors":[5,20],"current_hp_per_floor":[56,51,28,28,28,47,47,52,52,47,47,47,47,43,43,33,62,43,43,43,43],"gold":21,"neow_bonus":"ONE_RANDOM_RARE_CARD","is_prod":false,"is_daily":false,"chose_seed":false,"campfire_upgraded":3,"win_rate":0,"timestamp":1554653499,"path_taken":["M","?","?","M","$","R","M","?","T","M","R","M","R","E","R","BOSS","M","?","$","M"],"build_version":"2019-01-23","purchased_purges":2,"victory":false,"max_hp_per_floor":[66,66,66,66,66,66,66,71,71,71,71,71,71,71,71,71,71,71,71,71,71],"card_choices":[{"not_picked":["Deadly Poison","Slice"],"picked":"Poisoned Stab","floor":1},{"not_picked":["Poisoned Stab","PiercingWail"],"picked":"Backstab","floor":4},{"not_picked":["Infinite Blades","Prepared"],"picked":"A Thousand Cuts","floor":7},{"not_picked":["Sucker Punch","Poisoned Stab"],"picked":"Infinite Blades","floor":10},{"not_picked":["Catalyst","Sucker Punch"],"picked":"Cloak And Dagger","floor":12},{"not_picked":["Sucker Punch","Poisoned Stab"],"picked":"Footwork","floor":14},{"not_picked":["Doppelganger","Corpse Explosion"],"picked":"Wraith Form v2","floor":16},{"not_picked":["Backstab","All Out Attack"],"picked":"Choke","floor":18}],"player_experience":4722781,"relics_obtained":[{"floor":9,"key":"Kunai"},{"floor":14,"key":"Ancient Tea Set"}],"event_choices":[{"damage_healed":0,"gold_gain":0,"player_choice":"Success","damage_taken":5,"relics_obtained":["Ninja Scroll"],"max_hp_gain":0,"max_hp_loss":0,"event_name":"Scrap Ooze","floor":2,"gold_loss":0},{"damage_healed":0,"gold_gain":0,"player_choice":"Take Damage","damage_taken":23,"relics_obtained":["Golden Idol"],"max_hp_gain":0,"max_hp_loss":0,"event_name":"Golden Idol","floor":3,"gold_loss":0},{"damage_healed":0,"gold_gain":0,"player_choice":"Donut","damage_taken":0,"max_hp_gain":5,"max_hp_loss":0,"event_name":"Big Fish","floor":8,"gold_loss":0},{"damage_healed":0,"gold_gain":0,"player_choice":"Gave Idol","damage_taken":0,"relics_obtained":["Bloody Idol"],"max_hp_gain":0,"max_hp_loss":0,"event_name":"Forgotten Altar","floor":19,"relics_lost":["Golden Idol"],"gold_loss":0}],"is_beta":false,"boss_relics":[{"not_picked":["Calling Bell","Ectoplasm"],"picked":"Velvet Choker"}],"items_purged_floors":[5,20],"is_endless":false,"potions_floor_spawned":[4,7,14],"killed_by":"Chosen","ascension_level":20}