{"gold_per_floor":[118,137,149,167,177,205,221,240,240,240,240,265,265,276,276,355,355,374,264,189,89,89,89],"floor_reached":23,"playtime":747,"items_purged":["Strike_R","Strike_R"],"score":456,"play_id":"d111ffd0-844f-4ce5-9bf6-b10ec8474b01","local_time":"20190512005339","is_ascension_mode":true,"campfire_choices":[{"data":"Armaments","floor":10.0,"key":"SMITH"},{"data":"Bloodletting","floor":15.0,"key":"SMITH"}],"neow_cost":"NONE","seed_source_timestamp":542539960151199,"circlet_count":0,"master_deck":["AscendersBane","Strike_R+1","Defend_R","Defend_R","Defend_R+1","Defend_R","Bash","Iron Wave","Armaments+1","Headbutt","Clash","Cleave","Barricade+1","Dropkick","Body Slam","Ghostly Armor","Exhume","Bloodletting+1","Feed","True Grit+1"],"special_seed":0,"relics":["Burning Blood","Centennial Puzzle","Kunai","Paper Frog","Cursed Key"],"potions_floor_usage":[],"damage_taken":[{"damage":2.0,"enemies":"Jaw Worm","floor":1.0,"turns":5.0},{"damage":5.0,"enemies":"Small Slimes","floor":2.0,"turns":3.0},{"damage":3.0,"enemies":"2 Louse","floor":3.0,"turns":4.0},{"damage":18.0,"enemies":"Exordium Thugs","floor":4.0,"turns":7.0},{"damage":5.0,"enemies":"2 Fungi Beasts","floor":5.0,"turns":5.0},{"damage":10.0,"enemies":"3 Sentries","floor":6.0,"turns":4.0},{"damage":12.0,"enemies":"Red Slaver","floor":7.0,"turns":5.0},{"damage":8.0,"enemies":"Blue Slaver","floor":8.0,"turns":5.0},{"damage":0.0,"enemies":"Lagavulin","floor":12.0,"turns":8.0},{"damage":8.0,"enemies":"Exordium Wildlife","floor":14.0,"turns":3.0},{"damage":40.0,"enemies":"Slime Boss","floor":16.0,"turns":10.0},{"damage":13.0,"enemies":"2 Thieves","floor":18.0,"turns":4.0},{"damage":64,"enemies":"Book of Stabbing","floor":23,"turns":6}],"seed_played":"2631145037273475632","potions_obtained":[{"floor":2.0,"key":"Weak Potion"},{"floor":3.0,"key":"Explosive Potion"},{"floor":6.0,"key":"Regen Potion"},{"floor":8.0,"key":"SteroidPotion"},{"floor":12.0,"key":"BloodPotion"}],"is_trial":false,"path_per_floor":["M","M","M","M","M","E","M","M","T","R","?","E","?","M","R","B",null,"M","?","$","$","?","E"],"character_chosen":"IRONCLAD","items_purchased":[],"campfire_rested":0,"item_purchase_floors":[],"current_hp_per_floor":[72,73,75,63,64,60,68,66,66,66,66,72,49,47,47,20,61,60,60,60,60,60,0],"gold":89,"neow_bonus":"TRANSFORM_CARD","is_prod":false,"is_daily":false,"chose_seed":false,"campfire_upgraded":2,"win_rate":0,"timestamp":1557590019,"path_taken":["M","M","M","M","M","E","M","M","T","R","?","E","?","M","R","BOSS","M","?","?","$","?","E"],"build_version":"2019-01-23","purchased_purges":2,"victory":false,"max_hp_per_floor":[75,75,75,75,75,75,75,75,75,75,75,75,75,75,75,75,75,81,81,81,81,81,81],"card_choices":[{"not_picked":["Sword Boomerang","Clothesline"],"picked":"Armaments","floor":1.0},{"not_picked":["Warcry","Sever Soul"],"picked":"Headbutt","floor":2.0},{"not_picked":["Pommel Strike","Sword Boomerang"],"picked":"Clash","floor":3.0},{"not_picked":["Twin Strike","Warcry"],"picked":"Cleave","floor":4.0},{"not_picked":["Sever Soul","Cleave"],"picked":"Barricade","floor":5.0},{"not_picked":["Disarm","Bloodletting"],"picked":"Dropkick","floor":6.0},{"not_picked":["Cleave","Twin Strike"],"picked":"Body Slam","floor":7.0},{"not_picked":["Inflame","Clothesline"],"picked":"Ghostly Armor","floor":8.0},{"not_picked":["Clash","Thunderclap"],"picked":"Exhume","floor":12.0},{"not_picked":["Pommel Strike","Metallicize"],"picked":"Bloodletting","floor":14.0},{"not_picked":["Barricade","Juggernaut"],"picked":"Feed","floor":16.0},{"not_picked":["Rampage","Sword Boomerang"],"picked":"True Grit+1","floor":18.0}],"player_experience":4988718,"relics_obtained":[{"floor":6.0,"key":"Centennial Puzzle"},{"floor":12.0,"key":"Paper Frog"}],"event_choices":[{"damage_healed":0.0,"max_hp_gain":0.0,"max_hp_loss":0.0,"gold_gain":0.0,"event_name":"Dead Adventurer","player_choice":"Searched \u00271\u0027 times","floor":11.0,"gold_loss":0.0,"damage_taken":0.0,"relics_obtained":["Kunai"]},{"damage_healed":0.0,"max_hp_gain":0.0,"max_hp_loss":0.0,"gold_gain":0.0,"event_name":"Shining Light","player_choice":"Entered Light","floor":13.0,"gold_loss":0.0,"damage_taken":23.0,"cards_upgraded":["Barricade","Defend_R"]},{"cards_removed":["Strike_R"],"damage_healed":0.0,"max_hp_gain":0.0,"max_hp_loss":0.0,"gold_gain":0.0,"event_name":"Designer","player_choice":"Upgrade and Remove","floor":19.0,"gold_loss":110.0,"damage_taken":0.0,"cards_upgraded":["Strike_R"]},{"damage_healed":0.0,"max_hp_gain":0.0,"max_hp_loss":0.0,"gold_gain":0.0,"event_name":"Cursed Tome","player_choice":"Ignored","floor":22.0,"gold_loss":0.0,"damage_taken":0.0}],"is_beta":false,"boss_relics":[{"not_picked":["Fusion Hammer","Calling Bell"],"picked":"Cursed Key"}],"items_purged_floors":[20,21],"is_endless":false,"potions_floor_spawned":[2,3,6,8,12],"killed_by":"Book of Stabbing","ascension_level":20}