{"gold_per_floor":[113,126,145,157,170,170,170,198,198,198,212,212,240,260,260,355,355,375,393,407,420,77,77,2,2,2,127,158,158,158,182,182,277,277,291,291,315,385,398,398],"floor_reached":40,"playtime":1394,"items_purged":["Defend_B"],"score":1070,"play_id":"662c56ae-12af-4a5f-9eee-f596fdf2089b","local_time":"20190727032249","is_ascension_mode":true,"campfire_choices":[{"data":"Hyperbeam","floor":6.0,"key":"SMITH"},{"data":"Dualcast","floor":10.0,"key":"SMITH"},{"data":"Defragment","floor":15.0,"key":"SMITH"},{"data":"Biased Cognition","floor":23.0,"key":"SMITH"},{"data":"Hologram","floor":25.0,"key":"SMITH"},{"floor":30.0,"key":"RECALL"},{"data":"Turbo","floor":32.0,"key":"SMITH"}],"neow_cost":"NONE","seed_source_timestamp":236352109682300,"circlet_count":0,"master_deck":["AscendersBane","Strike_B","Defend_B","Defend_B","Zap","Dualcast+1","Hyperbeam+1","FTL","Auto Shields","Core Surge","Undo","Glacier","Rebound","Turbo+1","Defragment+1","Undo","Biased Cognition+1","Hologram+1","Compile Driver","Gash+1","White Noise","Go for the Eyes"],"special_seed":0,"relics":["Cracked Core","Omamori","PreservedInsect","Vajra","Golden Idol","Odd Mushroom","Busted Crown","Kunai","Lantern","Nunchaku","Meat on the Bone","Gremlin Horn","Empty Cage","Bottled Flame"],"potions_floor_usage":[],"damage_taken":[{"damage":4.0,"enemies":"2 Louse","floor":1.0,"turns":3.0},{"damage":0.0,"enemies":"Small Slimes","floor":2.0,"turns":1.0},{"damage":0.0,"enemies":"Cultist","floor":3.0,"turns":2.0},{"damage":1.0,"enemies":"Exordium Thugs","floor":4.0,"turns":3.0},{"damage":2.0,"enemies":"2 Fungi Beasts","floor":5.0,"turns":3.0},{"damage":0.0,"enemies":"Gremlin Nob","floor":8.0,"turns":3.0},{"damage":0.0,"enemies":"Blue Slaver","floor":11.0,"turns":2.0},{"damage":0.0,"enemies":"The Mushroom Lair","floor":13.0,"turns":2.0},{"damage":0.0,"enemies":"Exordium Wildlife","floor":14.0,"turns":3.0},{"damage":0.0,"enemies":"The Guardian","floor":16.0,"turns":10.0},{"damage":13.0,"enemies":"Chosen","floor":18.0,"turns":4.0},{"damage":0.0,"enemies":"Spheric Guardian","floor":19.0,"turns":5.0},{"damage":3.0,"enemies":"Shelled Parasite and Fungi","floor":20.0,"turns":8.0},{"damage":12.0,"enemies":"Centurion and Healer","floor":21.0,"turns":2.0},{"damage":0.0,"enemies":"Colosseum Slavers","floor":27.0,"turns":2.0},{"damage":7.0,"enemies":"Colosseum Nobs","floor":27.0,"turns":4.0},{"damage":7.0,"enemies":"Gremlin Leader","floor":28.0,"turns":4.0},{"damage":0.0,"enemies":"Snecko","floor":31.0,"turns":5.0},{"damage":0.0,"enemies":"Champ","floor":33.0,"turns":15.0},{"damage":21.0,"enemies":"Orb Walker","floor":35.0,"turns":3.0},{"damage":10.0,"enemies":"3 Darklings","floor":37.0,"turns":6.0},{"damage":0,"enemies":"Sphere and 2 Shapes","floor":39,"turns":4},{"damage":50,"enemies":"Reptomancer","floor":40,"turns":3}],"seed_played":"-3643706083377154514","potions_obtained":[{"floor":2.0,"key":"SkillPotion"},{"floor":3.0,"key":"SteroidPotion"},{"floor":5.0,"key":"FearPotion"},{"floor":8.0,"key":"Swift Potion"},{"floor":18.0,"key":"Strength Potion"},{"floor":19.0,"key":"Strength Potion"},{"floor":28.0,"key":"Strength Potion"},{"floor":29.0,"key":"Weak Potion"},{"floor":37.0,"key":"Poison Potion"}],"is_trial":false,"path_per_floor":["M","M","M","M","M","R","?","E","T","R","M","?","?","M","R","B",null,"M","M","M","M","$","R","?","R","T","?","E","?","R","M","R","B",null,"M","?","M","T","M","E"],"character_chosen":"DEFECT","items_purchased":["Kunai"],"campfire_rested":0,"item_purchase_floors":[22],"current_hp_per_floor":[60,60,60,59,57,57,39,39,39,39,39,39,39,39,39,39,63,50,50,47,35,35,35,35,35,35,28,33,33,33,45,45,45,65,44,44,46,46,46,0],"gold":398,"neow_bonus":"TRANSFORM_CARD","is_prod":false,"is_daily":false,"chose_seed":false,"campfire_upgraded":6,"win_rate":0,"timestamp":1564165369,"path_taken":["M","M","M","M","M","R","?","E","T","R","M","?","?","M","R","BOSS","M","M","M","M","$","R","?","R","T","?","E","?","R","M","R","BOSS","M","?","M","?","M","E"],"build_version":"2019-07-17","purchased_purges":1,"victory":false,"max_hp_per_floor":[71,71,71,71,71,71,71,71,71,71,71,71,71,71,71,71,71,71,71,71,71,71,71,71,71,71,71,71,71,71,71,71,71,71,71,71,71,71,71,71],"card_choices":[{"not_picked":["Compile Driver","Auto Shields"],"picked":"FTL","floor":1.0},{"not_picked":["Steam Power","Heatsinks"],"picked":"Auto Shields","floor":2.0},{"not_picked":["Rebound","Barrage"],"picked":"Core Surge","floor":3.0},{"not_picked":["Beam Cell","Steam"],"picked":"Undo","floor":4.0},{"not_picked":["Double Energy","Rebound"],"picked":"Glacier","floor":5.0},{"not_picked":["Barrage","Steam"],"picked":"Rebound","floor":8.0},{"not_picked":["Cold Snap","Glacier"],"picked":"Turbo","floor":11.0},{"not_picked":["BootSequence","Conserve Battery"],"picked":"Defragment","floor":13.0},{"not_picked":["Machine Learning","Leap"],"picked":"Undo","floor":14.0},{"not_picked":["Core Surge","Meteor Strike"],"picked":"Biased Cognition","floor":16.0},{"not_picked":[],"picked":"Hologram","floor":18.0},{"not_picked":["Gash"],"picked":"SKIP","floor":19.0},{"not_picked":[],"picked":"Compile Driver","floor":20.0},{"not_picked":["Hologram"],"picked":"SKIP","floor":21.0},{"not_picked":["Hologram"],"picked":"SKIP","floor":21.0},{"not_picked":[],"picked":"Gash+1","floor":27.0},{"not_picked":["Ball Lightning"],"picked":"SKIP","floor":28.0},{"not_picked":[],"picked":"White Noise","floor":31.0},{"not_picked":["Consume"],"picked":"SKIP","floor":35.0},{"not_picked":[],"picked":"Go for the Eyes","floor":37.0},{"not_picked":["Rebound+1"],"picked":"SKIP","floor":39}],"player_experience":5835427,"relics_obtained":[{"floor":8.0,"key":"PreservedInsect"},{"floor":9.0,"key":"Vajra"},{"floor":13.0,"key":"Odd Mushroom"},{"floor":26.0,"key":"Lantern"},{"floor":27.0,"key":"Nunchaku"},{"floor":27.0,"key":"Meat on the Bone"},{"floor":28.0,"key":"Gremlin Horn"},{"floor":38,"key":"Bottled Flame"}],"event_choices":[{"damage_healed":0.0,"max_hp_gain":0.0,"max_hp_loss":0.0,"gold_gain":0.0,"event_name":"Scrap Ooze","player_choice":"Success","floor":7.0,"gold_loss":0.0,"damage_taken":18.0,"relics_obtained":["Omamori"]},{"damage_healed":0.0,"max_hp_gain":0.0,"max_hp_loss":0.0,"gold_gain":0.0,"event_name":"Golden Idol","player_choice":"Take Wound","floor":12.0,"gold_loss":0.0,"damage_taken":0.0,"relics_obtained":["Golden Idol"],"cards_obtained":["Injury"]},{"damage_healed":0.0,"max_hp_gain":0.0,"max_hp_loss":0.0,"gold_gain":0.0,"event_name":"Mushrooms","player_choice":"Fought Mushrooms","floor":13.0,"gold_loss":0.0,"damage_taken":0.0},{"cards_removed":["Strike_B"],"damage_healed":0.0,"max_hp_gain":0.0,"max_hp_loss":0.0,"gold_gain":0.0,"event_name":"Beggar","player_choice":"Gave Gold","floor":24.0,"gold_loss":75.0,"damage_taken":0.0},{"damage_healed":0.0,"max_hp_gain":0.0,"max_hp_loss":0.0,"gold_gain":0.0,"event_name":"Colosseum","player_choice":"Fight","floor":27.0,"gold_loss":0.0,"damage_taken":0.0},{"damage_healed":0.0,"max_hp_gain":0.0,"max_hp_loss":0.0,"gold_gain":0.0,"event_name":"Colosseum","player_choice":"Fought Nobs","floor":27.0,"gold_loss":0.0,"damage_taken":0.0},{"damage_healed":0.0,"max_hp_gain":0.0,"max_hp_loss":0.0,"gold_gain":0.0,"event_name":"Lab","player_choice":"Got Potions","floor":29.0,"gold_loss":0.0,"damage_taken":0.0},{"damage_healed":0.0,"max_hp_gain":0.0,"max_hp_loss":0.0,"gold_gain":0.0,"event_name":"Tomb of Lord Red Mask","player_choice":"Ignored","floor":36.0,"gold_loss":0.0,"damage_taken":0.0}],"is_beta":false,"boss_relics":[{"not_picked":["Ectoplasm","Calling Bell"],"picked":"Busted Crown"},{"not_picked":["Fusion Hammer","Orrery"],"picked":"Empty Cage"}],"items_purged_floors":[22],"is_endless":false,"potions_floor_spawned":[2,3,5,8,13,18,19,21,28,31,37],"killed_by":"Reptomancer","ascension_level":20}