{"gold_per_floor":[119,139,149,163,177,204,204,232,257,277,291,323,74,93,93,170,170,182,202,202,217,236,236],"floor_reached":23,"playtime":895,"items_purged":[],"score":538,"play_id":"6a2a599c-a915-4c46-aa38-02b5dcb1418d","local_time":"20190504013315","is_ascension_mode":true,"campfire_choices":[{"floor":7,"key":"REST"},{"data":"Armaments","floor":15,"key":"SMITH"}],"neow_cost":"CURSE","seed_source_timestamp":1117259158669400,"circlet_count":0,"master_deck":["AscendersBane","Strike_R","Strike_R","Strike_R","Strike_R","Strike_R","Defend_R","Defend_R","Defend_R","Defend_R","Bash","Havoc","Sever Soul","Cleave","Armaments+1","Headbutt","Exhume","Havoc","Carnage","Power Through","Shrug It Off","Offering","Shrug It Off+1","True Grit"],"relics":["Burning Blood","Dead Branch","Orichalcum","Mercury Hourglass","Bag of Preparation","Art of War","Medical Kit","Black Star"],"potions_floor_usage":[6,6,16,16],"damage_taken":[{"damage":11,"enemies":"Small Slimes","floor":1,"turns":6},{"damage":0,"enemies":"Cultist","floor":2,"turns":2},{"damage":9,"enemies":"Jaw Worm","floor":3,"turns":4},{"damage":16,"enemies":"2 Fungi Beasts","floor":4,"turns":3},{"damage":16,"enemies":"Blue Slaver","floor":5,"turns":4},{"damage":15,"enemies":"Lagavulin","floor":6,"turns":4},{"damage":26,"enemies":"3 Sentries","floor":8,"turns":6},{"damage":0,"enemies":"Large Slime","floor":10,"turns":3},{"damage":7,"enemies":"Exordium Wildlife","floor":11,"turns":3},{"damage":28,"enemies":"Lagavulin","floor":12,"turns":6},{"damage":1,"enemies":"2 Fungi Beasts","floor":14,"turns":3},{"damage":0,"enemies":"Slime Boss","floor":16,"turns":5},{"damage":30,"enemies":"Spheric Guardian","floor":18,"turns":4},{"damage":19,"enemies":"2 Thieves","floor":19,"turns":4},{"damage":12,"enemies":"Cultist and Chosen","floor":21,"turns":3},{"damage":6,"enemies":"Centurion and Healer","floor":22,"turns":7},{"damage":9,"enemies":"Gremlin Leader","floor":23,"turns":5}],"seed_played":"-1315421832216215341","potions_obtained":[{"floor":1,"key":"SteroidPotion"},{"floor":3,"key":"SkillPotion"},{"floor":11,"key":"FearPotion"},{"floor":12,"key":"Fire Potion"},{"floor":16,"key":"Strength Potion"},{"floor":19,"key":"LiquidBronze"}],"is_trial":false,"path_per_floor":["M","M","M","M","M","E","R","E","T","M","M","E","$","M","R","B",null,"M","M","?","M","M","E"],"character_chosen":"IRONCLAD","items_purchased":["Medical Kit","Shrug It Off"],"campfire_rested":1,"item_purchase_floors":[13,13],"current_hp_per_floor":[63,69,66,56,46,37,59,39,39,45,44,22,22,27,27,33,65,41,28,28,22,22,13],"gold":236,"neow_bonus":"ONE_RARE_RELIC","is_prod":false,"is_daily":false,"chose_seed":false,"campfire_upgraded":1,"win_rate":0,"timestamp":1556901195,"path_taken":["M","M","M","M","M","E","R","E","T","M","M","E","$","M","R","BOSS","M","M","?","M","?","E"],"build_version":"2019-01-23","purchased_purges":0,"victory":false,"max_hp_per_floor":[75,75,75,75,75,75,75,75,75,75,75,75,75,75,75,75,75,75,75,75,75,75,75],"card_choices":[{"not_picked":["Rampage","Entrench"],"picked":"Havoc","floor":1},{"not_picked":["Body Slam","Perfected Strike"],"picked":"Sever Soul","floor":2},{"not_picked":["Searing Blow","Hemokinesis"],"picked":"Cleave","floor":3},{"not_picked":["Pommel Strike","Wild Strike"],"picked":"Armaments","floor":4},{"not_picked":["Sword Boomerang","Bloodletting"],"picked":"Headbutt","floor":5},{"not_picked":["Battle Trance","Flex"],"picked":"Exhume","floor":6},{"not_picked":["Wild Strike","Clash"],"picked":"Havoc","floor":8},{"not_picked":["Clothesline","Shrug It Off"],"picked":"Carnage","floor":10},{"not_picked":["Clash","Combust"],"picked":"Power Through","floor":11},{"not_picked":["Clothesline","Cleave","Iron Wave"],"picked":"SKIP","floor":12},{"not_picked":["Sword Boomerang","Pommel Strike","Clothesline"],"picked":"SKIP","floor":14},{"not_picked":["Berserk","Exhume"],"picked":"Offering","floor":16},{"not_picked":["Shrug It Off","Twin Strike","Cleave+1"],"picked":"SKIP","floor":18},{"not_picked":["Blood for Blood","Fire Breathing"],"picked":"Shrug It Off+1","floor":19},{"not_picked":["Clash","True Grit","Iron Wave"],"picked":"SKIP","floor":21},{"not_picked":["Clash","Iron Wave"],"picked":"True Grit","floor":21},{"not_picked":["Searing Blow","Spot Weakness","Clothesline"],"picked":"SKIP","floor":22}],"player_experience":4903545,"relics_obtained":[{"floor":6,"key":"Orichalcum"},{"floor":8,"key":"Mercury Hourglass"},{"floor":9,"key":"Bag of Preparation"},{"floor":12,"key":"Art of War"}],"event_choices":[{"cards_removed":["Injury"],"damage_healed":0,"gold_gain":0,"player_choice":"Removed Curses","damage_taken":0,"max_hp_gain":0,"max_hp_loss":0,"event_name":"Fountain of Cleansing","floor":20,"gold_loss":0}],"is_beta":false,"boss_relics":[{"not_picked":["Sozu","Calling Bell"],"picked":"Black Star"}],"items_purged_floors":[],"is_endless":false,"potions_floor_spawned":[1,3,4,11,12,14,16,19,21],"killed_by":"Gremlin Leader","ascension_level":20}