{"gold_per_floor":[113,113,63,63,80,113,130,130,156,170,190,224,236,251,251,353,353,366,381,306,27,27,27,27,2,2,12,25,55,67,67,67,168,168,199,243,343,353,393,393,24,24,76,88,88,98,110,141,141,161,161,161,12,43,43],"floor_reached":55,"playtime":2618,"items_purged":["Parasite","Strike_R"],"score":958,"play_id":"9408b295-96b9-4664-8fb8-6b5f271e64d1","local_time":"20190704024937","is_ascension_mode":false,"campfire_choices":[{"data":"Blood for Blood","floor":8,"key":"SMITH"},{"floor":15,"key":"RECALL"},{"floor":23,"key":"REST"},{"data":"Corruption","floor":32,"key":"SMITH"},{"data":"Barricade","floor":40,"key":"SMITH"},{"data":"Flash of Steel","floor":42,"key":"SMITH"},{"data":"Clash","floor":45,"key":"SMITH"},{"data":"Loop","floor":49,"key":"SMITH"},{"data":"Bane","floor":52,"key":"SMITH"}],"neow_cost":"NONE","seed_source_timestamp":98471804466800,"circlet_count":0,"master_deck":["Defend_R+1","Defend_R","Defend_R+1","Defend_R","Bash+1","Perfected Strike","Searing Blow+1","Blood for Blood+1","Shrug It Off+1","Armaments+1","Barricade+1","Corruption+1","Dual Wield+1","Havoc+1","Offering+1","Clash+1","Spot Weakness+1","Shrug It Off+1","Havoc+1","Burning Pact+1","Bloodletting+1","Havoc+1","Cloak And Dagger+1","Bouncing Flask+1","Amplify+1","Loop+1","Ghostly+1","Ghostly+1","Ghostly+1","Ghostly+1","Ghostly+1","HandOfGreed","Gash","Bane+1","Gash","Deflect+1","Flash of Steel+1","Entrench+1","Amplify+1","Storm","Bullet Time+1","Defragment+1"],"relics":["Burning Blood","NeowsBlessing","PreservedInsect","Toxic Egg 2","Whetstone","Bottled Lightning","Black Star","PrismaticShard","Self Forming Clay","Pocketwatch","Anchor","Runic Dome","TheAbacus","Thread and Needle","War Paint","Lantern","Vajra"],"potions_floor_usage":[12,16,16,16,29,50,50,55,55],"damage_taken":[{"damage":0,"enemies":"2 Louse","floor":1,"turns":1},{"damage":0,"enemies":"Jaw Worm","floor":5,"turns":1},{"damage":0,"enemies":"Lagavulin","floor":6,"turns":1},{"damage":4,"enemies":"Small Slimes","floor":7,"turns":4},{"damage":10,"enemies":"Looter","floor":10,"turns":3},{"damage":0,"enemies":"Large Slime","floor":11,"turns":5},{"damage":14,"enemies":"Gremlin Nob","floor":12,"turns":3},{"damage":0,"enemies":"Exordium Wildlife","floor":13,"turns":3},{"damage":5,"enemies":"Red Slaver","floor":14,"turns":4},{"damage":0,"enemies":"Slime Boss","floor":16,"turns":9},{"damage":23,"enemies":"3 Byrds","floor":18,"turns":8},{"damage":6,"enemies":"Spheric Guardian","floor":19,"turns":3},{"damage":12,"enemies":"Centurion and Healer","floor":27,"turns":3},{"damage":6,"enemies":"Snake Plant","floor":28,"turns":3},{"damage":6,"enemies":"Slavers","floor":29,"turns":4},{"damage":30,"enemies":"Chosen and Byrds","floor":30,"turns":7},{"damage":8,"enemies":"Automaton","floor":33,"turns":9},{"damage":2,"enemies":"3 Darklings","floor":35,"turns":6},{"damage":2,"enemies":"3 Shapes","floor":36,"turns":4},{"damage":22,"enemies":"Transient","floor":38,"turns":5},{"damage":1,"enemies":"Writhing Mass","floor":39,"turns":7},{"damage":3,"enemies":"Maw","floor":44,"turns":7},{"damage":6,"enemies":"Transient","floor":46,"turns":5},{"damage":6,"enemies":"3 Darklings","floor":47,"turns":5},{"damage":1,"enemies":"Reptomancer","floor":48,"turns":4},{"damage":20,"enemies":"Time Eater","floor":50,"turns":14},{"damage":1,"enemies":"Shield and Spear","floor":54,"turns":8},{"damage":62,"enemies":"The Heart","floor":55,"turns":9}],"seed_played":"-2300742944043872390","potions_obtained":[{"floor":1,"key":"SteroidPotion"},{"floor":6,"key":"Fire Potion"},{"floor":10,"key":"Explosive Potion"},{"floor":12,"key":"SmokeBomb"},{"floor":13,"key":"AttackPotion"},{"floor":18,"key":"GamblersBrew"},{"floor":30,"key":"Swift Potion"},{"floor":36,"key":"Swift Potion"},{"floor":38,"key":"LiquidBronze"},{"floor":44,"key":"FairyPotion"},{"floor":47,"key":"Swift Potion"}],"is_trial":false,"path_per_floor":["M","?","?","?","M","E","M","R","T","M","M","E","M","M","R","B",null,"M","M","?","$","?","R","?","$","T","M","M","E","M","?","R","B",null,"M","M","?","M","M","R","$","R","T","M","R","M","M","E","R","B",null,"R","$","E","B"],"character_chosen":"IRONCLAD","items_purchased":["PrismaticShard","Shrug It Off+1","Havoc+1","Havoc+1","Flash of Steel","TheAbacus","Swift Potion"],"campfire_rested":1,"item_purchase_floors":[21,21,21,25,41,41,53],"current_hp_per_floor":[80,85,85,73,79,85,85,85,85,81,85,77,83,84,84,85,85,68,68,68,68,52,79,79,79,79,73,73,73,49,45,45,43,45,45,45,45,29,34,34,34,34,34,37,37,37,37,42,42,28,42,42,42,42,0],"gold":43,"neow_bonus":"THREE_ENEMY_KILL","is_prod":false,"is_daily":false,"chose_seed":false,"campfire_upgraded":7,"win_rate":0,"timestamp":1562176177,"path_taken":["M","?","?","?","?","E","M","R","T","M","M","E","M","M","R","BOSS","M","M","?","$","?","R","?","?","T","M","M","E","M","?","R","BOSS","M","M","?","?","M","R","$","R","T","M","R","?","M","E","R","BOSS","R","$","E","BOSS"],"build_version":"2019-07-01","purchased_purges":2,"victory":false,"max_hp_per_floor":[80,85,85,85,85,85,85,85,85,85,85,85,85,85,85,85,85,85,85,85,85,90,90,90,90,90,90,90,90,90,45,45,45,45,45,45,45,45,45,45,42,42,42,42,42,42,42,42,42,42,42,42,42,42,42],"card_choices":[{"not_picked":["Combust","Wild Strike"],"picked":"Perfected Strike","floor":1},{"not_picked":["Feel No Pain","Iron Wave"],"picked":"Searing Blow","floor":5},{"not_picked":["Exhume","Anger"],"picked":"Blood for Blood","floor":6},{"not_picked":["Cleave","Body Slam"],"picked":"Shrug It Off+1","floor":7},{"not_picked":["Warcry+1","Reckless Charge"],"picked":"Armaments+1","floor":10},{"not_picked":["Clothesline","Wild Strike"],"picked":"Barricade","floor":11},{"not_picked":["Battle Trance+1","Armaments+1"],"picked":"Corruption","floor":12},{"not_picked":["Thunderclap","Twin Strike"],"picked":"Dual Wield+1","floor":13},{"not_picked":["Twin Strike","Headbutt"],"picked":"Havoc+1","floor":14},{"not_picked":["Impervious+1","Exhume+1"],"picked":"Offering+1","floor":16},{"not_picked":["Thunderclap","Pommel Strike"],"picked":"Clash","floor":18},{"not_picked":["Clothesline","Bludgeon"],"picked":"Spot Weakness+1","floor":19},{"not_picked":["Setup+1","Sucker Punch"],"picked":"Cloak And Dagger+1","floor":27},{"not_picked":["Perfected Strike","Heavy Blade"],"picked":"Bouncing Flask+1","floor":28},{"not_picked":["Recycle+1","Sentinel+1"],"picked":"Amplify+1","floor":29},{"not_picked":["Stack+1","True Grit+1"],"picked":"Loop","floor":30},{"not_picked":["Impervious+1","Electrodynamics"],"picked":"HandOfGreed","floor":33},{"not_picked":["Leap+1","Cloak And Dagger+1"],"picked":"Gash","floor":35},{"not_picked":["Warcry+1","Dagger Spray"],"picked":"Bane","floor":36},{"not_picked":["Body Slam+1","Slice+1"],"picked":"Gash","floor":38},{"not_picked":["Twin Strike+1","Wild Strike"],"picked":"Deflect+1","floor":39},{"not_picked":["Sweeping Beam","Ball Lightning+1"],"picked":"Entrench+1","floor":44},{"not_picked":["Coolheaded+1","Cold Snap"],"picked":"Amplify+1","floor":46},{"not_picked":["Purity+1","Leap+1"],"picked":"Storm","floor":47},{"not_picked":["Dodge and Roll+1","Havoc+1"],"picked":"Bullet Time+1","floor":48},{"not_picked":["Sweeping Beam+1","BootSequence+1"],"picked":"Defragment+1","floor":54}],"player_experience":5578906,"relics_obtained":[{"floor":6,"key":"Toxic Egg 2"},{"floor":9,"key":"Whetstone"},{"floor":12,"key":"Bottled Lightning"},{"floor":26,"key":"Self Forming Clay"},{"floor":29,"key":"Pocketwatch"},{"floor":29,"key":"Anchor"},{"floor":48,"key":"Thread and Needle"},{"floor":48,"key":"War Paint"},{"floor":54,"key":"Lantern"},{"floor":54,"key":"Vajra"}],"event_choices":[{"damage_healed":0,"gold_gain":0,"player_choice":"Donut","damage_taken":0,"max_hp_gain":5,"max_hp_loss":0,"event_name":"Big Fish","floor":2,"gold_loss":0},{"cards_removed":["Strike_R"],"damage_healed":0,"gold_gain":0,"player_choice":"Card Removal","damage_taken":0,"max_hp_gain":0,"max_hp_loss":0,"event_name":"The Cleric","floor":3,"gold_loss":50},{"damage_healed":0,"gold_gain":0,"player_choice":"Success","damage_taken":12,"relics_obtained":["PreservedInsect"],"max_hp_gain":0,"max_hp_loss":0,"event_name":"Scrap Ooze","floor":4,"gold_loss":0},{"cards_removed":["Strike_R"],"damage_healed":0,"gold_gain":0,"player_choice":"Gave Gold","damage_taken":0,"max_hp_gain":0,"max_hp_loss":0,"event_name":"Beggar","floor":20,"gold_loss":75},{"damage_healed":0,"gold_gain":0,"player_choice":"Shed Blood","damage_taken":21,"max_hp_gain":5,"max_hp_loss":0,"event_name":"Forgotten Altar","floor":22,"gold_loss":0},{"damage_healed":0,"gold_gain":0,"cards_transformed":["Strike_R","Strike_R"],"player_choice":"Became Test Subject","damage_taken":0,"max_hp_gain":0,"max_hp_loss":0,"event_name":"Drug Dealer","floor":24,"gold_loss":0,"cards_obtained":["Burning Pact","Bloodletting"]},{"damage_healed":0,"gold_gain":0,"player_choice":"Became a Ghost","damage_taken":0,"max_hp_gain":0,"max_hp_loss":45,"event_name":"Ghosts","floor":31,"gold_loss":0,"cards_obtained":["Ghostly","Ghostly","Ghostly","Ghostly","Ghostly"]},{"damage_healed":0,"gold_gain":100,"player_choice":"Pray","damage_taken":0,"max_hp_gain":0,"max_hp_loss":0,"event_name":"Golden Shrine","floor":37,"gold_loss":0}],"is_beta":false,"boss_relics":[{"not_picked":["Empty Cage","Tiny House"],"picked":"Black Star"},{"not_picked":["Philosopher\u0027s Stone","Coffee Dripper"],"picked":"Runic Dome"}],"items_purged_floors":[41,53],"is_endless":false,"potions_floor_spawned":[1,6,10,12,13,18,30,36,38,44,46,47,48],"killed_by":"The Heart","ascension_level":0}