{"gold_per_floor":[113,113,133,152,169,181,181,192,192,223,242,276,276,287,287,365,365,382,382,227,152,52,52,117,135,161,25,39,39,39,39,39,115,115,127,127,48,48,0,0,0,30,30,30,41,41,51,61,61,61,61,61,61,11,39,39],"floor_reached":56,"playtime":2463,"items_purged":["Strike_G","Strike_G","Strike_G","Defend_G","Glass Knife"],"score":1960,"play_id":"316cb98b-ff16-46e6-b52a-e6fcee45974c","local_time":"20190507031047","is_ascension_mode":true,"campfire_choices":[{"data":"Poisoned Stab","floor":7.0,"key":"SMITH"},{"data":"Footwork","floor":13.0,"key":"SMITH"},{"data":"Crippling Poison","floor":15.0,"key":"SMITH"},{"data":"Choke","floor":23.0,"key":"SMITH"},{"data":"Tactician","floor":30.0,"key":"SMITH"},{"data":"Acrobatics","floor":32.0,"key":"SMITH"},{"data":"Apotheosis","floor":40.0,"key":"SMITH"},{"data":"Calculated Gamble","floor":44.0,"key":"SMITH"},{"data":"Secret Technique","floor":46.0,"key":"SMITH"},{"floor":49.0,"key":"RECALL"},{"data":"Adrenaline","floor":53.0,"key":"SMITH"}],"neow_cost":"PERCENT_DAMAGE","seed_source_timestamp":116951694599000,"circlet_count":0,"master_deck":["AscendersBane","Defend_G","Survivor","Neutralize","Choke+1","Adrenaline+1","Footwork+1","Eviscerate","Endless Agony","Terror","Dodge and Roll","Poisoned Stab+1","Adrenaline","Malaise","Backstab","Endless Agony","Crippling Poison+1","Catalyst+1","Tactician+1","Acrobatics+1","PiercingWail","Escape Plan","Corpse Explosion","Calculated Gamble+1","Secret Technique+1","Apotheosis+1","Backflip","PiercingWail","Acrobatics+1"],"special_seed":0,"relics":["Ring of the Snake","Bottled Flame","Pocketwatch","Kunai","Eternal Feather","Tiny Chest","Smiling Mask","Orrery","Red Mask","Strawberry","Bag of Marbles"],"potions_floor_usage":[],"damage_taken":[{"damage":0.0,"enemies":"2 Louse","floor":1.0,"turns":3.0},{"damage":0.0,"enemies":"Jaw Worm","floor":3.0,"turns":4.0},{"damage":0.0,"enemies":"Small Slimes","floor":4.0,"turns":3.0},{"damage":0.0,"enemies":"Gremlin Gang","floor":5.0,"turns":5.0},{"damage":5.0,"enemies":"Exordium Thugs","floor":6.0,"turns":5.0},{"damage":0.0,"enemies":"2 Fungi Beasts","floor":8.0,"turns":3.0},{"damage":13.0,"enemies":"Lagavulin","floor":10.0,"turns":5.0},{"damage":3.0,"enemies":"Exordium Wildlife","floor":11.0,"turns":3.0},{"damage":5.0,"enemies":"3 Sentries","floor":12.0,"turns":9.0},{"damage":0.0,"enemies":"Looter","floor":14.0,"turns":3.0},{"damage":0.0,"enemies":"Hexaghost","floor":16.0,"turns":8.0},{"damage":0.0,"enemies":"Spheric Guardian","floor":18.0,"turns":4.0},{"damage":22.0,"enemies":"Book of Stabbing","floor":24.0,"turns":5.0},{"damage":16.0,"enemies":"2 Thieves","floor":25.0,"turns":3.0},{"damage":9.0,"enemies":"Sentry and Sphere","floor":28.0,"turns":7.0},{"damage":19.0,"enemies":"Collector","floor":33.0,"turns":12.0},{"damage":1.0,"enemies":"3 Darklings","floor":35.0,"turns":3.0},{"damage":8.0,"enemies":"Giant Head","floor":42.0,"turns":5.0},{"damage":0.0,"enemies":"3 Shapes","floor":45.0,"turns":4.0},{"damage":0.0,"enemies":"Jaw Worm Horde","floor":47.0,"turns":3.0},{"damage":10.0,"enemies":"Transient","floor":48.0,"turns":6.0},{"damage":2.0,"enemies":"Donu and Deca","floor":50.0,"turns":6.0},{"damage":13.0,"enemies":"Awakened One","floor":51.0,"turns":11.0},{"damage":26.0,"enemies":"Shield and Spear","floor":55.0,"turns":5.0},{"damage":44,"enemies":"The Heart","floor":56,"turns":6}],"seed_played":"8342440914818910794","potions_obtained":[{"floor":4.0,"key":"Poison Potion"},{"floor":8.0,"key":"Energy Potion"},{"floor":10.0,"key":"LiquidBronze"},{"floor":12.0,"key":"Dexterity Potion"},{"floor":16.0,"key":"FearPotion"},{"floor":24.0,"key":"Fire Potion"},{"floor":28.0,"key":"Energy Potion"},{"floor":33.0,"key":"FearPotion"},{"floor":35.0,"key":"SneckoOil"},{"floor":42.0,"key":"FearPotion"},{"floor":47.0,"key":"Swift Potion"}],"is_trial":false,"path_per_floor":["M","?","M","M","M","M","R","M","T","E","M","E","R","M","R","B",null,"M","?","$","?","$","R","E","M","T","$","M","$","R","?","R","B",null,"M","?","$","?","?","R","$","E","T","R","M","R","M","M","R","B","B",null,"R","$","E","B"],"character_chosen":"THE_SILENT","items_purchased":["Tactician","Escape Plan","Backflip"],"campfire_rested":0,"item_purchase_floors":[20,27,37],"current_hp_per_floor":[44,44,44,44,44,39,39,39,39,26,23,18,18,18,18,18,54,54,54,54,54,54,66,44,28,28,28,19,19,34,34,46,27,56,55,45,45,45,45,60,60,59,59,70,70,70,70,60,70,68,55,66,70,70,44,0],"gold":39,"neow_bonus":"TRANSFORM_TWO_CARDS","is_prod":false,"is_daily":false,"chose_seed":false,"campfire_upgraded":10,"win_rate":0,"timestamp":1557166247,"path_taken":["M","?","M","M","M","M","R","M","T","E","M","E","R","M","R","BOSS","M","?","$","?","$","R","E","M","T","$","M","?","R","?","R","BOSS","M","?","$","?","?","R","?","E","T","R","M","R","?","M","R","BOSS","BOSS","R","$","E","BOSS"],"build_version":"2019-01-23","purchased_purges":5,"victory":false,"max_hp_per_floor":[66,66,66,66,66,66,66,66,66,66,66,66,66,66,66,66,66,66,66,66,66,66,66,66,66,66,66,66,66,66,66,66,66,66,66,66,66,63,63,63,63,70,70,70,70,70,70,70,70,70,70,70,70,70,70,70],"card_choices":[{"not_picked":["Prepared","Blade Dance"],"picked":"Footwork","floor":1.0},{"not_picked":["Deadly Poison","Sucker Punch"],"picked":"Endless Agony","floor":3.0},{"not_picked":["Prepared","Deadly Poison"],"picked":"Terror","floor":4.0},{"not_picked":["PiercingWail","Flying Knee"],"picked":"Dodge and Roll","floor":5.0},{"not_picked":["Eviscerate","Bane"],"picked":"Poisoned Stab","floor":6.0},{"not_picked":["Quick Slash","Accuracy"],"picked":"Adrenaline","floor":8.0},{"not_picked":["Endless Agony","Prepared"],"picked":"Malaise","floor":10.0},{"not_picked":["Escape Plan","All Out Attack"],"picked":"Backstab","floor":11.0},{"not_picked":["Deadly Poison","Bane"],"picked":"Endless Agony","floor":12.0},{"not_picked":["Slice","Deadly Poison"],"picked":"Crippling Poison","floor":14.0},{"not_picked":["Envenom","Tools of the Trade"],"picked":"Glass Knife","floor":16.0},{"not_picked":["Masterful Stab","Dagger Throw"],"picked":"Catalyst+1","floor":18.0},{"not_picked":["Predator","Blade Dance"],"picked":"Acrobatics","floor":24.0},{"not_picked":["Sucker Punch","Dash"],"picked":"PiercingWail","floor":25.0},{"not_picked":["Sucker Punch","Poisoned Stab","Eviscerate+1"],"picked":"SKIP","floor":28.0},{"not_picked":["Venomology","Phantasmal Killer"],"picked":"Corpse Explosion","floor":33.0},{"not_picked":["Dodge and Roll","Sucker Punch"],"picked":"Calculated Gamble","floor":34.0},{"not_picked":["Bouncing Flask","Choke","Slice"],"picked":"SKIP","floor":35.0},{"not_picked":["Panache","Jack Of All Trades"],"picked":"Secret Technique","floor":36.0},{"not_picked":["Good Instincts","Purity"],"picked":"Apotheosis","floor":36.0},{"not_picked":["All Out Attack","Blade Dance"],"picked":"PiercingWail","floor":42.0},{"not_picked":["Backstab","Bane","Deflect"],"picked":"SKIP","floor":45.0},{"not_picked":["Sucker Punch+1","Finisher"],"picked":"Acrobatics+1","floor":47.0},{"not_picked":["Dodge and Roll","Blade Dance","Underhanded Strike+1"],"picked":"SKIP","floor":48.0},{"not_picked":["Deflect+1","Storm of Steel","Bane+1"],"picked":"SKIP","floor":55.0}],"player_experience":4936371,"relics_obtained":[{"floor":9.0,"key":"Bottled Flame"},{"floor":10.0,"key":"Pocketwatch"},{"floor":12.0,"key":"Kunai"},{"floor":24.0,"key":"Tiny Chest"},{"floor":26.0,"key":"Smiling Mask"},{"floor":42.0,"key":"Strawberry"},{"floor":55.0,"key":"Bag of Marbles"}],"event_choices":[{"damage_healed":0.0,"max_hp_gain":0.0,"max_hp_loss":0.0,"gold_gain":0.0,"cards_transformed":["Defend_G"],"event_name":"Living Wall","player_choice":"Change","floor":2.0,"gold_loss":0.0,"damage_taken":0.0,"cards_obtained":["Eviscerate"]},{"damage_healed":0.0,"max_hp_gain":0.0,"max_hp_loss":0.0,"gold_gain":0.0,"event_name":"The Mausoleum","player_choice":"Ignored","floor":19.0,"gold_loss":0.0,"damage_taken":0.0},{"cards_removed":["Strike_G"],"damage_healed":0.0,"max_hp_gain":0.0,"max_hp_loss":0.0,"gold_gain":0.0,"event_name":"Beggar","player_choice":"Gave Gold","floor":21.0,"gold_loss":75.0,"damage_taken":0.0},{"cards_removed":["Defend_G"],"damage_healed":0.0,"max_hp_gain":0.0,"max_hp_loss":0.0,"gold_gain":0.0,"event_name":"Back to Basics","player_choice":"Elegance","floor":31.0,"gold_loss":0.0,"damage_taken":0.0},{"damage_healed":0.0,"max_hp_gain":0.0,"max_hp_loss":0.0,"gold_gain":0.0,"event_name":"SensoryStone","player_choice":"Memory 3","floor":36.0,"gold_loss":0.0,"damage_taken":10.0},{"damage_healed":0.0,"max_hp_gain":0.0,"max_hp_loss":3.0,"gold_gain":0.0,"event_name":"Winding Halls","player_choice":"Max HP","floor":38.0,"gold_loss":0.0,"damage_taken":0.0},{"damage_healed":0.0,"max_hp_gain":0.0,"max_hp_loss":0.0,"gold_gain":0.0,"event_name":"Tomb of Lord Red Mask","player_choice":"Paid","floor":39.0,"gold_loss":48.0,"damage_taken":0.0,"relics_obtained":["Red Mask"]}],"is_beta":false,"boss_relics":[{"not_picked":["Philosopher\u0027s Stone","Black Star"],"picked":"Eternal Feather"},{"not_picked":["HoveringKite","White Beast Statue"],"picked":"Orrery"}],"items_purged_floors":[20,22,27,37,54],"is_endless":false,"potions_floor_spawned":[4,8,10,12,16,24,28,33,35,42,47],"killed_by":"The Heart","ascension_level":20}