{"gold_per_floor":[114,125,137,137,156,191,191,230,254,254,153,153,190,215,227,333,345,380,62,62,105,128,128,153,188,212,212,237,112,127,163,163,259,259,280,303,153,153,171,171,212,212,212,228,266,284,506,524,524,524,524],"floor_reached":51,"playtime":1687,"items_purged":["Strike_G","Strike_G","Strike_G","Defend_G"],"score":1768,"play_id":"30d01bc9-7397-4853-b907-456d23dc160a","local_time":"20190527024057","is_ascension_mode":true,"campfire_choices":[{"floor":7.0,"key":"REST"},{"data":"Cloak And Dagger","floor":10.0,"key":"SMITH"},{"data":"Cloak And Dagger","floor":15.0,"key":"SMITH"},{"floor":23.0,"key":"REST"},{"data":"Cloak And Dagger","floor":27.0,"key":"SMITH"},{"data":"Cloak And Dagger","floor":32.0,"key":"SMITH"},{"data":"Phantasmal Killer","floor":40.0,"key":"SMITH"},{"data":"Accuracy","floor":42.0,"key":"SMITH"},{"floor":49.0,"key":"RECALL"}],"neow_cost":"","seed_source_timestamp":13163834806300,"circlet_count":0,"master_deck":["Accuracy+1","Accuracy","Cloak And Dagger+1","Cloak And Dagger+1","Survivor","Defend_G","Defend_G","Neutralize","Feel No Pain","Feel No Pain","Cloak And Dagger+1","PiercingWail","Cloak And Dagger+1","Terror","Venomology","Calculated Gamble","Endless Agony","Blade Dance","Phantasmal Killer+1","Backstab+1","Infinite Blades","Sucker Punch+1"],"special_seed":0,"relics":["Ring of the Snake","Golden Idol","Lantern","Snake Skull","Omamori","MawBank","Cursed Key","ClockworkSouvenir","Bag of Preparation","Red Mask","Boot","Dodecahedron","Empty Cage","Regal Pillow","Bronze Scales"],"potions_floor_usage":[51,51],"damage_taken":[{"damage":0.0,"enemies":"Small Slimes","floor":1.0,"turns":4.0},{"damage":0.0,"enemies":"2 Louse","floor":2.0,"turns":2.0},{"damage":1.0,"enemies":"Cultist","floor":3.0,"turns":5.0},{"damage":10.0,"enemies":"Blue Slaver","floor":5.0,"turns":6.0},{"damage":40.0,"enemies":"Gremlin Nob","floor":6.0,"turns":5.0},{"damage":0.0,"enemies":"3 Sentries","floor":8.0,"turns":15.0},{"damage":8.0,"enemies":"Looter","floor":13.0,"turns":3.0},{"damage":4.0,"enemies":"Exordium Wildlife","floor":14.0,"turns":4.0},{"damage":13.0,"enemies":"Hexaghost","floor":16.0,"turns":11.0},{"damage":0.0,"enemies":"Shell Parasite","floor":18.0,"turns":4.0},{"damage":25.0,"enemies":"Masked Bandits","floor":21.0,"turns":7.0},{"damage":0.0,"enemies":"Chosen","floor":22.0,"turns":4.0},{"damage":4.0,"enemies":"Centurion and Healer","floor":24.0,"turns":8.0},{"damage":0.0,"enemies":"Book of Stabbing","floor":25.0,"turns":6.0},{"damage":0.0,"enemies":"Snake Plant","floor":28.0,"turns":3.0},{"damage":0.0,"enemies":"Cultist and Chosen","floor":30.0,"turns":5.0},{"damage":0.0,"enemies":"Slavers","floor":31.0,"turns":5.0},{"damage":0.0,"enemies":"Automaton","floor":33.0,"turns":7.0},{"damage":0.0,"enemies":"Orb Walker","floor":35.0,"turns":2.0},{"damage":0.0,"enemies":"3 Darklings","floor":36.0,"turns":5.0},{"damage":0.0,"enemies":"Transient","floor":39.0,"turns":6.0},{"damage":0.0,"enemies":"Reptomancer","floor":41.0,"turns":4.0},{"damage":0.0,"enemies":"Writhing Mass","floor":44.0,"turns":4.0},{"damage":21.0,"enemies":"Nemesis","floor":45.0,"turns":7.0},{"damage":0.0,"enemies":"Spire Growth","floor":46.0,"turns":3.0},{"damage":0.0,"enemies":"Transient","floor":48.0,"turns":6.0},{"damage":26.0,"enemies":"Donu and Deca","floor":50.0,"turns":9.0},{"damage":10,"enemies":"Time Eater","floor":51,"turns":2}],"seed_played":"-7978031450168712282","potions_obtained":[{"floor":6.0,"key":"Dexterity Potion"},{"floor":8.0,"key":"Energy Potion"},{"floor":16.0,"key":"AttackPotion"},{"floor":22.0,"key":"AttackPotion"},{"floor":36.0,"key":"Poison Potion"},{"floor":39.0,"key":"Swift Potion"},{"floor":45.0,"key":"GhostInAJar"}],"is_trial":true,"path_per_floor":["M","M","M","?","M","E","R","E","T","R","$","?","M","M","R","B",null,"M","$","?","?","M","R","M","E","T","R","M","$","M","E","R","B",null,"M","M","$","$","M","R","E","R","T","M","E","M","?","M","R","B","B"],"character_chosen":"THE_SILENT","items_purchased":["Blade Dance","ClockworkSouvenir"],"campfire_rested":2,"item_purchase_floors":[11,19],"current_hp_per_floor":[59,59,58,58,48,8,26,26,26,26,26,26,18,14,14,1,45,45,45,45,20,20,38,34,34,34,34,34,34,34,34,34,34,54,54,54,54,54,54,54,54,54,54,54,33,33,33,33,33,7,0],"gold":524,"neow_bonus":"","is_prod":false,"is_daily":false,"chose_seed":false,"campfire_upgraded":6,"win_rate":0,"timestamp":1558892457,"path_taken":["M","M","M","?","M","E","R","E","T","R","$","?","M","?","R","BOSS","M","$","?","?","M","R","M","E","T","R","M","?","M","E","R","BOSS","M","M","?","$","M","R","E","R","T","M","E","?","?","M","R","BOSS","BOSS"],"build_version":"2019-01-23","purchased_purges":4,"victory":false,"max_hp_per_floor":[66,66,66,60,60,60,60,60,60,60,60,60,60,60,60,60,60,60,60,60,60,60,60,60,60,60,60,60,60,60,60,60,60,60,60,60,60,60,60,60,60,60,60,60,60,60,60,60,60,60,60],"card_choices":[{"not_picked":["Flying Knee","Sucker Punch"],"picked":"Cloak And Dagger","floor":1.0},{"not_picked":["Dash","Distraction"],"picked":"PiercingWail","floor":2.0},{"not_picked":["Backflip","Expertise"],"picked":"Cloak And Dagger","floor":3.0},{"not_picked":["PiercingWail","Unload"],"picked":"Terror","floor":5.0},{"not_picked":["Quick Slash","Outmaneuver","Skewer"],"picked":"SKIP","floor":6.0},{"not_picked":["Deflect","Glass Knife","Bouncing Flask"],"picked":"SKIP","floor":8.0},{"not_picked":["Footwork","Expertise","Sucker Punch"],"picked":"SKIP","floor":13.0},{"not_picked":["Acrobatics","Dodge and Roll","Deflect"],"picked":"SKIP","floor":14.0},{"not_picked":["Night Terror","Doppelganger"],"picked":"Venomology","floor":16.0},{"not_picked":["Masterful Stab","Deflect","Prepared"],"picked":"SKIP","floor":18.0},{"not_picked":["Dash","Choke"],"picked":"Calculated Gamble","floor":21.0},{"not_picked":["Cloak And Dagger","Dagger Spray","Blade Dance"],"picked":"SKIP","floor":22.0},{"not_picked":["Eviscerate","Backstab"],"picked":"Endless Agony","floor":24.0},{"not_picked":["Bouncing Flask","A Thousand Cuts","Outmaneuver"],"picked":"SKIP","floor":25.0},{"not_picked":["Sucker Punch","Finisher"],"picked":"Blade Dance","floor":28.0},{"not_picked":["Eviscerate","Cloak And Dagger","Prepared"],"picked":"SKIP","floor":30.0},{"not_picked":["Quick Slash+1","Glass Knife","Deflect"],"picked":"SKIP","floor":31.0},{"not_picked":["Doppelganger","Storm of Steel"],"picked":"Phantasmal Killer","floor":33.0},{"not_picked":["Tactician","Sucker Punch","Bane"],"picked":"SKIP","floor":35.0},{"not_picked":["Dodge and Roll","Catalyst"],"picked":"Backstab+1","floor":36.0},{"not_picked":["Poisoned Stab","Footwork"],"picked":"Infinite Blades","floor":39.0},{"not_picked":["Dash","Deadly Poison","After Image"],"picked":"SKIP","floor":41.0},{"not_picked":["Reflex","Dagger Throw","Prepared"],"picked":"SKIP","floor":44.0},{"not_picked":["Heel Hook","Masterful Stab","Outmaneuver"],"picked":"SKIP","floor":45.0},{"not_picked":["Setup+1","PiercingWail","Heel Hook"],"picked":"SKIP","floor":46.0},{"not_picked":["Acrobatics","Prepared"],"picked":"Sucker Punch+1","floor":48.0}],"player_experience":5169348,"relics_obtained":[{"floor":6.0,"key":"Lantern"},{"floor":8.0,"key":"Snake Skull"},{"floor":9.0,"key":"Omamori"},{"floor":21.0,"key":"Red Mask"},{"floor":25.0,"key":"Boot"},{"floor":31.0,"key":"Dodecahedron"},{"floor":41.0,"key":"Regal Pillow"},{"floor":45.0,"key":"Bronze Scales"}],"event_choices":[{"damage_healed":0.0,"max_hp_gain":0.0,"max_hp_loss":6.0,"gold_gain":0.0,"event_name":"Golden Idol","player_choice":"Lose Max HP","floor":4.0,"gold_loss":0.0,"damage_taken":0.0,"relics_obtained":["Golden Idol"]},{"cards_removed":["Blade Dance"],"damage_healed":0.0,"max_hp_gain":0.0,"max_hp_loss":0.0,"gold_gain":0.0,"event_name":"WeMeetAgain","player_choice":"Gave Card","floor":12.0,"gold_loss":0.0,"damage_taken":0.0,"relics_obtained":["MawBank"]},{"damage_healed":0.0,"max_hp_gain":0.0,"max_hp_loss":0.0,"gold_gain":0.0,"event_name":"The Mausoleum","player_choice":"Opened","floor":20.0,"gold_loss":0.0,"damage_taken":0.0,"relics_obtained":["Bag of Preparation"],"cards_obtained":["Writhe"]},{"damage_healed":0.0,"max_hp_gain":0.0,"max_hp_loss":0.0,"gold_gain":0.0,"event_name":"Masked Bandits","player_choice":"Fought Bandits","floor":21.0,"gold_loss":0.0,"damage_taken":0.0},{"damage_healed":0.0,"max_hp_gain":0.0,"max_hp_loss":0.0,"gold_gain":222.0,"event_name":"Tomb of Lord Red Mask","player_choice":"Wore Mask","floor":47.0,"gold_loss":0.0,"damage_taken":0.0}],"is_beta":false,"boss_relics":[{"not_picked":["HoveringKite","Astrolabe"],"picked":"Cursed Key"},{"not_picked":["Snecko Eye","Philosopher\u0027s Stone"],"picked":"Empty Cage"}],"items_purged_floors":[11,19,29,37],"is_endless":false,"potions_floor_spawned":[6,8,13,14,16,18,22,30,33,36,39,45],"killed_by":"Time Eater","ascension_level":20}