{"gold_per_floor":[116,130,145,158,172,172,198,198,198,211,225,225,260,260,260,334,334,352,352,363,363,14,14,37,37,37,48,48,82,82,112,112,112],"floor_reached":33,"playtime":1024,"items_purged":["Defend_B"],"score":640,"play_id":"f7c66ea2-a889-452f-be42-b19e0cf79510","local_time":"20190629024351","is_ascension_mode":true,"campfire_choices":[{"data":"Scrape","floor":6,"key":"SMITH"},{"floor":8,"key":"REST"},{"floor":12,"key":"REST"},{"data":"Zap","floor":15,"key":"SMITH"},{"data":"Apotheosis","floor":23,"key":"SMITH"},{"floor":30,"key":"REST"},{"floor":32,"key":"REST"}],"neow_cost":"NONE","seed_source_timestamp":892485225776800,"circlet_count":0,"master_deck":["AscendersBane","Strike_B","Strike_B+1","Strike_B","Defend_B","Defend_B","Defend_B","Zap+1","Dualcast","Beam Cell+1","FTL","Gash","Steam Power","Conserve Battery","Scrape+1","Conserve Battery","Echo Form","Coolheaded","Turbo","Buffer","Heatsinks","Static Discharge","BootSequence","Gash","Ghostly","Ghostly","Ghostly","Necronomicurse","Apotheosis+1"],"relics":["Cracked Core","Mummified Hand","Kunai","Whetstone","Orrery","Necronomicon","Smiling Mask","Girya","Boot"],"potions_floor_usage":[7,7,16,27,29,29],"damage_taken":[{"damage":1,"enemies":"Cultist","floor":1,"turns":3},{"damage":7,"enemies":"Small Slimes","floor":2,"turns":3},{"damage":7,"enemies":"Jaw Worm","floor":3,"turns":2},{"damage":7,"enemies":"Looter","floor":4,"turns":3},{"damage":9,"enemies":"2 Fungi Beasts","floor":5,"turns":3},{"damage":20,"enemies":"3 Sentries","floor":7,"turns":6},{"damage":0,"enemies":"Blue Slaver","floor":10,"turns":3},{"damage":10,"enemies":"Large Slime","floor":11,"turns":5},{"damage":0,"enemies":"Lagavulin","floor":13,"turns":7},{"damage":27,"enemies":"Hexaghost","floor":16,"turns":7},{"damage":17,"enemies":"Shell Parasite","floor":18,"turns":6},{"damage":0,"enemies":"Spheric Guardian","floor":20,"turns":6},{"damage":8,"enemies":"Centurion and Healer","floor":27,"turns":7},{"damage":3,"enemies":"Gremlin Leader","floor":29,"turns":6},{"damage":17,"enemies":"Slavers","floor":31,"turns":7},{"damage":35,"enemies":"Automaton","floor":33,"turns":6}],"seed_played":"6396749958119847178","potions_obtained":[{"floor":1,"key":"Swift Potion"},{"floor":2,"key":"FearPotion"},{"floor":10,"key":"Strength Potion"},{"floor":14,"key":"Fire Potion"},{"floor":18,"key":"GamblersBrew"},{"floor":27,"key":"Swift Potion"}],"is_trial":false,"path_per_floor":["M","M","M","M","M","R","E","R","T","M","M","R","E","?","R","B",null,"M","?","M","?","$","R","T","?","T","M","?","E","R","E","R","B"],"character_chosen":"DEFECT","items_purchased":["Apotheosis","Regen Potion"],"campfire_rested":4,"item_purchase_floors":[22,22],"current_hp_per_floor":[63,56,49,42,33,33,13,34,34,34,24,45,45,45,45,18,58,41,35,35,14,14,14,14,14,14,21,21,18,28,11,21,0],"gold":112,"neow_bonus":"THREE_CARDS","is_prod":false,"is_daily":false,"chose_seed":false,"campfire_upgraded":3,"win_rate":0,"timestamp":1561743831,"path_taken":["M","M","M","M","M","R","E","R","T","M","M","R","E","?","R","BOSS","M","?","M","?","$","R","?","?","T","M","?","E","R","E","R","BOSS"],"build_version":"2019-01-23","purchased_purges":1,"victory":false,"max_hp_per_floor":[71,71,71,71,71,71,71,71,71,71,71,71,71,71,71,71,71,71,35,35,35,35,35,35,35,35,35,35,35,35,35,35,35],"card_choices":[{"not_picked":["Stack","Aggregate"],"picked":"Beam Cell","floor":0},{"not_picked":["Coolheaded","Double Energy"],"picked":"FTL","floor":1},{"not_picked":["Cold Snap","Tempest"],"picked":"Gash","floor":2},{"not_picked":["Steam Power","Barrage","Stack"],"picked":"SKIP","floor":3},{"not_picked":["Barrage","Stack"],"picked":"Steam Power","floor":3},{"not_picked":["Redo","Aggregate"],"picked":"Conserve Battery","floor":4},{"not_picked":["Steam","Streamline"],"picked":"Scrape","floor":5},{"not_picked":["Stack","Cold Snap"],"picked":"Conserve Battery","floor":7},{"not_picked":["Chill","Cold Snap"],"picked":"Echo Form","floor":10},{"not_picked":["Rebound","Reinforced Body"],"picked":"Coolheaded","floor":11},{"not_picked":["Hello World","Streamline"],"picked":"Turbo","floor":13},{"not_picked":["Amplify","Seek"],"picked":"Buffer","floor":16},{"not_picked":["Go for the Eyes","Leap"],"picked":"Heatsinks","floor":17},{"not_picked":["Force Field","Double Energy"],"picked":"Static Discharge","floor":17},{"not_picked":["Redo","Stack"],"picked":"BootSequence","floor":17},{"not_picked":["Go for the Eyes","Conserve Battery"],"picked":"Gash","floor":17},{"not_picked":["Coolheaded","Barrage","Redo"],"picked":"SKIP","floor":18},{"not_picked":["Blizzard","Steam","Fusion"],"picked":"SKIP","floor":20},{"not_picked":["Barrage","Thunder Strike","Lockon"],"picked":"SKIP","floor":27},{"not_picked":["Turbo","Gash","Compile Driver"],"picked":"SKIP","floor":29},{"not_picked":["Scrape","Cold Snap+1","Turbo"],"picked":"SKIP","floor":31}],"player_experience":5526419,"relics_obtained":[{"floor":7,"key":"Mummified Hand"},{"floor":9,"key":"Kunai"},{"floor":13,"key":"Whetstone"},{"floor":21,"key":"Necronomicon"},{"floor":24,"key":"Smiling Mask"},{"floor":29,"key":"Girya"},{"floor":31,"key":"Boot"}],"event_choices":[{"damage_healed":0,"gold_gain":0,"player_choice":"Got Potions","damage_taken":0,"max_hp_gain":0,"max_hp_loss":0,"event_name":"Lab","floor":14,"gold_loss":0},{"damage_healed":0,"gold_gain":0,"player_choice":"Became a Ghost","damage_taken":0,"max_hp_gain":0,"max_hp_loss":36,"event_name":"Ghosts","floor":19,"gold_loss":0,"cards_obtained":["Ghostly","Ghostly","Ghostly"]},{"damage_healed":0,"gold_gain":0,"player_choice":"Obtained Book","damage_taken":21,"max_hp_gain":0,"max_hp_loss":0,"event_name":"Cursed Tome","floor":21,"gold_loss":0},{"cards_removed":["Strike_B"],"damage_healed":0,"gold_gain":0,"player_choice":"Elegance","damage_taken":0,"max_hp_gain":0,"max_hp_loss":0,"event_name":"Back to Basics","floor":28,"gold_loss":0}],"is_beta":false,"boss_relics":[{"not_picked":["Runic Pyramid","Sozu"],"picked":"Orrery"}],"items_purged_floors":[22],"is_endless":false,"potions_floor_spawned":[1,2,4,10,18,27],"killed_by":"Automaton","ascension_level":20}