{"gold_per_floor":[115,125,95,9,29,29,43,63,90,90,105,61,61,78,78,149,149,159,176,176,208,55,55,90,90,113,113,127,127,127,153,153,153],"floor_reached":33,"playtime":1447,"items_purged":["Writhe"],"score":710,"play_id":"b84dd83d-2a2a-471d-be40-0abf33c68eaf","local_time":"20190720032007","is_ascension_mode":true,"campfire_choices":[{"data":"Bash","floor":6,"key":"SMITH"},{"data":"Shockwave","floor":13,"key":"SMITH"},{"data":"Uppercut","floor":15,"key":"SMITH"},{"floor":23,"key":"REST"},{"floor":25,"key":"REST"},{"data":"Whirlwind","floor":29,"key":"SMITH"},{"floor":32,"key":"REST"}],"neow_cost":"","seed_source_timestamp":2466551778125710,"circlet_count":0,"master_deck":["AscendersBane","Strike_R","Strike_R","Strike_R","Strike_R","Strike_R","Defend_R","Defend_R","Defend_R","Defend_R+1","Bash+1","Feel No Pain","Cleave","Flame Barrier+1","Flame Barrier","Shrug It Off","Shockwave+1","Armaments+1","Flex","Uppercut+1","Feed","Ghostly Armor+1","Whirlwind+1","Disarm+1","Decay","Flame Barrier"],"relics":["Burning Blood","Champion Belt","Ancient Tea Set","Strawberry","Snecko Eye","Centennial Puzzle","Red Mask","War Paint","Bag of Marbles","Anchor"],"potions_floor_usage":[16,24],"damage_taken":[{"damage":0,"enemies":"Cultist","floor":1,"turns":3},{"damage":15,"enemies":"Jaw Worm","floor":2,"turns":6},{"damage":0,"enemies":"2 Louse","floor":5,"turns":4},{"damage":0,"enemies":"2 Fungi Beasts","floor":7,"turns":5},{"damage":2,"enemies":"Looter","floor":8,"turns":5},{"damage":18,"enemies":"Exordium Thugs","floor":11,"turns":6},{"damage":1,"enemies":"Blue Slaver","floor":14,"turns":3},{"damage":6,"enemies":"Hexaghost","floor":16,"turns":11},{"damage":7,"enemies":"Shell Parasite","floor":18,"turns":7},{"damage":0,"enemies":"Chosen","floor":19,"turns":4},{"damage":81,"enemies":"Masked Bandits","floor":21,"turns":8},{"damage":22,"enemies":"Book of Stabbing","floor":24,"turns":5},{"damage":17,"enemies":"Centurion and Healer","floor":28,"turns":13},{"damage":111,"enemies":"Automaton","floor":33,"turns":16}],"seed_played":"788409842900199754","potions_obtained":[{"floor":3,"key":"PowerPotion"},{"floor":3,"key":"FairyPotion"},{"floor":5,"key":"Block Potion"},{"floor":16,"key":"PowerPotion"},{"floor":24,"key":"Ancient Potion"}],"is_trial":false,"path_per_floor":["M","M","?","$","M","R","M","M","T","?","M","$","R","M","R","B",null,"M","M","?","?","$","R","E","R","T","?","M","R","?","T","R","B"],"character_chosen":"IRONCLAD","items_purchased":["Ancient Tea Set","Feel No Pain","Cleave","Flame Barrier","Uppercut","Whirlwind"],"campfire_rested":3,"item_purchase_floors":[0,0,0,4,12,22],"current_hp_per_floor":[47,38,38,38,44,44,50,54,61,61,49,49,49,54,54,54,75,77,86,86,15,15,42,26,53,53,53,42,42,42,42,69,0],"gold":153,"neow_bonus":"","is_prod":false,"is_daily":false,"chose_seed":false,"campfire_upgraded":4,"win_rate":0,"timestamp":1563585607,"path_taken":["M","?","?","$","?","R","?","M","T","?","M","$","R","M","R","BOSS","M","?","?","?","$","R","E","R","T","?","?","R","?","?","R","BOSS"],"build_version":"2019-07-17","purchased_purges":1,"victory":false,"max_hp_per_floor":[75,75,75,75,75,75,75,75,82,82,82,82,82,82,82,82,82,85,88,88,92,92,92,92,92,92,92,92,92,92,92,92,92],"card_choices":[{"not_picked":["Clothesline","True Grit"],"picked":"Flame Barrier","floor":1},{"not_picked":["Armaments","Anger","Warcry"],"picked":"SKIP","floor":2},{"not_picked":["Headbutt","Entrench"],"picked":"Shrug It Off","floor":5},{"not_picked":["Sword Boomerang","Battle Trance"],"picked":"Shockwave","floor":7},{"not_picked":["Seeing Red","Headbutt"],"picked":"Armaments","floor":8},{"not_picked":["Bludgeon","Warcry"],"picked":"Flex","floor":11},{"not_picked":["Sword Boomerang","Clash","Headbutt"],"picked":"SKIP","floor":14},{"not_picked":["Exhume","Impervious"],"picked":"Feed","floor":16},{"not_picked":["Body Slam","Armaments","Thunderclap+1"],"picked":"SKIP","floor":18},{"not_picked":["Metallicize","Havoc","Bloodletting"],"picked":"SKIP","floor":19},{"not_picked":["Sentinel","Shrug It Off"],"picked":"Ghostly Armor+1","floor":21},{"not_picked":["Combust","Thunderclap"],"picked":"Disarm+1","floor":24},{"not_picked":["Warcry","Perfected Strike"],"picked":"Flame Barrier","floor":28}],"player_experience":510315,"relics_obtained":[{"floor":9,"key":"Strawberry"},{"floor":21,"key":"Red Mask"},{"floor":24,"key":"War Paint"},{"floor":26,"key":"Bag of Marbles"},{"floor":31,"key":"Anchor"}],"event_choices":[{"damage_healed":0,"gold_gain":0,"player_choice":"Bought 2 Potions","damage_taken":0,"max_hp_gain":0,"max_hp_loss":0,"event_name":"The Woman in Blue","floor":3,"gold_loss":0},{"damage_healed":0,"gold_gain":0,"player_choice":"Upgraded","damage_taken":0,"max_hp_gain":0,"max_hp_loss":0,"event_name":"Upgrade Shrine","floor":10,"gold_loss":0,"cards_upgraded":["Armaments"]},{"damage_healed":0,"gold_gain":0,"player_choice":"Opened","damage_taken":0,"relics_obtained":["Centennial Puzzle"],"max_hp_gain":0,"max_hp_loss":0,"event_name":"The Mausoleum","floor":20,"gold_loss":0,"cards_obtained":["Writhe"]},{"damage_healed":0,"gold_gain":0,"player_choice":"Fought Bandits","damage_taken":0,"max_hp_gain":0,"max_hp_loss":0,"event_name":"Masked Bandits","floor":21,"gold_loss":0},{"damage_healed":0,"gold_gain":0,"player_choice":"Cursed","damage_taken":0,"max_hp_gain":0,"max_hp_loss":0,"event_name":"Wheel of Change","floor":27,"gold_loss":0,"cards_obtained":["Decay"]},{"damage_healed":0,"gold_gain":0,"player_choice":"Ignored","damage_taken":0,"max_hp_gain":0,"max_hp_loss":0,"event_name":"Vampires","floor":30,"gold_loss":0}],"is_beta":false,"boss_relics":[{"not_picked":["Tiny House","Philosopher\u0027s Stone"],"picked":"Snecko Eye"}],"items_purged_floors":[22],"is_endless":false,"potions_floor_spawned":[5,7,14,16,24],"killed_by":"Automaton","ascension_level":20}