{"gold_per_floor":[119,119,44,57,73,73,86,86,86,86,86,97,109,120,120,120],"floor_reached":16,"playtime":301,"items_purged":[],"score":188,"play_id":"8a88a670-a5ae-424f-8839-25e5dfa48683","local_time":"20190414000809","is_ascension_mode":true,"campfire_choices":[{"data":"Finisher","floor":6.0,"key":"SMITH"},{"data":"Survivor","floor":11.0,"key":"SMITH"},{"data":"All Out Attack","floor":15.0,"key":"SMITH"}],"neow_cost":"NONE","seed_source_timestamp":173946599579900,"circlet_count":0,"master_deck":["AscendersBane","Defend_G","Defend_G","Defend_G","Defend_G","Strike_G","Strike_G","Strike_G","Survivor+1","Neutralize+1","Finisher+1","Flying Knee","PiercingWail","Dagger Throw","Setup+1","Adrenaline+1","All Out Attack+1","Acrobatics+1"],"special_seed":0,"relics":["Ring of the Snake","Toxic Egg 2"],"potions_floor_usage":[16,16],"damage_taken":[{"damage":18.0,"enemies":"Jaw Worm","floor":1.0,"turns":5.0},{"damage":12.0,"enemies":"Small Slimes","floor":4.0,"turns":3.0},{"damage":0.0,"enemies":"2 Louse","floor":5.0,"turns":2.0},{"damage":1.0,"enemies":"Exordium Thugs","floor":7.0,"turns":4.0},{"damage":0.0,"enemies":"3 Louse","floor":12.0,"turns":3.0},{"damage":14.0,"enemies":"Large Slime","floor":13.0,"turns":6.0},{"damage":0.0,"enemies":"2 Fungi Beasts","floor":14.0,"turns":3.0},{"damage":18,"enemies":"Slime Boss","floor":16,"turns":6}],"seed_played":"9138534405052322680","potions_obtained":[{"floor":5.0,"key":"GhostInAJar"},{"floor":12.0,"key":"PowerPotion"}],"is_trial":false,"path_per_floor":["M","?","?","M","M","R","M","?","T","?","R","M","M","M","R","B"],"character_chosen":"THE_SILENT","items_purchased":[],"campfire_rested":0,"item_purchase_floors":[],"current_hp_per_floor":[41,41,41,29,29,29,28,28,28,28,28,28,14,14,14,0],"gold":120,"neow_bonus":"UPGRADE_CARD","is_prod":false,"is_daily":false,"chose_seed":false,"campfire_upgraded":3,"win_rate":0,"timestamp":1555168089,"path_taken":["M","?","?","?","M","R","M","?","T","?","R","?","M","M","R","BOSS"],"build_version":"2019-01-23","purchased_purges":0,"victory":false,"max_hp_per_floor":[66,66,66,66,66,66,66,66,66,66,66,66,66,66,66,66],"card_choices":[{"not_picked":["Deadly Poison","Choke"],"picked":"Finisher","floor":1.0},{"not_picked":["Expertise","Acrobatics"],"picked":"Flying Knee","floor":4.0},{"not_picked":["Catalyst","Underhanded Strike"],"picked":"PiercingWail","floor":5.0},{"not_picked":["PiercingWail","Backflip"],"picked":"Dagger Throw","floor":7.0},{"not_picked":["Bane","Sucker Punch"],"picked":"Adrenaline+1","floor":12.0},{"not_picked":["Deadly Poison+1","Flying Knee"],"picked":"All Out Attack","floor":13.0},{"not_picked":["Endless Agony","Deflect+1"],"picked":"Acrobatics+1","floor":14.0}],"player_experience":4775411,"relics_obtained":[{"floor":9.0,"key":"Toxic Egg 2"}],"event_choices":[{"damage_healed":0.0,"max_hp_gain":0.0,"max_hp_loss":0.0,"gold_gain":0.0,"event_name":"Liars Game","player_choice":"Ignored","floor":2.0,"gold_loss":0.0,"damage_taken":0.0},{"cards_removed":["Strike_G"],"damage_healed":0.0,"max_hp_gain":0.0,"max_hp_loss":0.0,"gold_gain":0.0,"event_name":"The Cleric","player_choice":"Card Removal","floor":3.0,"gold_loss":75.0,"damage_taken":0.0},{"cards_removed":["Defend_G"],"damage_healed":0.0,"max_hp_gain":0.0,"max_hp_loss":0.0,"gold_gain":0.0,"event_name":"Living Wall","player_choice":"Forget","floor":8.0,"gold_loss":0.0,"damage_taken":0.0},{"damage_healed":0.0,"max_hp_gain":0.0,"max_hp_loss":0.0,"gold_gain":0.0,"cards_transformed":["Strike_G"],"event_name":"Transmorgrifier","player_choice":"Transformed","floor":10.0,"gold_loss":0.0,"damage_taken":0.0,"cards_obtained":["Setup"]}],"is_beta":false,"boss_relics":[],"items_purged_floors":[],"is_endless":false,"potions_floor_spawned":[5,12,14],"killed_by":"Slime Boss","ascension_level":20}