{"gold_per_floor":[114,66,66,66,39,82,82,122,191,234,254,272,312,325,325,446,446,459,459,103,103,134,164,164,164,164,19,19,46,58,71,71,171,171,182,182,200,27,80,80,115,135,159,159,190,190,190,202,202,202],"floor_reached":51,"playtime":1154,"items_purged":[],"score":1220,"play_id":"802d072f-1815-427a-b8c0-499a92ac9161","local_time":"20190706213731","is_ascension_mode":true,"campfire_choices":[{"data":"Bash","floor":7,"key":"SMITH"},{"data":"Perfected Strike","floor":15,"key":"SMITH"},{"data":"1","floor":25,"key":"LIFT"},{"data":"2","floor":28,"key":"LIFT"},{"data":"3","floor":32,"key":"LIFT"},{"data":"Perfected Strike","floor":40,"key":"SMITH"},{"data":"Perfected Strike","floor":44,"key":"SMITH"},{"data":"Perfected Strike","floor":47,"key":"SMITH"},{"data":"Spot Weakness","floor":49,"key":"SMITH"}],"neow_cost":"NONE","seed_source_timestamp":1326667313559493,"circlet_count":0,"master_deck":["Strike_R","Strike_R","Strike_R","Strike_R","Strike_R","Defend_R","Defend_R","Defend_R","Defend_R","Bash+1","Twin Strike","Wild Strike","Feed","Perfected Strike+1","Perfected Strike+1","Twin Strike","Perfected Strike+1","Exhume","Armaments+1","Spot Weakness+1","Flex","Perfected Strike+1","Pommel Strike","Berserk","Wild Strike+1","Twin Strike","Twin Strike+1","Whirlwind+1","Trip","Flex+1"],"relics":["Burning Blood","NeowsBlessing","Lantern","Bloody Idol","Ancient Tea Set","Orichalcum","Sundial","Darkstone Periapt","Juzu Bracelet","Sozu","Girya","Red Mask","Meat on the Bone","Vajra","Bag of Marbles","Pear","Snecko Eye","Tiny Chest","Turnip","Bag of Preparation","Pen Nib","PreservedInsect"],"potions_floor_usage":[16,16,18,23],"damage_taken":[{"damage":0,"enemies":"Small Slimes","floor":1,"turns":1},{"damage":0,"enemies":"3 Sentries","floor":6,"turns":1},{"damage":0,"enemies":"Lagavulin","floor":8,"turns":1},{"damage":8,"enemies":"Gremlin Nob","floor":10,"turns":4},{"damage":0,"enemies":"Jaw Worm","floor":11,"turns":1},{"damage":1,"enemies":"2 Louse","floor":12,"turns":2},{"damage":14,"enemies":"Lagavulin","floor":13,"turns":3},{"damage":8,"enemies":"Lots of Slimes","floor":14,"turns":6},{"damage":27,"enemies":"The Guardian","floor":16,"turns":8},{"damage":13,"enemies":"3 Byrds","floor":18,"turns":5},{"damage":14,"enemies":"Masked Bandits","floor":22,"turns":4},{"damage":29,"enemies":"Gremlin Leader","floor":23,"turns":4},{"damage":0,"enemies":"Book of Stabbing","floor":29,"turns":1},{"damage":0,"enemies":"Spheric Guardian","floor":30,"turns":1},{"damage":0,"enemies":"Centurion and Healer","floor":31,"turns":3},{"damage":66,"enemies":"Collector","floor":33,"turns":9},{"damage":5,"enemies":"3 Darklings","floor":35,"turns":4},{"damage":0,"enemies":"Orb Walker","floor":37,"turns":1},{"damage":20,"enemies":"2 Orb Walkers","floor":39,"turns":3},{"damage":0,"enemies":"Reptomancer","floor":41,"turns":1},{"damage":6,"enemies":"Sphere and 2 Shapes","floor":42,"turns":3},{"damage":7,"enemies":"Giant Head","floor":45,"turns":4},{"damage":0,"enemies":"Writhing Mass","floor":48,"turns":1},{"damage":80,"enemies":"Donu and Deca","floor":50,"turns":6}],"seed_played":"-3201406684083685248","potions_obtained":[{"floor":8,"key":"Weak Potion"},{"floor":10,"key":"SpeedPotion"},{"floor":14,"key":"Fire Potion"},{"floor":16,"key":"SteroidPotion"}],"is_trial":false,"path_per_floor":["M","$","?","?","$","E","R","E","T","E","M","M","E","M","R","B",null,"M","?","$","?","?","E","?","R","T","$","R","E","M","M","R","B",null,"M","$","M","$","?","R","E","M","T","R","E","?","R","M","R","B",null],"character_chosen":"IRONCLAD","items_purchased":["Twin Strike","Wild Strike","Girya","Spot Weakness","Bag of Marbles","Tiny Chest","Twin Strike"],"campfire_rested":0,"item_purchase_floors":[2,5,20,20,27,38,38],"current_hp_per_floor":[78,78,60,60,60,66,66,75,75,73,77,77,69,70,70,49,72,68,68,68,68,68,50,50,50,50,50,50,71,82,96,96,53,88,94,94,99,99,93,93,102,105,105,105,105,105,105,105,105,43],"gold":202,"neow_bonus":"THREE_ENEMY_KILL","is_prod":false,"is_daily":false,"chose_seed":false,"campfire_upgraded":6,"win_rate":0,"timestamp":1562445451,"path_taken":["M","$","?","?","?","E","R","E","T","E","M","M","E","M","R","BOSS","M","?","$","?","?","E","?","R","T","$","R","E","M","M","R","BOSS","M","$","M","$","?","R","E","M","T","R","E","?","R","M","R","BOSS"],"build_version":"2019-07-05","purchased_purges":0,"victory":true,"max_hp_per_floor":[80,80,80,74,74,74,74,77,77,77,77,77,77,80,80,80,80,83,83,83,83,86,86,86,86,86,86,86,96,96,99,99,99,99,99,99,99,99,102,102,102,105,105,105,105,105,105,105,105,105],"card_choices":[{"not_picked":["Clash","True Grit","Bloodletting"],"picked":"SKIP","floor":1},{"not_picked":["Sword Boomerang","Disarm"],"picked":"Feed","floor":6},{"not_picked":["Fiend Fire","Twin Strike"],"picked":"Perfected Strike","floor":8},{"not_picked":["Disarm","Clash"],"picked":"Perfected Strike","floor":10},{"not_picked":["Sword Boomerang","Inflame","Power Through"],"picked":"SKIP","floor":11},{"not_picked":["Heavy Blade","Headbutt"],"picked":"Twin Strike","floor":12},{"not_picked":["Evolve","Searing Blow","Iron Wave"],"picked":"SKIP","floor":13},{"not_picked":["Thunderclap","Entrench"],"picked":"Perfected Strike","floor":14},{"not_picked":["Limit Break","Juggernaut"],"picked":"Exhume","floor":16},{"not_picked":["Battle Trance","Thunderclap"],"picked":"Armaments+1","floor":18},{"not_picked":["Anger","Bloodletting"],"picked":"Flex","floor":22},{"not_picked":["Bludgeon","Sword Boomerang"],"picked":"Perfected Strike","floor":23},{"not_picked":["Sever Soul+1","Exhume"],"picked":"Pommel Strike","floor":29},{"not_picked":["Entrench","Uppercut","Warcry"],"picked":"SKIP","floor":30},{"not_picked":["Burning Pact","Searing Blow","Clothesline"],"picked":"SKIP","floor":31},{"not_picked":["Impervious","Brutality"],"picked":"Berserk","floor":33},{"not_picked":["Heavy Blade","Feel No Pain+1","Carnage+1"],"picked":"SKIP","floor":35},{"not_picked":["Flex","Havoc"],"picked":"Wild Strike+1","floor":37},{"not_picked":["Shockwave","Warcry+1"],"picked":"Twin Strike+1","floor":39},{"not_picked":["True Grit","Clothesline","Immolate"],"picked":"SKIP","floor":41},{"not_picked":["Power Through","Bloodletting+1"],"picked":"Whirlwind+1","floor":42},{"not_picked":["Fire Breathing+1","Havoc","Headbutt+1"],"picked":"SKIP","floor":45},{"not_picked":["Chrysalis","Transmutation"],"picked":"Trip","floor":46},{"not_picked":["Iron Wave+1","Thunderclap"],"picked":"Flex+1","floor":48}],"player_experience":205572,"relics_obtained":[{"floor":6,"key":"Ancient Tea Set"},{"floor":8,"key":"Orichalcum"},{"floor":9,"key":"Sundial"},{"floor":10,"key":"Darkstone Periapt"},{"floor":13,"key":"Juzu Bracelet"},{"floor":22,"key":"Red Mask"},{"floor":23,"key":"Meat on the Bone"},{"floor":26,"key":"Vajra"},{"floor":29,"key":"Pear"},{"floor":39,"key":"Turnip"},{"floor":41,"key":"Bag of Preparation"},{"floor":43,"key":"Pen Nib"},{"floor":45,"key":"PreservedInsect"}],"event_choices":[{"damage_healed":0,"gold_gain":0,"player_choice":"Success","damage_taken":18,"relics_obtained":["Lantern"],"max_hp_gain":0,"max_hp_loss":0,"event_name":"Scrap Ooze","floor":3,"gold_loss":0},{"damage_healed":0,"gold_gain":0,"player_choice":"Lose Max HP","damage_taken":0,"relics_obtained":["Golden Idol"],"max_hp_gain":0,"max_hp_loss":6,"event_name":"Golden Idol","floor":4,"gold_loss":0},{"damage_healed":0,"gold_gain":0,"player_choice":"Gave Idol","damage_taken":0,"relics_obtained":["Bloody Idol"],"max_hp_gain":0,"max_hp_loss":0,"event_name":"Forgotten Altar","floor":19,"relics_lost":["Golden Idol"],"gold_loss":0},{"damage_healed":0,"gold_gain":0,"player_choice":"Got Potions","damage_taken":0,"max_hp_gain":0,"max_hp_loss":0,"event_name":"Lab","floor":21,"gold_loss":0},{"damage_healed":0,"gold_gain":0,"player_choice":"Fought Bandits","damage_taken":0,"max_hp_gain":0,"max_hp_loss":0,"event_name":"Masked Bandits","floor":22,"gold_loss":0},{"damage_healed":0,"gold_gain":0,"player_choice":"Ignored","damage_taken":0,"max_hp_gain":0,"max_hp_loss":0,"event_name":"Ghosts","floor":24,"gold_loss":0},{"damage_healed":0,"gold_gain":0,"player_choice":"Fight","damage_taken":0,"max_hp_gain":0,"max_hp_loss":0,"event_name":"Mysterious Sphere","floor":39,"gold_loss":0},{"damage_healed":0,"gold_gain":0,"player_choice":"Memory 1","damage_taken":0,"max_hp_gain":0,"max_hp_loss":0,"event_name":"SensoryStone","floor":46,"gold_loss":0}],"is_beta":false,"boss_relics":[{"not_picked":["Lizard Tail","White Beast Statue"],"picked":"Sozu"},{"not_picked":["Astrolabe","Runic Dome"],"picked":"Snecko Eye"}],"items_purged_floors":[],"is_endless":false,"potions_floor_spawned":[8,10,14,16,23,30,31,42,48],"ascension_level":6}