{"gold_per_floor":[110,130,143,159,173,173,191,191,273,273,62,89,102,27,27,101,101,112,126,26,26,41,41,70,0,53,53,68,84,84,96,96,168,168,181,196,296,296,2,2,15,33,33,45,78,78,78],"floor_reached":47,"playtime":2029,"items_purged":["Strike_G","Strike_G","Writhe"],"score":1012,"play_id":"a6d38883-0c01-43c2-9447-cbf6c351f7dd","local_time":"20190523021605","is_ascension_mode":true,"campfire_choices":[{"data":"Phantasmal Killer","floor":6,"key":"SMITH"},{"floor":8,"key":"REST"},{"data":"Glass Knife","floor":15,"key":"SMITH"},{"floor":23,"key":"REST"},{"floor":27,"key":"REST"},{"data":"Noxious Fumes","floor":30,"key":"SMITH"},{"data":"Catalyst","floor":32,"key":"SMITH"},{"floor":40,"key":"REST"},{"floor":46,"key":"REST"}],"neow_cost":"PERCENT_DAMAGE","seed_source_timestamp":7673970145400,"circlet_count":0,"master_deck":["AscendersBane","Defend_G","Defend_G","Defend_G","Defend_G","Defend_G","Strike_G","Strike_G","Survivor","Neutralize","Quick Slash","PiercingWail","Dagger Spray","Phantasmal Killer+1","Flying Knee","Calculated Gamble","Dagger Spray","Leg Sweep","Glass Knife+1","Glass Knife","Malaise","Noxious Fumes+1","Acrobatics","Caltrops+1","Catalyst+1","Escape Plan","Noxious Fumes","Night Terror","Well Laid Plans","Footwork+1","Backflip","Footwork","Dodge and Roll","Deflect"],"relics":["Ring of the Snake","Ninja Scroll","Pantograph","Eternal Feather","Ice Cream","Smiling Mask","Tiny Chest","Philosopher\u0027s Stone","Thread and Needle","Pocketwatch","Centennial Puzzle","Potion Belt"],"potions_floor_usage":[16,16,24,24,28,41,47],"damage_taken":[{"damage":4,"enemies":"Jaw Worm","floor":1,"turns":6},{"damage":4,"enemies":"Cultist","floor":2,"turns":3},{"damage":4,"enemies":"Small Slimes","floor":3,"turns":3},{"damage":4,"enemies":"Looter","floor":4,"turns":5},{"damage":11,"enemies":"Lots of Slimes","floor":5,"turns":2},{"damage":9,"enemies":"3 Louse","floor":7,"turns":4},{"damage":2,"enemies":"3 Sentries","floor":12,"turns":6},{"damage":0,"enemies":"2 Fungi Beasts","floor":13,"turns":1},{"damage":18,"enemies":"Slime Boss","floor":16,"turns":4},{"damage":0,"enemies":"3 Byrds","floor":18,"turns":4},{"damage":11,"enemies":"Spheric Guardian","floor":19,"turns":3},{"damage":36,"enemies":"Snecko","floor":22,"turns":8},{"damage":55,"enemies":"Gremlin Leader","floor":24,"turns":8},{"damage":25,"enemies":"Cultist and Chosen","floor":28,"turns":5},{"damage":4,"enemies":"Centurion and Healer","floor":29,"turns":7},{"damage":21,"enemies":"Snecko","floor":31,"turns":7},{"damage":39,"enemies":"Champ","floor":33,"turns":14},{"damage":49,"enemies":"3 Darklings","floor":35,"turns":9},{"damage":6,"enemies":"Orb Walker","floor":36,"turns":4},{"damage":11,"enemies":"Mind Bloom Boss Battle","floor":37,"turns":10},{"damage":18,"enemies":"3 Darklings","floor":41,"turns":5},{"damage":0,"enemies":"Maw","floor":42,"turns":8},{"damage":37,"enemies":"Spire Growth","floor":44,"turns":7},{"damage":1,"enemies":"Nemesis","floor":45,"turns":7},{"damage":49,"enemies":"Transient","floor":47,"turns":6}],"seed_played":"-578290611002675994","potions_obtained":[{"floor":3,"key":"Strength Potion"},{"floor":5,"key":"Ancient Potion"},{"floor":13,"key":"PowerPotion"},{"floor":19,"key":"SteroidPotion"},{"floor":22,"key":"GhostInAJar"},{"floor":24,"key":"Ancient Potion"},{"floor":37,"key":"FearPotion"},{"floor":44,"key":"SteroidPotion"},{"floor":45,"key":"Dexterity Potion"}],"is_trial":false,"path_per_floor":["M","M","M","M","M","R","M","R","T","?","$","E","M","$","R","B",null,"M","M","$","?","M","R","E","?","T","R","M","M","R","M","R","B",null,"M","M","?","?","$","R","M","M","T","M","E","R","M"],"character_chosen":"THE_SILENT","items_purchased":["Dagger Spray","Leg Sweep","Glass Knife","Footwork","Centennial Puzzle"],"campfire_rested":5,"item_purchase_floors":[11,11,11,39,39],"current_hp_per_floor":[52,48,44,40,29,29,20,43,43,43,43,41,41,41,41,48,71,71,60,60,60,24,59,4,4,4,42,17,13,28,7,22,8,61,12,6,20,20,20,61,43,43,43,6,5,46,0],"gold":78,"neow_bonus":"TWENTY_PERCENT_HP_BONUS","is_prod":false,"is_daily":false,"chose_seed":false,"campfire_upgraded":4,"win_rate":0,"timestamp":1558545365,"path_taken":["M","M","M","M","M","R","M","R","T","?","$","E","M","?","R","BOSS","M","M","$","?","M","R","E","?","T","R","M","M","R","M","R","BOSS","M","M","?","?","$","R","M","M","T","M","E","R","M"],"build_version":"2019-01-23","purchased_purges":3,"victory":false,"max_hp_per_floor":[78,78,78,78,78,78,78,78,78,78,78,78,78,78,78,78,78,78,78,78,78,78,78,78,78,78,78,78,78,78,78,78,78,78,78,78,78,78,78,78,78,78,78,78,78,78,78],"card_choices":[{"not_picked":["Caltrops","Setup"],"picked":"Quick Slash","floor":1},{"not_picked":["Tactician","Flechettes"],"picked":"PiercingWail","floor":2},{"not_picked":["Bane","Quick Slash"],"picked":"Dagger Spray","floor":3},{"not_picked":["Dagger Throw","Dodge and Roll"],"picked":"Phantasmal Killer","floor":4},{"not_picked":["Poisoned Stab","Catalyst"],"picked":"Flying Knee","floor":5},{"not_picked":["Dodge and Roll","Underhanded Strike"],"picked":"Calculated Gamble","floor":7},{"not_picked":["Quick Slash","Deflect"],"picked":"Glass Knife","floor":12},{"not_picked":["Poisoned Stab","Dagger Throw","Dagger Spray"],"picked":"SKIP","floor":13},{"not_picked":["Tools of the Trade","After Image"],"picked":"Malaise","floor":16},{"not_picked":["Blade Dance","Sucker Punch","Prepared"],"picked":"SKIP","floor":18},{"not_picked":["Poisoned Stab","Backflip"],"picked":"Noxious Fumes","floor":19},{"not_picked":["Accuracy","Blade Dance"],"picked":"Acrobatics","floor":22},{"not_picked":["Choke","Deflect"],"picked":"Caltrops+1","floor":24},{"not_picked":["Flying Knee","Calculated Gamble"],"picked":"Catalyst","floor":28},{"not_picked":["Distraction","Bane"],"picked":"Escape Plan","floor":29},{"not_picked":["Cloak And Dagger","Venomology"],"picked":"Noxious Fumes","floor":31},{"not_picked":["Glass Knife","A Thousand Cuts"],"picked":"Night Terror","floor":33},{"not_picked":["PiercingWail","Deadly Poison"],"picked":"Well Laid Plans","floor":35},{"not_picked":["Cloak And Dagger+1","Well Laid Plans"],"picked":"Footwork+1","floor":36},{"not_picked":["Dagger Throw","Prepared+1"],"picked":"Backflip","floor":37},{"not_picked":["Cloak And Dagger+1","Quick Slash","Eviscerate"],"picked":"SKIP","floor":41},{"not_picked":["Prepared","Distraction","Poisoned Stab+1"],"picked":"SKIP","floor":42},{"not_picked":["PiercingWail","Finisher"],"picked":"Dodge and Roll","floor":44},{"not_picked":["Predator+1","Deadly Poison"],"picked":"Deflect","floor":45}],"player_experience":5113458,"relics_obtained":[{"floor":9,"key":"Ninja Scroll"},{"floor":12,"key":"Pantograph"},{"floor":24,"key":"Smiling Mask"},{"floor":26,"key":"Tiny Chest"},{"floor":37,"key":"Thread and Needle"},{"floor":38,"key":"Pocketwatch"},{"floor":45,"key":"Potion Belt"}],"event_choices":[{"cards_removed":["Strike_G"],"damage_healed":0,"gold_gain":0,"player_choice":"Offered Basic","damage_taken":0,"max_hp_gain":0,"max_hp_loss":0,"event_name":"Bonfire Elementals","floor":10,"gold_loss":0},{"damage_healed":0,"gold_gain":0,"player_choice":"Opened","damage_taken":0,"relics_obtained":["Ice Cream"],"max_hp_gain":0,"max_hp_loss":0,"event_name":"The Mausoleum","floor":21,"gold_loss":0,"cards_obtained":["Writhe"]},{"damage_healed":0,"gold_gain":0,"player_choice":"Paid Fearfully","damage_taken":0,"max_hp_gain":0,"max_hp_loss":0,"event_name":"Masked Bandits","floor":25,"gold_loss":70},{"damage_healed":0,"gold_gain":0,"player_choice":"Fight","damage_taken":0,"max_hp_gain":0,"max_hp_loss":0,"event_name":"MindBloom","floor":37,"gold_loss":0},{"damage_healed":0,"gold_gain":0,"player_choice":"Relic","damage_taken":0,"max_hp_gain":0,"max_hp_loss":0,"event_name":"Wheel of Change","floor":38,"gold_loss":0}],"is_beta":false,"boss_relics":[{"not_picked":["Busted Crown","Snecko Eye"],"picked":"Eternal Feather"},{"not_picked":["Tiny House","Runic Pyramid"],"picked":"Philosopher\u0027s Stone"}],"items_purged_floors":[14,20,39],"is_endless":false,"potions_floor_spawned":[3,5,12,13,19,22,24,37,44,45],"killed_by":"Transient","ascension_level":20}