{"gold_per_floor":[119,44,44,60,60,101,119,119,119,132,14,55,55,80,80,173,173,194,102,82,82,7,7,21,21,21,21],"floor_reached":27,"playtime":566,"items_purged":["Strike_R"],"score":488,"play_id":"20fddf47-bfaa-473d-9765-b7fc1b984d24","local_time":"20190414024844","is_ascension_mode":true,"campfire_choices":[{"data":"Uppercut","floor":13,"key":"SMITH"},{"data":"Blood for Blood","floor":15,"key":"SMITH"},{"data":"Purity","floor":23,"key":"SMITH"},{"floor":25,"key":"REST"}],"neow_cost":"NONE","seed_source_timestamp":183349084264100,"circlet_count":0,"master_deck":["AscendersBane","Strike_R","Strike_R","Strike_R","Defend_R","Defend_R","Defend_R","Defend_R","Bash","Battle Trance","Hemokinesis","Infernal Blade","Uppercut+1","Wild Strike","Evolve","Blood for Blood+1","Flame Barrier","Intimidate","Bludgeon","Shame","Decay","Pain","True Grit","Purity+1"],"relics":["Burning Blood","NeowsBlessing","Golden Idol","Shuriken","Blood Vial","Darkstone Periapt","Calling Bell","Boot","Matryoshka","Pocketwatch","Self Forming Clay","Letter Opener"],"potions_floor_usage":[16,16,27],"damage_taken":[{"damage":0,"enemies":"Small Slimes","floor":1,"turns":1},{"damage":0,"enemies":"Cultist","floor":4,"turns":1},{"damage":3,"enemies":"Gremlin Nob","floor":6,"turns":1},{"damage":0,"enemies":"2 Louse","floor":7,"turns":3},{"damage":17,"enemies":"Exordium Thugs","floor":10,"turns":5},{"damage":31,"enemies":"Lagavulin","floor":12,"turns":7},{"damage":8,"enemies":"2 Fungi Beasts","floor":14,"turns":3},{"damage":33,"enemies":"Hexaghost","floor":16,"turns":6},{"damage":43,"enemies":"Chosen","floor":18,"turns":4},{"damage":26,"enemies":"Shell Parasite","floor":24,"turns":4},{"damage":60,"enemies":"Gremlin Leader","floor":27,"turns":6}],"seed_played":"-8102519611977991486","potions_obtained":[{"floor":6,"key":"EssenceOfSteel"},{"floor":10,"key":"Energy Potion"},{"floor":16,"key":"Dexterity Potion"},{"floor":18,"key":"Strength Potion"}],"is_trial":false,"path_per_floor":["M","?","?","M","?","E","M","?","T","M","$","E","R","M","R","B",null,"M","$","?","$","$","R","M","R","T","E"],"character_chosen":"IRONCLAD","items_purchased":["Evolve","Blood for Blood","Purity"],"campfire_rested":1,"item_purchase_floors":[11,11,19],"current_hp_per_floor":[74,74,48,54,54,57,63,75,75,64,64,41,41,41,41,16,78,43,43,43,43,43,43,25,52,52,0],"gold":21,"neow_bonus":"THREE_ENEMY_KILL","is_prod":false,"is_daily":false,"chose_seed":false,"campfire_upgraded":3,"win_rate":0,"timestamp":1555177724,"path_taken":["M","?","?","M","?","E","M","?","T","?","$","E","R","M","R","BOSS","M","$","?","?","$","R","M","R","T","E"],"build_version":"2019-01-23","purchased_purges":1,"victory":false,"max_hp_per_floor":[75,75,75,75,75,75,75,75,75,75,75,75,75,75,75,75,93,93,93,93,93,93,93,93,93,93,93],"card_choices":[{"not_picked":["Armaments","Cleave"],"picked":"Battle Trance","floor":1},{"not_picked":["Warcry","Cleave"],"picked":"Hemokinesis","floor":4},{"not_picked":["Rampage","Warcry"],"picked":"Infernal Blade","floor":6},{"not_picked":["Headbutt","Heavy Blade"],"picked":"Uppercut","floor":7},{"not_picked":["Anger","Perfected Strike"],"picked":"Wild Strike","floor":10},{"not_picked":["Bludgeon","Warcry"],"picked":"Flame Barrier","floor":12},{"not_picked":["Bloodletting","Clothesline","Intimidate"],"picked":"SKIP","floor":14},{"not_picked":["Bloodletting","Clothesline"],"picked":"Intimidate","floor":14},{"not_picked":["Barricade","Brutality"],"picked":"Bludgeon","floor":16},{"not_picked":["Clothesline","Cleave"],"picked":"True Grit","floor":18},{"not_picked":["Bloodletting","Clash","Spot Weakness"],"picked":"SKIP","floor":24}],"player_experience":4783422,"relics_obtained":[{"floor":6,"key":"Shuriken"},{"floor":9,"key":"Blood Vial"},{"floor":12,"key":"Darkstone Periapt"},{"floor":17,"key":"Boot"},{"floor":17,"key":"Matryoshka"},{"floor":17,"key":"Pocketwatch"},{"floor":26,"key":"Self Forming Clay"},{"floor":26,"key":"Letter Opener"}],"event_choices":[{"cards_removed":["Strike_R"],"damage_healed":0,"gold_gain":0,"player_choice":"Card Removal","damage_taken":0,"max_hp_gain":0,"max_hp_loss":0,"event_name":"The Cleric","floor":2,"gold_loss":75},{"damage_healed":0,"gold_gain":0,"player_choice":"Take Damage","damage_taken":26,"relics_obtained":["Golden Idol"],"max_hp_gain":0,"max_hp_loss":0,"event_name":"Golden Idol","floor":3,"gold_loss":0},{"damage_healed":0,"gold_gain":0,"player_choice":"Ignored","damage_taken":0,"max_hp_gain":0,"max_hp_loss":0,"event_name":"Liars Game","floor":5,"gold_loss":0},{"damage_healed":12,"gold_gain":0,"player_choice":"Full Heal","damage_taken":0,"max_hp_gain":0,"max_hp_loss":0,"event_name":"Wheel of Change","floor":8,"gold_loss":0},{"damage_healed":0,"gold_gain":0,"player_choice":"Bought 1 Potion","damage_taken":0,"max_hp_gain":0,"max_hp_loss":0,"event_name":"The Woman in Blue","floor":20,"gold_loss":0}],"is_beta":false,"boss_relics":[{"not_picked":["Runic Dome","Lizard Tail"],"picked":"Calling Bell"}],"items_purged_floors":[22],"is_endless":false,"potions_floor_spawned":[6,10,14,16,18],"killed_by":"Gremlin Leader","ascension_level":20}