{"gold_per_floor":[99,99,99,9,9,9,9,9,9,9,9,9,9,9,9,9],"floor_reached":16,"playtime":514,"items_purged":[],"score":208,"play_id":"72987e34-4b7c-4ae0-be6a-aae2439f463d","local_time":"20190607003941","is_ascension_mode":true,"campfire_choices":[{"floor":6,"key":"RECALL"}],"neow_cost":"","seed_source_timestamp":958078367177100,"circlet_count":0,"master_deck":["Dualcast","Zap","Defend_B","Defend_B","Defend_B","Defend_B","Defend_B","Strike_B","Strike_B","Strike_B","Strike_B","Strike_B","Streamline","Double Energy","Self Repair","Doom and Gloom","Sweeping Beam","Writhe","Hologram","Double Energy","Compile Driver","Undo","Streamline"],"relics":["Cracked Core","Mark of Pain","Ancient Tea Set","Dodecahedron","Runic Dome","Question Card","Velvet Choker","Busted Crown","Art of War","Sozu","Ectoplasm","Cursed Key","Prayer Wheel","Lantern","Coffee Dripper","Nuclear Battery","Fusion Hammer","Philosopher\u0027s Stone","Sundial","Happy Flower","Gremlin Horn","Nunchaku","Ice Cream","Letter Opener"],"potions_floor_usage":[],"damage_taken":[{"damage":0,"enemies":"2 Louse","floor":1,"turns":1},{"damage":11,"enemies":"Small Slimes","floor":2,"turns":3},{"damage":2,"enemies":"Cultist","floor":5,"turns":3},{"damage":72,"enemies":"Gremlin Nob","floor":8,"turns":5},{"damage":0,"enemies":"2 Fungi Beasts","floor":10,"turns":2},{"damage":8,"enemies":"Exordium Wildlife","floor":11,"turns":3},{"damage":3,"enemies":"Gremlin Gang","floor":12,"turns":2},{"damage":17,"enemies":"Large Slime","floor":14,"turns":4},{"damage":11,"enemies":"Slime Boss","floor":16,"turns":5}],"seed_played":"-6221075040123445056","potions_obtained":[],"is_trial":true,"path_per_floor":["M","M","?","$","M","R","?","E","T","M","M","M","?","M","R","B"],"character_chosen":"DEFECT","items_purchased":["Double Energy"],"campfire_rested":0,"item_purchase_floors":[4],"current_hp_per_floor":[64,53,48,48,46,46,81,16,16,16,15,19,19,9,9,0],"gold":9,"neow_bonus":"","is_prod":false,"is_daily":false,"chose_seed":false,"campfire_upgraded":0,"win_rate":0,"timestamp":1559835581,"path_taken":["M","M","?","$","M","R","?","E","T","M","?","M","?","M","R","BOSS"],"build_version":"2019-01-23","purchased_purges":0,"victory":false,"max_hp_per_floor":[71,71,71,71,71,71,81,81,81,81,81,81,81,81,81,81],"card_choices":[{"not_picked":["Cold Snap","Rebound"],"picked":"SKIP","floor":1},{"not_picked":["Redo","Turbo"],"picked":"SKIP","floor":1},{"not_picked":["Loop"],"picked":"Streamline","floor":2},{"not_picked":["Darkness"],"picked":"Core Surge","floor":2},{"not_picked":["Barrage"],"picked":"Self Repair","floor":5},{"not_picked":["Stack"],"picked":"Doom and Gloom","floor":5},{"not_picked":["Ball Lightning"],"picked":"Sweeping Beam","floor":8},{"not_picked":["Gash"],"picked":"Hologram","floor":10},{"not_picked":["Cold Snap","Fusion"],"picked":"SKIP","floor":10},{"not_picked":["Rebound"],"picked":"Double Energy","floor":11},{"not_picked":["Ball Lightning"],"picked":"Compile Driver","floor":11},{"not_picked":["Stack"],"picked":"Undo","floor":12},{"not_picked":["Stack"],"picked":"Streamline","floor":12},{"not_picked":["Redo","Gash"],"picked":"SKIP","floor":14},{"not_picked":["Streamline","Biased Cognition"],"picked":"SKIP","floor":14}],"player_experience":5286546,"relics_obtained":[{"floor":8,"key":"Letter Opener"}],"event_choices":[{"damage_healed":0,"gold_gain":0,"player_choice":"Success","damage_taken":5,"relics_obtained":["Ice Cream"],"max_hp_gain":0,"max_hp_loss":0,"event_name":"Scrap Ooze","floor":3,"gold_loss":0},{"cards_removed":["Core Surge"],"damage_healed":25,"gold_gain":0,"player_choice":"Offered Rare","damage_taken":0,"max_hp_gain":10,"max_hp_loss":0,"event_name":"Bonfire Elementals","floor":7,"gold_loss":0},{"damage_healed":0,"gold_gain":54,"player_choice":"Gained Gold","damage_taken":0,"max_hp_gain":0,"max_hp_loss":0,"event_name":"Golden Wing","floor":13,"gold_loss":0}],"is_beta":false,"boss_relics":[],"items_purged_floors":[],"is_endless":false,"potions_floor_spawned":[2,8,11,14],"killed_by":"Slime Boss","ascension_level":20}