{"gold_per_floor":[111,111,14,32,48,48,66,95,121,135,210,240,273,38,38,116,116,127,142,142,192,205,205,219,219,265,278,13,13,13,42,42,42],"floor_reached":33,"playtime":1179,"items_purged":["Strike_G","Writhe"],"score":550,"play_id":"bd2775a1-a5bf-4504-9c90-437d44771b44","local_time":"20190531024204","is_ascension_mode":true,"campfire_choices":[{"data":"All Out Attack","floor":6,"key":"SMITH"},{"data":"Caltrops","floor":15,"key":"SMITH"},{"floor":25,"key":"REST"},{"data":"After Image","floor":30,"key":"SMITH"},{"data":"Terror","floor":32,"key":"SMITH"}],"neow_cost":"NONE","seed_source_timestamp":363201751166000,"circlet_count":0,"master_deck":["AscendersBane","Defend_G+1","Defend_G+1","Defend_G+1","Defend_G+1","Strike_G+1","Strike_G+1","Strike_G+1","Strike_G+1","Survivor","Neutralize","All Out Attack+1","Cloak And Dagger","Masterful Stab","PiercingWail","Footwork","Infinite Blades","Backflip","Bouncing Flask","Cloak And Dagger","Caltrops+1","After Image+1","Venomology","Skewer+1","Backflip","Acrobatics+1","Cloak And Dagger","Deadly Poison+1","Terror+1"],"relics":["Ring of the Snake","FaceOfCleric","Pen Nib","Lantern","Blood Vial","WristBlade","Centennial Puzzle","Ancient Tea Set","Membership Card","Pantograph","Bottled Flame"],"potions_floor_usage":[8,16,18,24,27,27,33,33],"damage_taken":[{"damage":0,"enemies":"Small Slimes","floor":1,"turns":2},{"damage":0,"enemies":"Cultist","floor":4,"turns":3},{"damage":0,"enemies":"Jaw Worm","floor":5,"turns":4},{"damage":6,"enemies":"Large Slime","floor":7,"turns":7},{"damage":17,"enemies":"Lagavulin","floor":8,"turns":9},{"damage":0,"enemies":"Exordium Wildlife","floor":10,"turns":3},{"damage":4,"enemies":"3 Sentries","floor":13,"turns":4},{"damage":21,"enemies":"Hexaghost","floor":16,"turns":8},{"damage":8,"enemies":"Spheric Guardian","floor":18,"turns":6},{"damage":13,"enemies":"Shell Parasite","floor":19,"turns":8},{"damage":9,"enemies":"Centurion and Healer","floor":22,"turns":5},{"damage":18,"enemies":"Shelled Parasite and Fungi","floor":24,"turns":7},{"damage":6,"enemies":"Chosen and Byrds","floor":27,"turns":3},{"damage":9,"enemies":"Book of Stabbing","floor":31,"turns":5},{"damage":97,"enemies":"Collector","floor":33,"turns":9}],"seed_played":"-1542126794563597513","potions_obtained":[{"floor":4,"key":"Fire Potion"},{"floor":7,"key":"SpeedPotion"},{"floor":8,"key":"LiquidBronze"},{"floor":16,"key":"Ancient Potion"},{"floor":27,"key":"Dexterity Potion"}],"is_trial":false,"path_per_floor":["M","?","$","M","M","R","M","E","T","M","?","?","E","$","R","B",null,"M","M","?","?","M","?","M","R","T","M","$","T","R","E","R","B"],"character_chosen":"THE_SILENT","items_purchased":["Masterful Stab","PiercingWail","After Image","Membership Card"],"campfire_rested":1,"item_purchase_floors":[3,3,14,28],"current_hp_per_floor":[59,59,59,60,61,61,56,40,40,41,30,30,27,27,27,9,57,52,42,42,42,36,36,21,44,44,41,41,41,41,35,35,0],"gold":42,"neow_bonus":"TRANSFORM_CARD","is_prod":false,"is_daily":false,"chose_seed":false,"campfire_upgraded":4,"win_rate":0,"timestamp":1559238124,"path_taken":["M","?","?","M","M","R","M","E","T","?","?","?","E","?","R","BOSS","M","M","?","?","M","?","M","R","T","?","?","?","R","E","R","BOSS"],"build_version":"2019-01-23","purchased_purges":2,"victory":false,"max_hp_per_floor":[66,66,66,67,68,68,69,70,70,71,71,71,72,72,72,73,73,74,75,75,75,76,76,77,77,77,78,78,78,78,79,79,79],"card_choices":[{"not_picked":["Slice","Setup"],"picked":"Cloak And Dagger","floor":1},{"not_picked":["Bane","Prepared"],"picked":"Footwork","floor":4},{"not_picked":["Deflect","Quick Slash"],"picked":"Infinite Blades","floor":5},{"not_picked":["Distraction","Masterful Stab"],"picked":"Backflip","floor":7},{"not_picked":["Masterful Stab","Heel Hook"],"picked":"Bouncing Flask","floor":8},{"not_picked":["Dagger Throw","Blade Dance"],"picked":"Cloak And Dagger","floor":10},{"not_picked":["Dodge and Roll","Underhanded Strike"],"picked":"Caltrops","floor":13},{"not_picked":["Tools of the Trade","Grand Finale"],"picked":"Venomology","floor":16},{"not_picked":["Acrobatics","Prepared"],"picked":"Skewer+1","floor":18},{"not_picked":["Flechettes","Prepared"],"picked":"Backflip","floor":19},{"not_picked":["Acrobatics+1","Bane","Dagger Throw"],"picked":"SKIP","floor":22},{"not_picked":["Bane","Dagger Throw"],"picked":"Acrobatics+1","floor":22},{"not_picked":["Slice","Caltrops+1"],"picked":"Cloak And Dagger","floor":24},{"not_picked":["Backflip","Deflect"],"picked":"Deadly Poison+1","floor":27},{"not_picked":["Reflex","Expertise"],"picked":"Terror","floor":31}],"player_experience":5224127,"relics_obtained":[{"floor":8,"key":"Pen Nib"},{"floor":9,"key":"Lantern"},{"floor":13,"key":"Blood Vial"},{"floor":26,"key":"Ancient Tea Set"},{"floor":29,"key":"Pantograph"},{"floor":31,"key":"Bottled Flame"}],"event_choices":[{"damage_healed":0,"gold_gain":0,"player_choice":"Trade","damage_taken":0,"relics_obtained":["FaceOfCleric"],"max_hp_gain":0,"max_hp_loss":0,"event_name":"FaceTrader","floor":2,"gold_loss":0},{"damage_healed":0,"gold_gain":75,"player_choice":"Gather Gold","damage_taken":11,"max_hp_gain":0,"max_hp_loss":0,"event_name":"World of Goop","floor":11,"gold_loss":0},{"damage_healed":0,"gold_gain":30,"player_choice":"Searched \u00271\u0027 times","damage_taken":0,"max_hp_gain":0,"max_hp_loss":0,"event_name":"Dead Adventurer","floor":12,"gold_loss":0},{"damage_healed":0,"gold_gain":0,"player_choice":"Opened","damage_taken":0,"relics_obtained":["Centennial Puzzle"],"max_hp_gain":0,"max_hp_loss":0,"event_name":"The Mausoleum","floor":20,"gold_loss":0,"cards_obtained":["Writhe"]},{"damage_healed":0,"gold_gain":50,"player_choice":"Stole From Cult","damage_taken":0,"max_hp_gain":0,"max_hp_loss":0,"event_name":"Nest","floor":21,"gold_loss":0},{"damage_healed":0,"gold_gain":0,"player_choice":"Simplicity","damage_taken":0,"max_hp_gain":0,"max_hp_loss":0,"event_name":"Back to Basics","floor":23,"gold_loss":0,"cards_upgraded":["Defend_G","Defend_G","Defend_G","Defend_G","Strike_G","Strike_G","Strike_G","Strike_G"]}],"is_beta":false,"boss_relics":[{"not_picked":["Ring of the Serpent","Lizard Tail"],"picked":"WristBlade"}],"items_purged_floors":[14,28],"is_endless":false,"potions_floor_spawned":[4,7,8,16,18,24,27],"killed_by":"Collector","ascension_level":20}