{"gold_per_floor":[110,126,144,157,157,157,187,187,187,187,202,217,217,236,236,236],"floor_reached":16,"playtime":427,"items_purged":[],"score":208,"play_id":"32f25e66-606c-42cc-8109-3fe5fb66fc39","local_time":"20190716023403","is_ascension_mode":true,"campfire_choices":[{"data":"Redo","floor":6,"key":"SMITH"},{"data":"Zap","floor":8,"key":"SMITH"},{"data":"Recycle","floor":13,"key":"SMITH"},{"data":"Steam Power","floor":15,"key":"SMITH"}],"neow_cost":"NONE","seed_source_timestamp":463629379801800,"circlet_count":0,"master_deck":["AscendersBane","Strike_B","Strike_B","Strike_B","Strike_B","Defend_B","Defend_B","Defend_B","Defend_B","Zap+1","Dualcast","All For One","Recycle+1","Redo+1","Glacier","Electrodynamics","White Noise","Steam Power+1","Conserve Battery","Self Repair"],"relics":["Cracked Core","Blood Vial","The Courier"],"potions_floor_usage":[4,7,16],"damage_taken":[{"damage":6,"enemies":"Jaw Worm","floor":1,"turns":4},{"damage":19,"enemies":"Small Slimes","floor":2,"turns":4},{"damage":6,"enemies":"Cultist","floor":3,"turns":3},{"damage":3,"enemies":"Gremlin Gang","floor":4,"turns":4},{"damage":7,"enemies":"Lagavulin","floor":7,"turns":9},{"damage":8,"enemies":"Blue Slaver","floor":11,"turns":4},{"damage":1,"enemies":"Exordium Thugs","floor":12,"turns":3},{"damage":0,"enemies":"Lots of Slimes","floor":14,"turns":1},{"damage":34,"enemies":"Hexaghost","floor":16,"turns":9}],"seed_played":"-222760969604707394","potions_obtained":[{"floor":1,"key":"EssenceOfSteel"},{"floor":3,"key":"Explosive Potion"},{"floor":12,"key":"AttackPotion"},{"floor":14,"key":"FairyPotion"}],"is_trial":false,"path_per_floor":["M","M","M","M","?","R","E","R","T","?","M","M","R","M","R","B"],"character_chosen":"DEFECT","items_purchased":[],"campfire_rested":0,"item_purchase_floors":[],"current_hp_per_floor":[58,39,33,30,30,30,23,23,23,23,17,18,18,20,20,0],"gold":236,"neow_bonus":"ONE_RANDOM_RARE_CARD","is_prod":false,"is_daily":false,"chose_seed":false,"campfire_upgraded":4,"win_rate":0,"timestamp":1563212043,"path_taken":["M","M","M","M","?","R","E","R","T","?","M","M","R","M","R","BOSS"],"build_version":"2019-07-05","purchased_purges":0,"victory":false,"max_hp_per_floor":[71,71,71,71,71,71,71,71,71,71,71,71,71,71,71,71],"card_choices":[{"not_picked":["Reinforced Body","Rip and Tear"],"picked":"Recycle","floor":1},{"not_picked":["Stack","Cold Snap"],"picked":"Redo","floor":2},{"not_picked":["Reinforced Body","Redo"],"picked":"Glacier","floor":3},{"not_picked":["Go for the Eyes","Cold Snap"],"picked":"Electrodynamics","floor":4},{"not_picked":["Hello World","Steam"],"picked":"White Noise","floor":7},{"not_picked":["Hologram","Sweeping Beam"],"picked":"Steam Power","floor":11},{"not_picked":["Stack","Melter"],"picked":"Conserve Battery","floor":12},{"not_picked":["Genetic Algorithm","Reinforced Body"],"picked":"Self Repair","floor":14}],"player_experience":5705074,"relics_obtained":[{"floor":7,"key":"Blood Vial"},{"floor":9,"key":"The Courier"}],"event_choices":[{"damage_healed":0,"gold_gain":0,"player_choice":"Fled","damage_taken":0,"max_hp_gain":0,"max_hp_loss":0,"event_name":"Scrap Ooze","floor":5,"gold_loss":0},{"damage_healed":0,"gold_gain":0,"player_choice":"Ignored","damage_taken":0,"max_hp_gain":0,"max_hp_loss":0,"event_name":"Shining Light","floor":10,"gold_loss":0}],"is_beta":false,"boss_relics":[],"items_purged_floors":[],"is_endless":false,"potions_floor_spawned":[1,3,12,14],"killed_by":"Hexaghost","ascension_level":20}