{"gold_per_floor":[113,113,125,137,198,198,213,71,71,46,196,213,238,303,303,377,377,395,458,191,241,251,286,336,436,511,523,573,573,583,593,593,671,671,687,737,787,837,848,875,440,440,440,451,466,466,484,534,534,534,534,534,534,20,46,46],"floor_reached":57,"playtime":2283,"items_purged":["Strike_R","Rampage"],"score":2662,"play_id":"2e12462f-eaee-40bd-835b-fc294c61b87c","local_time":"20190613010041","is_ascension_mode":true,"campfire_choices":[{"data":"Bash","floor":6.0,"key":"SMITH"},{"data":"Armaments","floor":15.0,"key":"SMITH"},{"floor":29.0,"key":"REST"},{"data":"Demon Form","floor":32.0,"key":"SMITH"},{"data":"Demon Form","floor":42.0,"key":"SMITH"},{"floor":46,"key":"REST"},{"floor":49,"key":"RECALL"},{"floor":53,"key":"REST"}],"neow_cost":"NONE","seed_source_timestamp":1479149396287400,"circlet_count":0,"master_deck":["AscendersBane","Defend_R","Defend_R","Defend_R","Defend_R","Bash+1","Flame Barrier","Headbutt","Reckless Charge","Flame Barrier","Fiend Fire","Evolve","Flash of Steel","Armaments+1","True Grit","Demon Form+1","Dark Embrace","Heavy Blade+1","Uppercut","Impervious","Shrug It Off","Power Through","Disarm","Heavy Blade","Limit Break","Demon Form+1","Demon Form+1","Burning Pact","Corruption","Entrench","PanicButton","Apotheosis","Exhume","Second Wind"],"special_seed":0,"relics":["Burning Blood","SsserpentHead","Sundial","Ginger","Snecko Eye","Letter Opener","Juzu Bracelet","Cursed Key","Ancient Tea Set","DollysMirror","Happy Flower","Boot"],"potions_floor_usage":[50,56,56],"damage_taken":[{"damage":0.0,"enemies":"2 Louse","floor":1.0,"turns":3.0},{"damage":12.0,"enemies":"Cultist","floor":3.0,"turns":5.0},{"damage":7.0,"enemies":"Jaw Worm","floor":4.0,"turns":4.0},{"damage":1.0,"enemies":"2 Fungi Beasts","floor":5.0,"turns":4.0},{"damage":16.0,"enemies":"Exordium Thugs","floor":7.0,"turns":6.0},{"damage":10.0,"enemies":"Lots of Slimes","floor":12.0,"turns":5.0},{"damage":31.0,"enemies":"Lagavulin","floor":13.0,"turns":9.0},{"damage":3.0,"enemies":"Large Slime","floor":14.0,"turns":7.0},{"damage":15.0,"enemies":"The Guardian","floor":16.0,"turns":10.0},{"damage":16.0,"enemies":"3 Byrds","floor":18.0,"turns":6.0},{"damage":15.0,"enemies":"Spheric Guardian","floor":19.0,"turns":5.0},{"damage":12.0,"enemies":"Snake Plant","floor":22.0,"turns":3.0},{"damage":10.0,"enemies":"Gremlin Leader","floor":23.0,"turns":6.0},{"damage":3.0,"enemies":"Centurion and Healer","floor":27.0,"turns":11.0},{"damage":0.0,"enemies":"Chosen and Byrds","floor":30.0,"turns":6.0},{"damage":0.0,"enemies":"Snake Plant","floor":31.0,"turns":2.0},{"damage":50.0,"enemies":"Collector","floor":33.0,"turns":7.0},{"damage":3.0,"enemies":"3 Darklings","floor":35.0,"turns":4.0},{"damage":0.0,"enemies":"Orb Walker","floor":39.0,"turns":3.0},{"damage":11.0,"enemies":"Giant Head","floor":40.0,"turns":6.0},{"damage":68.0,"enemies":"Writhing Mass","floor":44.0,"turns":6.0},{"damage":0,"enemies":"Transient","floor":45,"turns":6},{"damage":15,"enemies":"4 Shapes","floor":47,"turns":4},{"damage":9,"enemies":"Time Eater","floor":50,"turns":6},{"damage":24,"enemies":"Awakened One","floor":51,"turns":5},{"damage":7,"enemies":"Shield and Spear","floor":55,"turns":5},{"damage":63,"enemies":"The Heart","floor":56,"turns":7}],"seed_played":"2827066600146308897","potions_obtained":[{"floor":3.0,"key":"Weak Potion"},{"floor":7.0,"key":"Dexterity Potion"},{"floor":14.0,"key":"AttackPotion"},{"floor":16.0,"key":"Block Potion"},{"floor":18.0,"key":"Ancient Potion"},{"floor":27.0,"key":"Swift Potion"},{"floor":31.0,"key":"Poison Potion"},{"floor":33.0,"key":"SkillPotion"},{"floor":39.0,"key":"Strength Potion"},{"floor":40.0,"key":"Regen Potion"},{"floor":44.0,"key":"SkillPotion"},{"floor":47,"key":"GamblersBrew"},{"floor":55,"key":"SkillPotion"}],"is_trial":false,"path_per_floor":["M","?","M","M","M","R","M","$","T","?","?","M","E","M","R","B",null,"M","M","$","?","M","E","T","?","T","M","?","R","M","M","R","B",null,"M","?","?","?","M","E","$","R","T","M","M","R","M","?","R","B","B",null,"R","$","E","B",null],"character_chosen":"IRONCLAD","items_purchased":["Evolve","Flash of Steel","Armaments","Uppercut","Impervious","DollysMirror","Happy Flower","Apotheosis","Exhume","Second Wind","Dexterity Potion"],"campfire_rested":3,"item_purchase_floors":[8,8,8,20,20,41,41,54,54,54,54],"current_hp_per_floor":[74,74,68,67,72,72,62,62,62,62,62,58,33,36,36,27,63,53,44,44,44,38,34,34,34,34,37,37,59,65,71,71,27,63,66,66,66,66,71,66,66,66,66,18,24,45,36,36,36,33,15,57,71,71,70,13],"gold":46,"neow_bonus":"REMOVE_CARD","is_prod":false,"is_daily":false,"chose_seed":false,"campfire_upgraded":4,"win_rate":0,"timestamp":1560355241,"path_taken":["M","?","M","M","?","R","M","?","T","?","?","M","E","?","R","BOSS","M","?","$","?","M","E","?","?","T","M","?","R","M","M","R","BOSS","M","?","?","?","M","E","?","R","T","M","M","R","M","?","R","BOSS","BOSS","R","$","E","BOSS"],"build_version":"2019-01-23","purchased_purges":2,"victory":true,"max_hp_per_floor":[75,75,75,75,75,75,75,75,75,75,75,75,75,75,75,75,75,75,75,75,75,75,75,75,75,75,75,75,75,75,75,75,75,75,75,71,71,71,71,71,71,71,71,71,71,71,71,71,71,71,71,71,71,71,71,71],"card_choices":[{"not_picked":["Shrug It Off","Clash"],"picked":"Flame Barrier","floor":1.0},{"not_picked":["Hemokinesis","Twin Strike"],"picked":"Headbutt","floor":3.0},{"not_picked":["Sword Boomerang","Pommel Strike"],"picked":"Reckless Charge","floor":4.0},{"not_picked":["Cleave","Fire Breathing"],"picked":"Flame Barrier","floor":5.0},{"not_picked":["Heavy Blade","Pummel"],"picked":"Fiend Fire","floor":7.0},{"not_picked":["Flex","Cleave"],"picked":"True Grit","floor":12.0},{"not_picked":["Inflame","Pummel"],"picked":"Demon Form","floor":13.0},{"not_picked":["Clothesline","Sever Soul"],"picked":"Rampage","floor":14.0},{"not_picked":["Juggernaut","Double Tap"],"picked":"Dark Embrace","floor":16.0},{"not_picked":["Clash","Searing Blow+1","Infernal Blade"],"picked":"SKIP","floor":18.0},{"not_picked":["Thunderclap","Headbutt"],"picked":"Heavy Blade+1","floor":19.0},{"not_picked":["Warcry","Thunderclap"],"picked":"Power Through","floor":22.0},{"not_picked":["Thunderclap","Metallicize"],"picked":"Disarm","floor":23.0},{"not_picked":["True Grit","Sword Boomerang+1","Havoc"],"picked":"SKIP","floor":27.0},{"not_picked":["Perfected Strike","Twin Strike","Spot Weakness"],"picked":"SKIP","floor":30.0},{"not_picked":["Anger+1","Double Tap"],"picked":"Heavy Blade","floor":31.0},{"not_picked":["Double Tap","Immolate"],"picked":"Limit Break","floor":33.0},{"not_picked":["Perfected Strike+1","Anger+1","Combust+1"],"picked":"SKIP","floor":35.0},{"not_picked":["True Grit","Sever Soul","Shrug It Off"],"picked":"SKIP","floor":39.0},{"not_picked":["Inflame","Perfected Strike"],"picked":"Demon Form","floor":40.0},{"not_picked":["Twin Strike","Heavy Blade"],"picked":"Burning Pact","floor":44.0},{"not_picked":["Clash","Bloodletting"],"picked":"Corruption","floor":45},{"not_picked":["Armaments","Shockwave"],"picked":"Entrench","floor":47},{"not_picked":["Forethought","Panacea"],"picked":"PanicButton","floor":48},{"not_picked":["Sword Boomerang","Wild Strike","Warcry+1"],"picked":"SKIP","floor":55}],"player_experience":5338865,"relics_obtained":[{"floor":9.0,"key":"Sundial"},{"floor":13.0,"key":"Ginger"},{"floor":23.0,"key":"Letter Opener"},{"floor":24.0,"key":"Juzu Bracelet"},{"floor":40.0,"key":"Ancient Tea Set"},{"floor":55,"key":"Boot"}],"event_choices":[{"damage_healed":0.0,"max_hp_gain":0.0,"max_hp_loss":0.0,"gold_gain":0.0,"event_name":"FaceTrader","player_choice":"Trade","floor":2.0,"gold_loss":0.0,"damage_taken":0.0,"relics_obtained":["SsserpentHead"]},{"cards_removed":["Strike_R"],"damage_healed":0.0,"max_hp_gain":0.0,"max_hp_loss":0.0,"gold_gain":0.0,"event_name":"The Cleric","player_choice":"Card Removal","floor":10.0,"gold_loss":75.0,"damage_taken":0.0},{"damage_healed":0.0,"max_hp_gain":0.0,"max_hp_loss":0.0,"gold_gain":100.0,"event_name":"Wheel of Change","player_choice":"Gold","floor":11.0,"gold_loss":0.0,"damage_taken":0.0},{"damage_healed":0.0,"max_hp_gain":0.0,"max_hp_loss":0.0,"gold_gain":0.0,"cards_transformed":["Strike_R","Strike_R"],"event_name":"Drug Dealer","player_choice":"Became Test Subject","floor":21.0,"gold_loss":0.0,"damage_taken":0.0,"cards_obtained":["Shrug It Off","Perfected Strike"]},{"damage_healed":0.0,"max_hp_gain":0.0,"max_hp_loss":0.0,"gold_gain":50.0,"event_name":"Nest","player_choice":"Stole From Cult","floor":25.0,"gold_loss":0.0,"damage_taken":0.0},{"damage_healed":0.0,"max_hp_gain":0.0,"max_hp_loss":0.0,"gold_gain":0.0,"event_name":"N\u0027loth","player_choice":"Ignored","floor":28.0,"gold_loss":0.0,"damage_taken":0.0},{"damage_healed":0.0,"max_hp_gain":0.0,"max_hp_loss":4.0,"gold_gain":0.0,"event_name":"Winding Halls","player_choice":"Max HP","floor":36.0,"gold_loss":0.0,"damage_taken":0.0},{"damage_healed":0.0,"max_hp_gain":0.0,"max_hp_loss":0.0,"gold_gain":0.0,"event_name":"SecretPortal","player_choice":"Ignored","floor":37.0,"gold_loss":0.0,"damage_taken":0.0},{"cards_removed":["Perfected Strike"],"damage_healed":0.0,"max_hp_gain":0.0,"max_hp_loss":0.0,"gold_gain":0.0,"event_name":"Purifier","player_choice":"Purged","floor":38.0,"gold_loss":0.0,"damage_taken":0.0},{"damage_healed":0,"gold_gain":0,"player_choice":"Memory 1","damage_taken":0,"max_hp_gain":0,"max_hp_loss":0,"event_name":"SensoryStone","floor":48,"gold_loss":0}],"is_beta":false,"boss_relics":[{"not_picked":["Calling Bell","Astrolabe"],"picked":"Snecko Eye"},{"not_picked":["Runic Dome","Tiny House"],"picked":"Cursed Key"}],"items_purged_floors":[20,41],"is_endless":false,"potions_floor_spawned":[3,7,14,16,18,27,31,33,39,40,44,47,55],"ascension_level":20}