{"gold_per_floor":[360,383,383,383,403,403,277,277,332,332,332,332,358,371,371,371],"floor_reached":16,"playtime":253,"items_purged":["Strike_R"],"score":192,"play_id":"f7ff2bc0-c340-4135-b261-efc1770836f2","local_time":"20190324024232","is_ascension_mode":true,"campfire_choices":[{"data":"Body Slam","floor":6,"key":"SMITH"},{"data":"Body Slam","floor":8,"key":"SMITH"},{"data":"True Grit","floor":10,"key":"SMITH"},{"data":"Juggernaut","floor":15,"key":"SMITH"}],"neow_cost":"PERCENT_DAMAGE","seed_source_timestamp":874564728236700,"circlet_count":0,"master_deck":["AscendersBane","Strike_R","Strike_R","Strike_R","Strike_R","Defend_R","Defend_R","Defend_R","Defend_R","Bash","True Grit+1","Body Slam+1","Body Slam+1","Juggernaut+1"],"relics":["Burning Blood","Pen Nib","Juzu Bracelet","Pear","PreservedInsect"],"potions_floor_usage":[13],"damage_taken":[{"damage":12,"enemies":"Cultist","floor":1,"turns":4},{"damage":1,"enemies":"Small Slimes","floor":5,"turns":4},{"damage":31,"enemies":"Lagavulin","floor":13,"turns":7},{"damage":1,"enemies":"2 Louse","floor":14,"turns":3},{"damage":33,"enemies":"The Guardian","floor":16,"turns":6}],"seed_played":"-2359992910404788025","potions_obtained":[{"floor":4,"key":"Strength Potion"},{"floor":4,"key":"Ancient Potion"}],"is_trial":false,"path_per_floor":["M","T","?","?","M","R","$","R","T","R","?","?","E","M","R","B"],"character_chosen":"IRONCLAD","items_purchased":["Body Slam"],"campfire_rested":0,"item_purchase_floors":[7],"current_hp_per_floor":[44,44,49,49,54,54,54,54,54,54,53,53,28,33,33,0],"gold":371,"neow_bonus":"TWO_FIFTY_GOLD","is_prod":false,"is_daily":false,"chose_seed":false,"campfire_upgraded":4,"win_rate":0,"timestamp":1553362952,"path_taken":["M","?","?","?","?","R","$","R","T","R","?","?","E","M","R","BOSS"],"build_version":"2019-01-23","purchased_purges":1,"victory":false,"max_hp_per_floor":[75,75,80,80,80,80,80,80,80,80,90,90,90,90,90,90],"card_choices":[{"not_picked":["Flame Barrier","Perfected Strike"],"picked":"True Grit","floor":1},{"not_picked":["Wild Strike","Bloodletting"],"picked":"Body Slam","floor":5},{"not_picked":["Headbutt","Heavy Blade"],"picked":"Juggernaut","floor":13},{"not_picked":["Spot Weakness","Infernal Blade","Body Slam"],"picked":"SKIP","floor":14}],"player_experience":4607715,"relics_obtained":[{"floor":2,"key":"Pen Nib"},{"floor":9,"key":"Juzu Bracelet"},{"floor":13,"key":"PreservedInsect"}],"event_choices":[{"damage_healed":0,"gold_gain":0,"player_choice":"Donut","damage_taken":0,"max_hp_gain":5,"max_hp_loss":0,"event_name":"Big Fish","floor":3,"gold_loss":0},{"damage_healed":0,"gold_gain":0,"player_choice":"Got Potions","damage_taken":0,"max_hp_gain":0,"max_hp_loss":0,"event_name":"Lab","floor":4,"gold_loss":0},{"damage_healed":0,"gold_gain":0,"player_choice":"Success","damage_taken":11,"relics_obtained":["Pear"],"max_hp_gain":0,"max_hp_loss":0,"event_name":"Scrap Ooze","floor":11,"gold_loss":0},{"damage_healed":0,"gold_gain":0,"player_choice":"Ignored","damage_taken":0,"max_hp_gain":0,"max_hp_loss":0,"event_name":"Liars Game","floor":12,"gold_loss":0}],"is_beta":false,"boss_relics":[],"items_purged_floors":[7],"is_endless":false,"potions_floor_spawned":[],"killed_by":"The Guardian","ascension_level":20}