{"gold_per_floor":[109,34,34,45,120,147,147,159,182,182,207,223,223,267,267,388,388,401,3,23,44,57,57,76,76,76,76,76,97,97,117,117,117],"floor_reached":33,"playtime":973,"items_purged":["Strike_R"],"score":350,"play_id":"b13e47f3-546f-4f14-bc6a-71a871cceb13","local_time":"20190703021305","is_ascension_mode":true,"campfire_choices":[{"data":"Bash","floor":7,"key":"SMITH"},{"data":"Shrug It Off","floor":10,"key":"SMITH"},{"floor":15,"key":"REST"},{"data":"Body Slam","floor":23,"key":"SMITH"},{"data":"Whirlwind","floor":25,"key":"SMITH"},{"data":"Flame Barrier","floor":30,"key":"SMITH"},{"floor":32,"key":"REST"}],"neow_cost":"NONE","seed_source_timestamp":997784187797892,"circlet_count":0,"master_deck":["Strike_R","Strike_R","Defend_R","Defend_R","Defend_R","Bash+1","Shrug It Off+1","Offering","Anger+1","Flex","Anger+1","Clash","Flame Barrier+1","Body Slam+1","Whirlwind+1","J.A.X.","Body Slam+1"],"relics":["Burning Blood","NeowsBlessing","Red Skull","Lantern","Anchor","Golden Idol","Nunchaku","Empty Cage","Sling","Whetstone","Vajra"],"potions_floor_usage":[11,11,11,11,14,16,22,24,24,33,33],"damage_taken":[{"damage":0,"enemies":"Jaw Worm","floor":1,"turns":1},{"damage":0,"enemies":"2 Louse","floor":4,"turns":1},{"damage":0,"enemies":"Gremlin Nob","floor":6,"turns":1},{"damage":0,"enemies":"Small Slimes","floor":8,"turns":3},{"damage":26,"enemies":"3 Sentries","floor":11,"turns":8},{"damage":6,"enemies":"3 Louse","floor":12,"turns":2},{"damage":32,"enemies":"Gremlin Nob","floor":14,"turns":4},{"damage":27,"enemies":"Slime Boss","floor":16,"turns":7},{"damage":10,"enemies":"3 Byrds","floor":18,"turns":6},{"damage":6,"enemies":"Chosen","floor":20,"turns":3},{"damage":18,"enemies":"Shelled Parasite and Fungi","floor":21,"turns":5},{"damage":15,"enemies":"3 Cultists","floor":22,"turns":5},{"damage":38,"enemies":"Snecko","floor":24,"turns":6},{"damage":9,"enemies":"Centurion and Healer","floor":29,"turns":4},{"damage":22,"enemies":"Snake Plant","floor":31,"turns":3},{"damage":76,"enemies":"Automaton","floor":33,"turns":6}],"seed_played":"1792415978997177135","potions_obtained":[{"floor":4,"key":"SteroidPotion"},{"floor":6,"key":"Block Potion"},{"floor":8,"key":"EntropicBrew"},{"floor":14,"key":"Strength Potion"},{"floor":18,"key":"AttackPotion"},{"floor":20,"key":"Dexterity Potion"},{"floor":22,"key":"GamblersBrew"},{"floor":24,"key":"Block Potion"}],"is_trial":false,"path_per_floor":["M","$","?","M","?","E","R","M","T","R","E","M","?","E","R","B",null,"M","$","M","M","M","R","M","R","T","?","?","M","R","M","R","B"],"character_chosen":"IRONCLAD","items_purchased":["Sling","Whetstone","Clash"],"campfire_rested":2,"item_purchase_floors":[19,19,19],"current_hp_per_floor":[80,80,73,79,68,74,74,80,80,80,80,80,74,48,70,49,74,70,70,70,58,49,49,31,31,31,55,55,52,52,36,58,0],"gold":117,"neow_bonus":"THREE_ENEMY_KILL","is_prod":false,"is_daily":false,"chose_seed":false,"campfire_upgraded":5,"win_rate":0,"timestamp":1562116385,"path_taken":["M","$","?","M","?","E","R","M","T","R","E","M","?","E","R","BOSS","M","$","M","M","M","R","M","R","T","?","?","M","R","M","R","BOSS"],"build_version":"2019-07-01","purchased_purges":1,"victory":false,"max_hp_per_floor":[80,80,80,80,80,80,80,80,80,80,80,80,74,74,74,74,74,74,74,74,74,74,74,74,74,74,74,74,74,74,74,74,74],"card_choices":[{"not_picked":["Iron Wave","Sword Boomerang"],"picked":"Shrug It Off","floor":1},{"not_picked":["Dual Wield","Reckless Charge"],"picked":"Offering","floor":4},{"not_picked":["Perfected Strike","Bloodletting","Second Wind"],"picked":"SKIP","floor":6},{"not_picked":["Heavy Blade","Thunderclap"],"picked":"Anger","floor":8},{"not_picked":["Power Through","Havoc"],"picked":"Flex","floor":11},{"not_picked":["Combust","Ghostly Armor"],"picked":"Anger","floor":12},{"not_picked":["Carnage","Reckless Charge","Combust"],"picked":"SKIP","floor":14},{"not_picked":["Cleave","Pommel Strike","Evolve"],"picked":"SKIP","floor":18},{"not_picked":["Perfected Strike","True Grit"],"picked":"Flame Barrier","floor":20},{"not_picked":["Headbutt","Rupture","Body Slam"],"picked":"SKIP","floor":21},{"not_picked":["Warcry","Twin Strike"],"picked":"Body Slam","floor":22},{"not_picked":["Clash+1","Burning Pact"],"picked":"Whirlwind","floor":24},{"not_picked":["Searing Blow+1","True Grit"],"picked":"Body Slam+1","floor":29},{"not_picked":["Havoc","Perfected Strike","Immolate"],"picked":"SKIP","floor":31}],"player_experience":90600,"relics_obtained":[{"floor":6,"key":"Red Skull"},{"floor":9,"key":"Lantern"},{"floor":11,"key":"Anchor"},{"floor":14,"key":"Nunchaku"},{"floor":26,"key":"Vajra"}],"event_choices":[{"cards_removed":["Defend_R"],"damage_healed":0,"gold_gain":0,"player_choice":"Card Removal","damage_taken":7,"max_hp_gain":0,"max_hp_loss":0,"event_name":"Golden Wing","floor":3,"gold_loss":0},{"damage_healed":0,"gold_gain":75,"player_choice":"Gather Gold","damage_taken":11,"max_hp_gain":0,"max_hp_loss":0,"event_name":"World of Goop","floor":5,"gold_loss":0},{"damage_healed":0,"gold_gain":0,"player_choice":"Lose Max HP","damage_taken":0,"relics_obtained":["Golden Idol"],"max_hp_gain":0,"max_hp_loss":6,"event_name":"Golden Idol","floor":13,"gold_loss":0},{"damage_healed":24,"gold_gain":0,"player_choice":"Heal","damage_taken":0,"max_hp_gain":0,"max_hp_loss":0,"event_name":"The Library","floor":27,"gold_loss":0},{"damage_healed":0,"gold_gain":0,"player_choice":"Obtain J.A.X.","damage_taken":0,"max_hp_gain":0,"max_hp_loss":0,"event_name":"Drug Dealer","floor":28,"gold_loss":0,"cards_obtained":["J.A.X."]}],"is_beta":false,"boss_relics":[{"not_picked":["White Beast Statue","Coffee Dripper"],"picked":"Empty Cage"}],"items_purged_floors":[2],"is_endless":false,"potions_floor_spawned":[4,6,8,14,18,20,22,24],"killed_by":"Automaton","ascension_level":4}