{"gold_per_floor":[116,128,143,143,156,156,182,182,182,197,216,237,237,237,237,308,308,322,237,35,35,46,46,75,75,75,87,87],"floor_reached":28,"playtime":850,"items_purged":["Strike_B"],"score":476,"play_id":"8ea47dfc-edfa-4bd4-9c4f-3e14248fcecb","local_time":"20190626022221","is_ascension_mode":true,"campfire_choices":[{"data":"Static Discharge","floor":6,"key":"SMITH"},{"floor":8,"key":"REST"},{"data":"Go for the Eyes","floor":13,"key":"SMITH"},{"floor":15,"key":"REST"},{"data":"Static Discharge","floor":23,"key":"SMITH"}],"neow_cost":"TEN_PERCENT_HP_LOSS","seed_source_timestamp":632161706465400,"circlet_count":0,"master_deck":["AscendersBane","Strike_B","Strike_B","Defend_B","Defend_B","Defend_B","Defend_B","Zap","Dualcast","Hologram","Compile Driver","Consume","Static Discharge+1","Compile Driver","Glacier","White Noise","Go for the Eyes+1","All For One","Self Repair+1","Static Discharge+1","Undo","Defragment"],"relics":["Cracked Core","StoneCalendar","Nunchaku","Torii","Odd Mushroom","Sozu","Shovel","Incense Burner","Enchiridion","Pantograph"],"potions_floor_usage":[12,16,16,27],"damage_taken":[{"damage":1,"enemies":"Cultist","floor":1,"turns":4},{"damage":6,"enemies":"Jaw Worm","floor":2,"turns":4},{"damage":2,"enemies":"2 Louse","floor":3,"turns":2},{"damage":13,"enemies":"Looter","floor":5,"turns":4},{"damage":32,"enemies":"3 Sentries","floor":7,"turns":5},{"damage":11,"enemies":"Large Slime","floor":10,"turns":5},{"damage":1,"enemies":"Blue Slaver","floor":11,"turns":5},{"damage":8,"enemies":"The Mushroom Lair","floor":12,"turns":3},{"damage":26,"enemies":"The Guardian","floor":16,"turns":7},{"damage":11,"enemies":"Shell Parasite","floor":18,"turns":4},{"damage":2,"enemies":"Spheric Guardian","floor":22,"turns":4},{"damage":40,"enemies":"Book of Stabbing","floor":24,"turns":4},{"damage":10,"enemies":"Snecko","floor":27,"turns":5},{"damage":21,"enemies":"Slavers","floor":28,"turns":3}],"seed_played":"-8086017737109339748","potions_obtained":[{"floor":3,"key":"PowerPotion"},{"floor":11,"key":"SkillPotion"},{"floor":12,"key":"FocusPotion"},{"floor":16,"key":"Regen Potion"}],"is_trial":false,"path_per_floor":["M","M","M","?","M","R","E","R","T","M","M","?","R","?","R","B",null,"M","?","$","?","M","R","E","?","T","M","E"],"character_chosen":"DEFECT","items_purchased":["Static Discharge","Undo"],"campfire_rested":2,"item_purchase_floors":[20,20],"current_hp_per_floor":[63,57,55,55,42,42,10,29,29,18,17,9,9,9,28,2,49,38,38,38,38,56,56,26,5,5,20,0],"gold":87,"neow_bonus":"ONE_RARE_RELIC","is_prod":false,"is_daily":false,"chose_seed":false,"campfire_upgraded":3,"win_rate":0,"timestamp":1561483341,"path_taken":["M","M","?","?","M","R","E","R","T","M","?","?","R","?","R","BOSS","M","?","$","?","?","R","E","?","T","M","E"],"build_version":"2019-01-23","purchased_purges":1,"victory":false,"max_hp_per_floor":[64,64,64,64,64,64,64,64,64,64,64,64,64,64,64,64,64,64,64,64,64,64,64,64,64,64,64,64],"card_choices":[{"not_picked":["Stack","Go for the Eyes"],"picked":"Hologram","floor":1},{"not_picked":["Hologram","Redo"],"picked":"Compile Driver","floor":2},{"not_picked":["Turbo","Thunder Strike"],"picked":"Consume","floor":3},{"not_picked":["Go for the Eyes","Cold Snap"],"picked":"Static Discharge","floor":5},{"not_picked":["Creative AI","Gash"],"picked":"Compile Driver","floor":7},{"not_picked":["Reprogram","Auto Shields"],"picked":"Glacier","floor":10},{"not_picked":["Leap","Hologram"],"picked":"White Noise","floor":11},{"not_picked":["Rebound","Gash"],"picked":"Go for the Eyes","floor":12},{"not_picked":["Buffer","Machine Learning"],"picked":"All For One","floor":16},{"not_picked":["FTL","Coolheaded"],"picked":"Self Repair+1","floor":18},{"not_picked":["Ball Lightning","Rebound+1"],"picked":"Defragment","floor":22},{"not_picked":["Turbo","Conserve Battery","Scrape"],"picked":"SKIP","floor":24},{"not_picked":["Defragment","Hologram","Double Energy"],"picked":"SKIP","floor":27},{"not_picked":["Defragment","Hologram","Double Energy"],"picked":"SKIP","floor":27}],"player_experience":5493275,"relics_obtained":[{"floor":7,"key":"Nunchaku"},{"floor":9,"key":"Torii"},{"floor":12,"key":"Odd Mushroom"},{"floor":24,"key":"Incense Burner"},{"floor":25,"key":"Enchiridion"},{"floor":26,"key":"Pantograph"}],"event_choices":[{"cards_removed":["Strike_B"],"damage_healed":0,"gold_gain":0,"player_choice":"Offered Basic","damage_taken":0,"max_hp_gain":0,"max_hp_loss":0,"event_name":"Bonfire Elementals","floor":4,"gold_loss":0},{"damage_healed":0,"gold_gain":0,"player_choice":"Fought Mushrooms","damage_taken":0,"max_hp_gain":0,"max_hp_loss":0,"event_name":"Mushrooms","floor":12,"gold_loss":0},{"damage_healed":0,"gold_gain":0,"player_choice":"Ignored","damage_taken":0,"max_hp_gain":0,"max_hp_loss":0,"event_name":"Liars Game","floor":14,"gold_loss":0},{"damage_healed":0,"gold_gain":0,"player_choice":"Obtained Relic","damage_taken":0,"relics_obtained":["Shovel"],"max_hp_gain":0,"max_hp_loss":0,"event_name":"Addict","floor":19,"gold_loss":85},{"damage_healed":0,"gold_gain":0,"player_choice":"Ignored","damage_taken":0,"max_hp_gain":0,"max_hp_loss":0,"event_name":"N\u0027loth","floor":21,"gold_loss":0},{"damage_healed":0,"gold_gain":0,"player_choice":"Obtained Book","damage_taken":21,"max_hp_gain":0,"max_hp_loss":0,"event_name":"Cursed Tome","floor":25,"gold_loss":0}],"is_beta":false,"boss_relics":[{"not_picked":["Runic Dome","Lizard Tail"],"picked":"Sozu"}],"items_purged_floors":[20],"is_endless":false,"potions_floor_spawned":[3,11,12,16,18,22,27],"killed_by":"Slavers","ascension_level":20}