{"gold_per_floor":[12,22,34,20,40,40,75,75,150,162,162,178,178],"floor_reached":13,"playtime":304,"items_purged":[],"score":178,"play_id":"29db5ac9-8a14-486e-b7cf-ddc5b5d5604e","local_time":"20190726015907","is_ascension_mode":true,"campfire_choices":[{"data":"Neutralize","floor":6,"key":"SMITH"},{"floor":8,"key":"REST"}],"neow_cost":"NO_GOLD","seed_source_timestamp":146052014244000,"circlet_count":0,"master_deck":["AscendersBane","Strike_G","Strike_G","Strike_G","Strike_G","Defend_G","Defend_G","Defend_G","Defend_G","Survivor","Neutralize+1","Dagger Spray","Flying Knee","Choke+1","Grand Finale","Dagger Throw","PiercingWail+1","Backflip"],"relics":["Ring of the Snake","Orichalcum","Mercury Hourglass"],"potions_floor_usage":[3,7,7],"damage_taken":[{"damage":3,"enemies":"Cultist","floor":1,"turns":4},{"damage":2,"enemies":"2 Louse","floor":2,"turns":2},{"damage":0,"enemies":"Small Slimes","floor":3,"turns":3},{"damage":1,"enemies":"Exordium Thugs","floor":4,"turns":4},{"damage":5,"enemies":"3 Louse","floor":5,"turns":5},{"damage":43,"enemies":"Lagavulin","floor":7,"turns":9},{"damage":6,"enemies":"Looter","floor":10,"turns":3},{"damage":0,"enemies":"Blue Slaver","floor":12,"turns":4}],"seed_played":"-7398634380360469288","potions_obtained":[{"floor":1,"key":"LiquidBronze"},{"floor":3,"key":"Fruit Juice"},{"floor":4,"key":"Fire Potion"},{"floor":7,"key":"EssenceOfSteel"}],"is_trial":false,"path_per_floor":["M","M","M","M","M","R","E","R","T","M","?","M","?"],"character_chosen":"THE_SILENT","items_purchased":[],"campfire_rested":1,"item_purchase_floors":[],"current_hp_per_floor":[56,54,59,58,53,53,10,31,31,25,4,4,0],"gold":178,"neow_bonus":"REMOVE_TWO","is_prod":false,"is_daily":false,"chose_seed":false,"campfire_upgraded":1,"win_rate":0,"timestamp":1564073947,"path_taken":["M","M","?","M","M","R","E","R","T","M","?","M","?"],"build_version":"2019-07-17","purchased_purges":0,"victory":false,"max_hp_per_floor":[66,66,71,71,71,71,71,71,71,71,71,71,71],"card_choices":[{"not_picked":["Dodge and Roll","Eviscerate"],"picked":"Dagger Spray","floor":1},{"not_picked":["Heel Hook","Prepared"],"picked":"Flying Knee","floor":2},{"not_picked":["Underhanded Strike","Flechettes"],"picked":"Choke","floor":3},{"not_picked":["Outmaneuver","Poisoned Stab"],"picked":"Grand Finale","floor":4},{"not_picked":["PiercingWail","Predator"],"picked":"Dagger Throw","floor":5},{"not_picked":["Quick Slash","Glass Knife"],"picked":"PiercingWail","floor":7},{"not_picked":["Deflect","Flying Knee","Endless Agony"],"picked":"SKIP","floor":10},{"not_picked":["Deflect","Dagger Throw"],"picked":"Backflip","floor":12}],"player_experience":5822641,"relics_obtained":[{"floor":7,"key":"Orichalcum"},{"floor":9,"key":"Mercury Hourglass"}],"event_choices":[{"damage_healed":0,"gold_gain":0,"player_choice":"Entered Light","damage_taken":21,"max_hp_gain":0,"max_hp_loss":0,"event_name":"Shining Light","floor":11,"gold_loss":0,"cards_upgraded":["Choke","PiercingWail"]}],"is_beta":false,"boss_relics":[],"items_purged_floors":[],"is_endless":false,"potions_floor_spawned":[1,3,4,7],"ascension_level":20}