{"gold_per_floor":[111,111,136,136,61,61,80,120,120,136,136,174,188,203,203,297,297,310,310,328,351,351,251,251,126,126,161,161,180,215,65,65,65],"floor_reached":33,"playtime":925,"items_purged":["Strike_R","Strike_R","Strike_R","Strike_R+1"],"score":615,"play_id":"b12b89c9-998a-4e08-bbda-6d898d225f5c","local_time":"20190721033228","is_ascension_mode":true,"campfire_choices":[{"floor":6.0,"key":"REST"},{"data":"Second Wind","floor":11.0,"key":"SMITH"},{"data":"Second Wind","floor":15.0,"key":"SMITH"},{"data":"Feed","floor":24.0,"key":"SMITH"},{"data":"Clash","floor":28.0,"key":"SMITH"},{"floor":32.0,"key":"RECALL"}],"neow_cost":"NONE","seed_source_timestamp":18091878919000,"circlet_count":0,"master_deck":["AscendersBane","Strike_R+1","Defend_R","Defend_R","Defend_R","Defend_R","Bash+1","Second Wind+1","Clash+1","Clash","Thunderclap","Exhume","Second Wind+1","Feed+1","Clash","Shockwave+1","Offering+1"],"special_seed":0,"relics":["Burning Blood","Golden Idol","Meat on the Bone","Centennial Puzzle","Runic Pyramid","CultistMask","Toxic Egg 2","Strawberry","Thread and Needle"],"potions_floor_usage":[],"damage_taken":[{"damage":4.0,"enemies":"Jaw Worm","floor":1.0,"turns":4.0},{"damage":3.0,"enemies":"2 Louse","floor":3.0,"turns":3.0},{"damage":4.0,"enemies":"Small Slimes","floor":7.0,"turns":4.0},{"damage":8.0,"enemies":"Gremlin Nob","floor":8.0,"turns":3.0},{"damage":7.0,"enemies":"Looter","floor":10.0,"turns":3.0},{"damage":24.0,"enemies":"Lagavulin","floor":12.0,"turns":7.0},{"damage":13.0,"enemies":"Exordium Thugs","floor":13.0,"turns":4.0},{"damage":11.0,"enemies":"Lots of Slimes","floor":14.0,"turns":4.0},{"damage":17.0,"enemies":"Slime Boss","floor":16.0,"turns":6.0},{"damage":18.0,"enemies":"Spheric Guardian","floor":18.0,"turns":5.0},{"damage":30.0,"enemies":"3 Byrds","floor":20.0,"turns":6.0},{"damage":39.0,"enemies":"Sentry and Sphere","floor":21.0,"turns":6.0},{"damage":12.0,"enemies":"Book of Stabbing","floor":27.0,"turns":4.0},{"damage":37.0,"enemies":"Cultist and Chosen","floor":29.0,"turns":6.0},{"damage":40.0,"enemies":"Slavers","floor":30.0,"turns":5.0},{"damage":61,"enemies":"Automaton","floor":33,"turns":6}],"seed_played":"7103720767844350048","potions_obtained":[{"floor":7.0,"key":"SkillPotion"},{"floor":12.0,"key":"PowerPotion"},{"floor":13.0,"key":"PowerPotion"},{"floor":16.0,"key":"BloodPotion"},{"floor":27.0,"key":"AttackPotion"}],"is_trial":false,"path_per_floor":["M","?","M","?","$","R","M","E","T","M","R","E","M","M","R","B",null,"M","?","M","M","?","$","R","$","T","E","R","M","E","$","R","B"],"character_chosen":"IRONCLAD","items_purchased":[],"campfire_rested":1,"item_purchase_floors":[],"current_hp_per_floor":[70,44,47,24,24,46,48,46,46,45,45,39,44,51,51,52,69,60,60,51,33,33,33,33,33,33,50,50,35,42,42,42,0],"gold":65,"neow_bonus":"UPGRADE_CARD","is_prod":false,"is_daily":false,"chose_seed":false,"campfire_upgraded":4,"win_rate":0,"timestamp":1563647548,"path_taken":["M","?","M","?","$","R","M","E","T","M","R","E","?","M","R","BOSS","M","?","?","M","?","$","R","$","T","E","R","M","E","?","R","BOSS"],"build_version":"2019-07-17","purchased_purges":4,"victory":false,"max_hp_per_floor":[75,75,75,75,75,75,75,75,75,75,75,75,75,75,75,75,75,78,78,81,84,84,84,84,84,84,95,95,99,103,103,103,103],"card_choices":[{"not_picked":["Perfected Strike","Shrug It Off"],"picked":"Second Wind","floor":1.0},{"not_picked":["Dual Wield","Flex"],"picked":"Clash","floor":3.0},{"not_picked":["Pommel Strike","Havoc"],"picked":"Clash","floor":7.0},{"not_picked":["Shrug It Off","Armaments"],"picked":"Thunderclap","floor":8.0},{"not_picked":["Infernal Blade","Metallicize"],"picked":"Exhume","floor":10.0},{"not_picked":["Whirlwind","Warcry","Headbutt"],"picked":"SKIP","floor":12.0},{"not_picked":["Clothesline","Perfected Strike","Cleave"],"picked":"SKIP","floor":13.0},{"not_picked":["Clash","Warcry"],"picked":"Second Wind","floor":14.0},{"not_picked":["Berserk","Fiend Fire"],"picked":"Feed","floor":16.0},{"not_picked":["Armaments","Sword Boomerang","Body Slam"],"picked":"SKIP","floor":18.0},{"not_picked":["Thunderclap","Clothesline+1"],"picked":"Clash","floor":20.0},{"not_picked":["Cleave","Reckless Charge","Searing Blow"],"picked":"SKIP","floor":21.0},{"not_picked":["Anger","Searing Blow"],"picked":"Shockwave+1","floor":27.0},{"not_picked":["Ghostly Armor+1","Cleave","Shockwave+1"],"picked":"SKIP","floor":29.0},{"not_picked":["Pommel Strike","Second Wind+1"],"picked":"Offering+1","floor":30.0}],"player_experience":5769006,"relics_obtained":[{"floor":8.0,"key":"Meat on the Bone"},{"floor":12.0,"key":"Centennial Puzzle"},{"floor":26.0,"key":"Toxic Egg 2"},{"floor":27.0,"key":"Strawberry"},{"floor":30.0,"key":"Thread and Needle"}],"event_choices":[{"damage_healed":0.0,"max_hp_gain":0.0,"max_hp_loss":0.0,"gold_gain":0.0,"event_name":"Golden Idol","player_choice":"Take Damage","floor":2.0,"gold_loss":0.0,"damage_taken":26.0,"relics_obtained":["Golden Idol"]},{"damage_healed":0.0,"max_hp_gain":0.0,"max_hp_loss":0.0,"gold_gain":0.0,"event_name":"Shining Light","player_choice":"Entered Light","floor":4.0,"gold_loss":0.0,"damage_taken":23.0,"cards_upgraded":["Strike_R","Strike_R"]},{"damage_healed":0.0,"max_hp_gain":0.0,"max_hp_loss":0.0,"gold_gain":0.0,"event_name":"Lab","player_choice":"Got Potions","floor":19.0,"gold_loss":0.0,"damage_taken":0.0},{"damage_healed":0.0,"max_hp_gain":0.0,"max_hp_loss":0.0,"gold_gain":0.0,"event_name":"FaceTrader","player_choice":"Trade","floor":22.0,"gold_loss":0.0,"damage_taken":0.0,"relics_obtained":["CultistMask"]}],"is_beta":false,"boss_relics":[{"not_picked":["Sozu","Runic Cube"],"picked":"Runic Pyramid"}],"items_purged_floors":[5,23,25,31],"is_endless":false,"potions_floor_spawned":[7,12,13,16,20,27],"killed_by":"Automaton","ascension_level":20}