{"gold_per_floor":[111,126,145,2,17,50,50,81,81,107,107,123,123,151,151,230,230,240,255,269,469,485,510,27,62,136,136,154,188,198,232,232,306,306,325,325,377,377,8,35,70,70,70,102,102,115,142,155,155,155,155,155,155,27,53,53],"floor_reached":57,"playtime":1785,"items_purged":[],"score":3681,"play_id":"9b3bcaa6-f0b2-4c67-a003-c750c5d11e48","local_time":"20190724013149","is_ascension_mode":true,"campfire_choices":[{"data":"Go for the Eyes","floor":7,"key":"SMITH"},{"data":"Storm","floor":11,"key":"SMITH"},{"data":"Fusion","floor":15,"key":"SMITH"},{"data":"Storm","floor":27,"key":"SMITH"},{"data":"Storm","floor":32,"key":"SMITH"},{"data":"Heatsinks","floor":45,"key":"SMITH"},{"floor":49,"key":"RECALL"},{"data":"Heatsinks","floor":53,"key":"SMITH"}],"neow_cost":"","seed_source_timestamp":0,"circlet_count":0,"master_deck":["Hello World+1","Hello World+1","Hello World+1","Hello World+1","Hello World+1","Fusion+1","Hello World","Go for the Eyes+1","BootSequence","Genetic Algorithm","Storm+1","Defragment+1","Heatsinks+1","Echo Form","Loop","Undo+1","Force Field","Echo Form","Heatsinks+1","Recycle","Hello World","Hello World","Storm+1","Capacitor","Electrodynamics","Storm+1","Turbo+1","Force Field+1","Seek+1","Steam+1","Conserve Battery+1","Double Energy+1","Thunder Strike","Go for the Eyes+1","Genetic Algorithm+1","Thunder Strike","White Noise+1"],"relics":["Cracked Core","Mummified Hand","Bird Faced Urn","Mark of Pain","Bottled Lightning","Symbiotic Virus","Letter Opener","Sundial","Torii","Philosopher\u0027s Stone","The Courier","Ancient Tea Set","Toxic Egg 2","WingedGreaves","Orrery","Turnip","DataDisk","PreservedInsect","Strawberry","Meat on the Bone","Bag of Marbles","Singing Bowl","Gambling Chip","Gremlin Horn","Emotion Chip"],"potions_floor_usage":[23,50,50,56,56],"damage_taken":[{"damage":6,"enemies":"2 Louse","floor":1,"turns":3},{"damage":4,"enemies":"Cultist","floor":2,"turns":3},{"damage":2,"enemies":"Small Slimes","floor":3,"turns":3},{"damage":14,"enemies":"Red Slaver","floor":5,"turns":3},{"damage":3,"enemies":"Lagavulin","floor":6,"turns":7},{"damage":0,"enemies":"Gremlin Nob","floor":8,"turns":2},{"damage":0,"enemies":"Lagavulin","floor":10,"turns":4},{"damage":0,"enemies":"3 Louse","floor":12,"turns":1},{"damage":0,"enemies":"3 Sentries","floor":14,"turns":3},{"damage":2,"enemies":"The Guardian","floor":16,"turns":5},{"damage":0,"enemies":"Chosen","floor":18,"turns":3},{"damage":0,"enemies":"Spheric Guardian","floor":19,"turns":2},{"damage":0,"enemies":"Snecko","floor":20,"turns":3},{"damage":0,"enemies":"Chosen and Byrds","floor":22,"turns":3},{"damage":18,"enemies":"Slavers","floor":23,"turns":4},{"damage":13,"enemies":"Book of Stabbing","floor":25,"turns":3},{"damage":0,"enemies":"3 Cultists","floor":28,"turns":2},{"damage":24,"enemies":"Slavers","floor":29,"turns":2},{"damage":0,"enemies":"Snecko","floor":30,"turns":2},{"damage":8,"enemies":"Gremlin Leader","floor":31,"turns":3},{"damage":0,"enemies":"Automaton","floor":33,"turns":3},{"damage":0,"enemies":"3 Shapes","floor":35,"turns":1},{"damage":7,"enemies":"2 Orb Walkers","floor":37,"turns":2},{"damage":0,"enemies":"Reptomancer","floor":40,"turns":2},{"damage":0,"enemies":"Nemesis","floor":41,"turns":1},{"damage":0,"enemies":"Reptomancer","floor":44,"turns":2},{"damage":0,"enemies":"Orb Walker","floor":46,"turns":1},{"damage":0,"enemies":"Nemesis","floor":47,"turns":1},{"damage":0,"enemies":"Sphere and 2 Shapes","floor":48,"turns":1},{"damage":0,"enemies":"Awakened One","floor":50,"turns":2},{"damage":14,"enemies":"Donu and Deca","floor":51,"turns":2},{"damage":0,"enemies":"Shield and Spear","floor":55,"turns":1},{"damage":45,"enemies":"The Heart","floor":56,"turns":7}],"seed_played":"7629647682630694979","potions_obtained":[{"floor":3,"key":"Regen Potion"},{"floor":8,"key":"SkillPotion"},{"floor":14,"key":"SkillPotion"},{"floor":18,"key":"Weak Potion"},{"floor":19,"key":"Dexterity Potion"},{"floor":22,"key":"PowerPotion"},{"floor":23,"key":"Block Potion"},{"floor":37,"key":"PowerPotion"},{"floor":55,"key":"Regen Potion"}],"is_trial":true,"path_per_floor":["M","M","M","$","M","E","R","E","T","E","R","M","?","E","R","B",null,"M","M","M","?","M","E","$","E","T","R","M","E","M","E","R","B",null,"M","?","?","?","$","E","E","?","T","E","R","M","E","M","R","B","B",null,"R","$","E","B",null],"character_chosen":"DEFECT","items_purchased":["Hello World","Go for the Eyes","Echo Form","Heatsinks","Recycle","Hello World","Hello World","Storm","Capacitor","DataDisk","PreservedInsect","Strawberry","Regen Potion","FocusPotion"],"campfire_rested":0,"item_purchase_floors":[4,4,24,24,24,24,24,24,24,39,39,39,54,54],"current_hp_per_floor":[65,67,69,69,59,68,68,71,71,71,71,71,71,71,71,70,71,71,71,71,71,71,61,61,71,71,71,71,51,69,71,71,71,71,71,71,68,68,75,78,78,78,78,78,78,78,80,82,82,82,76,81,81,81,82,72],"gold":53,"neow_bonus":"","is_prod":false,"is_daily":false,"chose_seed":false,"campfire_upgraded":7,"win_rate":0,"timestamp":1563899509,"path_taken":["M","M","M","$","M","E","R","E","T","E","R","M","?","E","R","BOSS","M","M","?","?","M","E","$","E","T","R","M","E","?","E","R","BOSS","M","?","?","?","$","E","E","?","T","E","R","M","E","?","R","BOSS","BOSS","R","$","E","BOSS"],"build_version":"2019-07-17","purchased_purges":0,"victory":true,"max_hp_per_floor":[71,71,71,71,71,71,71,71,71,71,71,71,71,71,71,71,71,71,71,71,71,71,71,71,71,71,71,71,71,71,71,71,71,71,71,71,71,71,78,78,78,78,78,78,78,78,80,82,82,82,82,82,82,82,82,82],"card_choices":[{"not_picked":["Go for the Eyes","Rebound","Beam Cell"],"picked":"SKIP","floor":1},{"not_picked":["Redo","Barrage"],"picked":"Fusion","floor":2},{"not_picked":["Ball Lightning","Streamline"],"picked":"Chill","floor":3},{"not_picked":["Leap","Reprogram"],"picked":"Gash","floor":5},{"not_picked":["FTL","Doom and Gloom"],"picked":"BootSequence","floor":6},{"not_picked":["Steam","Rebound"],"picked":"Genetic Algorithm","floor":8},{"not_picked":["Undo","Glacier"],"picked":"Storm","floor":10},{"not_picked":["Aggregate","Conserve Battery"],"picked":"Defragment","floor":12},{"not_picked":["Double Energy","Rainbow"],"picked":"Heatsinks","floor":14},{"not_picked":["Fission","Rainbow"],"picked":"Echo Form","floor":16},{"not_picked":["Go for the Eyes","Cold Snap"],"picked":"Loop","floor":18},{"not_picked":["Cold Snap","Hologram"],"picked":"Undo+1","floor":19},{"not_picked":["Fusion","Coolheaded","Sweeping Beam"],"picked":"SKIP","floor":20},{"not_picked":["Self Repair","Beam Cell+1"],"picked":"Force Field","floor":22},{"not_picked":["Darkness","Beam Cell","Steam"],"picked":"SKIP","floor":23},{"not_picked":["Sweeping Beam","Stack"],"picked":"Electrodynamics","floor":25},{"not_picked":["Doom and Gloom","Gash","Steam"],"picked":"SKIP","floor":28},{"not_picked":["Rebound","White Noise"],"picked":"Storm","floor":29},{"not_picked":["Leap+1","Barrage"],"picked":"Turbo+1","floor":30},{"not_picked":["Doom and Gloom","Redo+1"],"picked":"Force Field+1","floor":31},{"not_picked":["Core Surge","Machine Learning"],"picked":"Seek+1","floor":33},{"not_picked":["Barrage+1","FTL"],"picked":"Steam+1","floor":34},{"not_picked":["Streamline+1","Barrage"],"picked":"Conserve Battery+1","floor":34},{"not_picked":["Streamline","Lockon"],"picked":"Double Energy+1","floor":34},{"not_picked":["Hologram+1","Undo+1","Steam+1"],"picked":"SKIP","floor":35},{"not_picked":["Beam Cell","Fusion+1"],"picked":"Thunder Strike","floor":40},{"not_picked":["Sweeping Beam","Leap+1","Go for the Eyes+1"],"picked":"SKIP","floor":41},{"not_picked":["Sweeping Beam","Leap+1"],"picked":"Go for the Eyes+1","floor":41},{"not_picked":["Gash","Cold Snap"],"picked":"Genetic Algorithm+1","floor":44},{"not_picked":["Static Discharge","Redo+1"],"picked":"Thunder Strike","floor":46},{"not_picked":["Self Repair","FTL","Aggregate+1"],"picked":"Singing Bowl","floor":47},{"not_picked":["Aggregate+1","Rebound","Gash"],"picked":"Singing Bowl","floor":48},{"not_picked":["Reboot+1","Steam+1"],"picked":"White Noise+1","floor":55}],"player_experience":5797035,"relics_obtained":[{"floor":6,"key":"Bottled Lightning"},{"floor":8,"key":"Symbiotic Virus"},{"floor":9,"key":"Letter Opener"},{"floor":10,"key":"Sundial"},{"floor":14,"key":"Torii"},{"floor":23,"key":"The Courier"},{"floor":25,"key":"Ancient Tea Set"},{"floor":29,"key":"Toxic Egg 2"},{"floor":31,"key":"WingedGreaves"},{"floor":37,"key":"Turnip"},{"floor":40,"key":"Meat on the Bone"},{"floor":41,"key":"Bag of Marbles"},{"floor":43,"key":"Singing Bowl"},{"floor":44,"key":"Gambling Chip"},{"floor":47,"key":"Gremlin Horn"},{"floor":55,"key":"Emotion Chip"}],"event_choices":[{"damage_healed":0,"gold_gain":0,"player_choice":"Upgraded","damage_taken":0,"max_hp_gain":0,"max_hp_loss":0,"event_name":"Upgrade Shrine","floor":13,"gold_loss":0,"cards_upgraded":["Defragment"]},{"damage_healed":0,"gold_gain":200,"player_choice":"Gold","damage_taken":0,"max_hp_gain":0,"max_hp_loss":0,"event_name":"Wheel of Change","floor":21,"gold_loss":0},{"cards_removed":["Gash"],"damage_healed":0,"gold_gain":0,"player_choice":"Removed Attack","damage_taken":0,"max_hp_gain":0,"max_hp_loss":0,"event_name":"Falling","floor":36,"gold_loss":0},{"damage_healed":0,"gold_gain":0,"player_choice":"Fight","damage_taken":0,"max_hp_gain":0,"max_hp_loss":0,"event_name":"Mysterious Sphere","floor":37,"gold_loss":0},{"damage_healed":0,"gold_gain":0,"player_choice":"Ignored","damage_taken":0,"max_hp_gain":0,"max_hp_loss":0,"event_name":"Tomb of Lord Red Mask","floor":38,"gold_loss":0},{"cards_removed":["Chill"],"damage_healed":0,"gold_gain":0,"player_choice":"Purged","damage_taken":0,"max_hp_gain":0,"max_hp_loss":0,"event_name":"Purifier","floor":42,"gold_loss":0}],"is_beta":false,"boss_relics":[{"not_picked":["Ectoplasm","Empty Cage"],"picked":"Philosopher\u0027s Stone"},{"not_picked":["Astrolabe","Fusion Hammer"],"picked":"Orrery"}],"items_purged_floors":[],"is_endless":false,"potions_floor_spawned":[3,8,12,14,18,19,22,23,29,37,40,46,48,55],"ascension_level":20}