{"gold_per_floor":[364,383,395,63,76,76,106,106,177,190,165,165,190,214,214,335,335,350,385,385,404,1,1,25,66,66,66,87,106,106,122,122,253,253,271,291,291,291,357,357,383,383,406,430,211,230,230,79,79,79],"floor_reached":51,"playtime":1128,"items_purged":["Strike_R"],"score":769,"play_id":"af879baa-0aae-4c9a-a62d-576ba6236e76","local_time":"20190703220849","is_ascension_mode":false,"campfire_choices":[{"data":"Heavy Blade","floor":6,"key":"SMITH"},{"data":"Whirlwind","floor":8,"key":"SMITH"},{"data":"Uppercut","floor":15,"key":"SMITH"},{"data":"Bash","floor":23,"key":"SMITH"},{"floor":27,"key":"REST"},{"data":"Pummel","floor":30,"key":"SMITH"},{"data":"Reaper","floor":32,"key":"SMITH"},{"data":"Bash","floor":40,"key":"SMITH"},{"data":"Twin Strike","floor":42,"key":"SMITH"},{"data":"Defend_R","floor":47,"key":"SMITH"},{"data":"Defend_R","floor":49,"key":"SMITH"}],"neow_cost":"TEN_PERCENT_HP_LOSS","seed_source_timestamp":1069369105941631,"circlet_count":0,"master_deck":["Strike_R","Strike_R","Strike_R","Strike_R","Defend_R+1","Defend_R+1","Defend_R+1","Defend_R+1","Bash+1","Whirlwind+1","Heavy Blade+1","Uppercut+1","Armaments+1","Twin Strike+1","Double Tap+1","Pummel+1","Reaper+1","Exhume+1","Double Tap+1","Trip+1","Bash+1"],"relics":["Burning Blood","Brimstone","Tiny Chest","Pocketwatch","Toxic Egg 2","Golden Idol","Philosopher\u0027s Stone","Red Mask","PreservedInsect","Singing Bowl","Juzu Bracelet","Ginger","Busted Crown","Mango","War Paint","Boot","Orichalcum","Dream Catcher"],"potions_floor_usage":[2,10,18,25,31,50,50,50],"damage_taken":[{"damage":8,"enemies":"Cultist","floor":1,"turns":5},{"damage":1,"enemies":"Jaw Worm","floor":2,"turns":4},{"damage":0,"enemies":"2 Louse","floor":3,"turns":2},{"damage":8,"enemies":"Looter","floor":5,"turns":3},{"damage":16,"enemies":"3 Sentries","floor":7,"turns":3},{"damage":11,"enemies":"Exordium Thugs","floor":10,"turns":2},{"damage":0,"enemies":"2 Fungi Beasts","floor":13,"turns":1},{"damage":4,"enemies":"Blue Slaver","floor":14,"turns":2},{"damage":0,"enemies":"Slime Boss","floor":16,"turns":4},{"damage":2,"enemies":"2 Thieves","floor":18,"turns":2},{"damage":25,"enemies":"Masked Bandits","floor":19,"turns":3},{"damage":5,"enemies":"Chosen","floor":21,"turns":2},{"damage":13,"enemies":"Snake Plant","floor":24,"turns":2},{"damage":20,"enemies":"Book of Stabbing","floor":25,"turns":3},{"damage":0,"enemies":"Snecko","floor":28,"turns":2},{"damage":7,"enemies":"Centurion and Healer","floor":29,"turns":3},{"damage":18,"enemies":"Snake Plant","floor":31,"turns":3},{"damage":24,"enemies":"Automaton","floor":33,"turns":6},{"damage":9,"enemies":"Orb Walker","floor":35,"turns":3},{"damage":19,"enemies":"3 Darklings","floor":36,"turns":3},{"damage":21,"enemies":"2 Orb Walkers","floor":39,"turns":2},{"damage":0,"enemies":"Sphere and 2 Shapes","floor":44,"turns":2},{"damage":2,"enemies":"Transient","floor":46,"turns":5},{"damage":47,"enemies":"Donu and Deca","floor":50,"turns":5}],"seed_played":"-7375537293677797907","potions_obtained":[{"floor":1,"key":"EntropicBrew"},{"floor":2,"key":"BloodPotion"},{"floor":13,"key":"Dexterity Potion"},{"floor":19,"key":"LiquidBronze"},{"floor":24,"key":"Regen Potion"},{"floor":28,"key":"SneckoOil"},{"floor":44,"key":"Regen Potion"},{"floor":46,"key":"AttackPotion"}],"is_trial":false,"path_per_floor":["M","M","M","$","M","R","E","R","T","M","$","?","M","M","R","B",null,"M","?","T","M","$","R","M","E","T","R","M","M","R","M","R","B",null,"M","M","?","?","?","R","T","R","T","M","$","M","R","$","R","B",null],"character_chosen":"IRONCLAD","items_purchased":["Brimstone","Tiny Chest","Armaments+1","Reaper","Singing Bowl","Orichalcum","Dream Catcher"],"campfire_rested":1,"item_purchase_floors":[4,4,11,22,22,45,48],"current_hp_per_floor":[70,72,72,72,70,70,60,60,60,72,72,54,60,62,62,68,72,72,53,53,54,54,54,49,47,47,69,76,77,77,65,65,62,80,82,84,84,84,85,85,85,85,85,102,102,104,104,104,104,82],"gold":79,"neow_bonus":"TWO_FIFTY_GOLD","is_prod":false,"is_daily":false,"chose_seed":false,"campfire_upgraded":10,"win_rate":0,"timestamp":1562188129,"path_taken":["M","M","M","$","?","R","E","R","T","M","$","?","M","M","R","BOSS","M","?","?","?","$","R","M","E","T","R","M","M","R","M","R","BOSS","M","M","?","?","?","R","?","R","T","M","$","M","R","$","R","BOSS"],"build_version":"2019-07-01","purchased_purges":1,"victory":true,"max_hp_per_floor":[72,72,72,72,72,72,72,72,72,72,72,72,72,72,72,72,72,72,72,72,72,72,72,74,74,74,74,76,78,78,78,78,80,80,82,84,84,84,100,100,100,100,100,102,102,104,104,104,104,104],"card_choices":[{"not_picked":["Hemokinesis","Twin Strike"],"picked":"Whirlwind","floor":1},{"not_picked":["Sword Boomerang","Iron Wave"],"picked":"Heavy Blade","floor":2},{"not_picked":["Wild Strike","Clash","Iron Wave"],"picked":"SKIP","floor":3},{"not_picked":["Clash","Ghostly Armor","Dual Wield"],"picked":"SKIP","floor":5},{"not_picked":["Warcry","Twin Strike","Clothesline"],"picked":"SKIP","floor":7},{"not_picked":["Power Through+1","Havoc+1"],"picked":"Uppercut","floor":10},{"not_picked":["Entrench+1","Wild Strike","Metallicize"],"picked":"SKIP","floor":13},{"not_picked":["Warcry+1","Thunderclap"],"picked":"Twin Strike","floor":14},{"not_picked":["Impervious+1","Juggernaut"],"picked":"Double Tap+1","floor":16},{"not_picked":["Clothesline","Cleave"],"picked":"Pummel","floor":18},{"not_picked":["Carnage","Uppercut+1","Wild Strike+1"],"picked":"SKIP","floor":21},{"not_picked":["True Grit+1","Dual Wield+1","Clash"],"picked":"Singing Bowl","floor":24},{"not_picked":["Perfected Strike","Armaments+1"],"picked":"Exhume+1","floor":25},{"not_picked":["Intimidate+1","Sword Boomerang","Headbutt"],"picked":"Singing Bowl","floor":28},{"not_picked":["Armaments+1","Whirlwind","Disarm+1"],"picked":"Singing Bowl","floor":29},{"not_picked":["Headbutt","Sword Boomerang"],"picked":"Double Tap+1","floor":31},{"not_picked":["Dark Embrace","Immolate","Impervious+1"],"picked":"Singing Bowl","floor":33},{"not_picked":["Reckless Charge"],"picked":"Singing Bowl","floor":35},{"not_picked":["Entrench+1"],"picked":"Singing Bowl","floor":36},{"not_picked":["Body Slam"],"picked":"Singing Bowl","floor":39},{"not_picked":["Thunderclap+1"],"picked":"Singing Bowl","floor":44},{"not_picked":["Wild Strike"],"picked":"Singing Bowl","floor":46}],"player_experience":108667,"relics_obtained":[{"floor":7,"key":"Pocketwatch"},{"floor":9,"key":"Toxic Egg 2"},{"floor":19,"key":"Red Mask"},{"floor":20,"key":"PreservedInsect"},{"floor":25,"key":"Juzu Bracelet"},{"floor":26,"key":"Ginger"},{"floor":39,"key":"Mango"},{"floor":41,"key":"War Paint"},{"floor":43,"key":"Boot"}],"event_choices":[{"damage_healed":0,"gold_gain":0,"player_choice":"Take Damage","damage_taken":18,"relics_obtained":["Golden Idol"],"max_hp_gain":0,"max_hp_loss":0,"event_name":"Golden Idol","floor":12,"gold_loss":0},{"damage_healed":0,"gold_gain":0,"player_choice":"Fought Bandits","damage_taken":0,"max_hp_gain":0,"max_hp_loss":0,"event_name":"Masked Bandits","floor":19,"gold_loss":0},{"damage_healed":0,"gold_gain":0,"player_choice":"Ignored","damage_taken":0,"max_hp_gain":0,"max_hp_loss":0,"event_name":"The Moai Head","floor":37,"gold_loss":0},{"damage_healed":0,"gold_gain":0,"player_choice":"2 cards matched","damage_taken":0,"max_hp_gain":0,"max_hp_loss":0,"event_name":"Match and Keep!","floor":38,"gold_loss":0,"cards_obtained":["Trip","Bash"]},{"damage_healed":0,"gold_gain":0,"player_choice":"Fight","damage_taken":0,"max_hp_gain":0,"max_hp_loss":0,"event_name":"Mysterious Sphere","floor":39,"gold_loss":0}],"is_beta":false,"boss_relics":[{"not_picked":["Ectoplasm","Runic Cube"],"picked":"Philosopher\u0027s Stone"},{"not_picked":["Snecko Eye","Pandora\u0027s Box"],"picked":"Busted Crown"}],"items_purged_floors":[45],"is_endless":false,"potions_floor_spawned":[1,2,13,16,19,24,28,29,44,46],"ascension_level":0}