{"gold_per_floor":[118,46,46,58,145,157,181,218,530,29,48,81,93,123,123,228,228,241,156,5,22,22,22,53,2,56,81,94,94,123,137,137,242,242,253,33,133,133,49,77,0,25,25,43,43,77,96,110,110,110],"floor_reached":51,"playtime":2040,"items_purged":["Strike_R"],"score":1499,"play_id":"93133909-09da-4214-abe0-830befe1d16a","local_time":"20190711191035","is_ascension_mode":true,"campfire_choices":[{"data":"Armaments","floor":6.0,"key":"SMITH"},{"data":"1","floor":15,"key":"LIFT"},{"data":"2","floor":23,"key":"LIFT"},{"data":"3","floor":29,"key":"LIFT"},{"data":"Limit Break","floor":32,"key":"SMITH"},{"data":"Demon Form","floor":49,"key":"SMITH"}],"neow_cost":"NONE","seed_source_timestamp":1748960246155097,"circlet_count":0,"master_deck":["AscendersBane","Strike_R","Strike_R","Strike_R","Defend_R","Defend_R","Defend_R","Defend_R","Bash","Iron Wave","Armaments+1","Thunderclap","Flex","Reaper","Shrug It Off","Cleave","Offering","Shockwave","Shrug It Off","Demon Form+1","Clothesline","Sword Boomerang","RitualDagger","Limit Break+1","Shrug It Off","Heavy Blade","Ghostly Armor+1","Flex+1","Offering+1","Twin Strike","Heavy Blade","Whirlwind","True Grit+1","Bludgeon","Shrug It Off+1","Jack Of All Trades+1","Secret Weapon+1","Apotheosis+1","Whirlwind+1","True Grit+1"],"special_seed":0,"relics":["Burning Blood","NeowsBlessing","MawBank","Girya","Old Coin","Anchor","Nunchaku","Lantern","Dodecahedron","Velvet Choker","Happy Flower","Bag of Marbles","Darkstone Periapt","Strawberry","Toxic Egg 2","Pantograph","Runic Pyramid","PreservedInsect","Torii","Regal Pillow","Red Mask","Bronze Scales","Ice Cream","The Courier"],"potions_floor_usage":[16,16,30,31,50],"damage_taken":[{"damage":0.0,"enemies":"2 Louse","floor":1.0,"turns":1.0},{"damage":0.0,"enemies":"Jaw Worm","floor":7.0,"turns":1.0},{"damage":0.0,"enemies":"3 Sentries","floor":8.0,"turns":1.0},{"damage":0.0,"enemies":"Small Slimes","floor":11.0,"turns":5.0},{"damage":56.0,"enemies":"Gremlin Nob","floor":12.0,"turns":6.0},{"damage":6.0,"enemies":"Blue Slaver","floor":13.0,"turns":2.0},{"damage":16,"enemies":"3 Sentries","floor":14,"turns":5},{"damage":25,"enemies":"Hexaghost","floor":16,"turns":7},{"damage":24,"enemies":"Chosen","floor":18,"turns":5},{"damage":16,"enemies":"2 Thieves","floor":21,"turns":4},{"damage":6,"enemies":"Gremlin Leader","floor":24,"turns":6},{"damage":7,"enemies":"Slavers","floor":27,"turns":4},{"damage":13,"enemies":"Snecko","floor":28,"turns":4},{"damage":6,"enemies":"Book of Stabbing","floor":30,"turns":2},{"damage":0,"enemies":"Chosen and Byrds","floor":31,"turns":4},{"damage":25,"enemies":"Automaton","floor":33,"turns":6},{"damage":0,"enemies":"3 Shapes","floor":35,"turns":2},{"damage":10,"enemies":"Mind Bloom Boss Battle","floor":37,"turns":4},{"damage":18,"enemies":"Reptomancer","floor":40,"turns":4},{"damage":10,"enemies":"Nemesis","floor":42,"turns":5},{"damage":1,"enemies":"3 Darklings","floor":44,"turns":4},{"damage":15,"enemies":"Giant Head","floor":46,"turns":6},{"damage":12,"enemies":"4 Shapes","floor":47,"turns":2},{"damage":6,"enemies":"Writhing Mass","floor":48,"turns":5},{"damage":39,"enemies":"Awakened One","floor":50,"turns":9}],"seed_played":"-8863439012455646538","potions_obtained":[{"floor":1.0,"key":"LiquidBronze"},{"floor":8.0,"key":"FearPotion"},{"floor":12.0,"key":"Strength Potion"},{"floor":14,"key":"AttackPotion"},{"floor":16,"key":"Fire Potion"},{"floor":24,"key":"PowerPotion"},{"floor":30,"key":"SpeedPotion"},{"floor":33,"key":"SpeedPotion"},{"floor":35,"key":"Regen Potion"},{"floor":42,"key":"Block Potion"}],"is_trial":false,"path_per_floor":["M","$","?","?","?","R","M","E","T","$","M","E","M","E","R","B",null,"M","?","$","M","?","R","E","$","T","E","M","R","E","M","R","B",null,"M","$","?","?","$","E","?","E","T","M","?","E","M","M","R","B",null],"character_chosen":"IRONCLAD","items_purchased":["Armaments","Thunderclap","Anchor","Nunchaku","Shrug It Off","Bag of Marbles","Shrug It Off","PreservedInsect","Whirlwind","True Grit+1"],"campfire_rested":0,"item_purchase_floors":[2,2,10,10,10,20,25,36,39,39],"current_hp_per_floor":[78,78,66,66,55,55,61,67,67,67,77,30,30,27,27,20,65,47,47,47,56,50,50,80,80,87,87,80,80,80,86,86,68,82,87,87,84,84,84,81,81,77,77,82,72,75,69,81,81,55],"gold":110,"neow_bonus":"THREE_ENEMY_KILL","is_prod":false,"is_daily":false,"chose_seed":false,"campfire_upgraded":3,"win_rate":0,"timestamp":1562868635,"path_taken":["M","$","?","?","?","R","?","E","T","$","M","E","M","E","R","BOSS","M","?","$","M","?","R","E","$","T","E","M","R","E","M","R","BOSS","M","$","?","?","$","E","?","E","T","M","?","E","M","?","R","BOSS"],"build_version":"2019-07-05","purchased_purges":1,"victory":true,"max_hp_per_floor":[80,80,80,80,80,80,80,80,80,80,80,80,80,80,80,80,80,80,80,80,80,80,80,80,80,87,87,87,87,87,87,87,87,87,87,87,87,87,87,87,87,87,87,87,87,87,87,87,87,87],"card_choices":[{"not_picked":["Power Through","Headbutt"],"picked":"Iron Wave","floor":1.0},{"not_picked":["Corruption","Inflame"],"picked":"Flex","floor":7.0},{"not_picked":["Cleave","Sword Boomerang"],"picked":"Reaper","floor":8.0},{"not_picked":["Anger","Bloodletting"],"picked":"Cleave","floor":11.0},{"not_picked":["Warcry","Clothesline"],"picked":"Offering","floor":12.0},{"not_picked":["Heavy Blade","Twin Strike"],"picked":"Shockwave","floor":13},{"not_picked":["Armaments","Clothesline"],"picked":"Shrug It Off","floor":14},{"not_picked":["Limit Break","Juggernaut"],"picked":"Demon Form","floor":16},{"not_picked":["Headbutt","True Grit"],"picked":"Clothesline","floor":18},{"not_picked":["Wild Strike","Headbutt"],"picked":"Sword Boomerang","floor":21},{"not_picked":["Combust","Blood for Blood"],"picked":"Limit Break","floor":24},{"not_picked":["Iron Wave","Shrug It Off"],"picked":"Heavy Blade","floor":27},{"not_picked":["Uppercut","Iron Wave","Dropkick"],"picked":"SKIP","floor":28},{"not_picked":["Evolve+1","Fire Breathing"],"picked":"Ghostly Armor+1","floor":30},{"not_picked":["Shrug It Off+1","Sword Boomerang"],"picked":"Flex+1","floor":31},{"not_picked":["Dark Embrace","Barricade"],"picked":"Offering+1","floor":33},{"not_picked":["Armaments+1","Perfected Strike+1"],"picked":"Twin Strike","floor":35},{"not_picked":["Armaments+1","Dual Wield+1"],"picked":"Heavy Blade","floor":37},{"not_picked":["Pommel Strike","Fire Breathing","Metallicize"],"picked":"SKIP","floor":40},{"not_picked":["Perfected Strike","Hemokinesis"],"picked":"Bludgeon","floor":42},{"not_picked":["Flex+1","Pommel Strike"],"picked":"Shrug It Off+1","floor":44},{"not_picked":["Swift Strike","Thinking Ahead+1"],"picked":"Jack Of All Trades+1","floor":45},{"not_picked":["Bandage Up+1","PanicButton+1"],"picked":"Secret Weapon+1","floor":45},{"not_picked":["Finesse+1","Purity+1"],"picked":"Apotheosis+1","floor":45},{"not_picked":["Headbutt","Pommel Strike"],"picked":"Whirlwind+1","floor":46},{"not_picked":["Sword Boomerang","Corruption"],"picked":"True Grit+1","floor":47},{"not_picked":["Warcry+1","Headbutt","Pummel"],"picked":"SKIP","floor":48}],"player_experience":348894,"relics_obtained":[{"floor":8.0,"key":"Girya"},{"floor":9.0,"key":"Old Coin"},{"floor":12.0,"key":"Lantern"},{"floor":14,"key":"Dodecahedron"},{"floor":24,"key":"Darkstone Periapt"},{"floor":26,"key":"Strawberry"},{"floor":27,"key":"Toxic Egg 2"},{"floor":30,"key":"Pantograph"},{"floor":37,"key":"Torii"},{"floor":40,"key":"Regal Pillow"},{"floor":42,"key":"Bronze Scales"},{"floor":43,"key":"Ice Cream"},{"floor":46,"key":"The Courier"}],"event_choices":[{"damage_healed":0.0,"max_hp_gain":0.0,"max_hp_loss":0.0,"gold_gain":0.0,"event_name":"Scrap Ooze","player_choice":"Success","floor":3.0,"gold_loss":0.0,"damage_taken":12.0,"relics_obtained":["MawBank"]},{"damage_healed":0.0,"max_hp_gain":0.0,"max_hp_loss":0.0,"gold_gain":0.0,"event_name":"Golden Wing","player_choice":"Ignored","floor":4.0,"gold_loss":0.0,"damage_taken":0.0},{"damage_healed":0.0,"max_hp_gain":0.0,"max_hp_loss":0.0,"gold_gain":75.0,"event_name":"World of Goop","player_choice":"Gather Gold","floor":5.0,"gold_loss":0.0,"damage_taken":11.0},{"damage_healed":0,"gold_gain":0,"player_choice":"Obtained Relic","damage_taken":0,"relics_obtained":["Happy Flower"],"max_hp_gain":0,"max_hp_loss":0,"event_name":"Addict","floor":19,"gold_loss":85},{"damage_healed":0,"gold_gain":0,"player_choice":"Joined the Cult","damage_taken":6,"max_hp_gain":0,"max_hp_loss":0,"event_name":"Nest","floor":22,"gold_loss":0,"cards_obtained":["RitualDagger"]},{"damage_healed":0,"gold_gain":0,"player_choice":"Fight","damage_taken":0,"max_hp_gain":0,"max_hp_loss":0,"event_name":"MindBloom","floor":37,"gold_loss":0},{"cards_removed":["Strike_R"],"damage_healed":0,"gold_gain":0,"player_choice":"Removed Attack","damage_taken":0,"max_hp_gain":0,"max_hp_loss":0,"event_name":"Falling","floor":38,"gold_loss":0},{"damage_healed":0,"gold_gain":0,"player_choice":"Paid","damage_taken":0,"relics_obtained":["Red Mask"],"max_hp_gain":0,"max_hp_loss":0,"event_name":"Tomb of Lord Red Mask","floor":41,"gold_loss":77},{"damage_healed":0,"gold_gain":0,"player_choice":"Memory 3","damage_taken":10,"max_hp_gain":0,"max_hp_loss":0,"event_name":"SensoryStone","floor":45,"gold_loss":0}],"is_beta":false,"boss_relics":[{"not_picked":["Runic Cube","White Beast Statue"],"picked":"Velvet Choker"},{"not_picked":["Pandora\u0027s Box","Astrolabe"],"picked":"Runic Pyramid"}],"items_purged_floors":[36],"is_endless":false,"potions_floor_spawned":[1,8,12,14,16,24,30,33,35,37,40,42],"ascension_level":12}