{"gold_per_floor":[116,19,36,55,66,99,111,111,158,170,195,207,219,256,268,352,364,390,402,429,104,104,133,133],"floor_reached":24,"playtime":707,"items_purged":["Strike_G"],"score":452,"play_id":"8cb74a12-6df6-4081-b839-d74cb337d178","local_time":"20190513003454","is_ascension_mode":true,"campfire_choices":[{"data":"Crippling Poison","floor":8,"key":"SMITH"},{"data":"Noxious Fumes","floor":10,"key":"SMITH"},{"data":"Footwork","floor":12,"key":"SMITH"},{"data":"Bouncing Flask","floor":15,"key":"SMITH"}],"neow_cost":"NONE","seed_source_timestamp":628076158015200,"circlet_count":0,"master_deck":["AscendersBane","Defend_G","Defend_G","Defend_G","Defend_G","Strike_G","Strike_G","Strike_G","Survivor","Neutralize","Backstab","Flying Knee","Well Laid Plans","Crippling Poison+1","Cloak And Dagger","Backstab","Noxious Fumes+1","Footwork+1","Bouncing Flask+1","Corpse Explosion","Bane","Glass Knife","Burst+1","Blade Dance+1","Cloak And Dagger+1"],"relics":["Ring of the Snake","Juzu Bracelet","MawBank","FaceOfCleric","Black Star","Membership Card","Blood Vial","Lantern","Smiling Mask"],"potions_floor_usage":[6,16,20],"damage_taken":[{"damage":0,"enemies":"Cultist","floor":1,"turns":4},{"damage":0,"enemies":"Small Slimes","floor":3,"turns":4},{"damage":1,"enemies":"2 Louse","floor":4,"turns":2},{"damage":0,"enemies":"2 Fungi Beasts","floor":5,"turns":3},{"damage":2,"enemies":"3 Sentries","floor":6,"turns":12},{"damage":14,"enemies":"Large Slime","floor":7,"turns":5},{"damage":0,"enemies":"Exordium Thugs","floor":11,"turns":2},{"damage":6,"enemies":"Lagavulin","floor":14,"turns":8},{"damage":4,"enemies":"The Guardian","floor":16,"turns":9},{"damage":20,"enemies":"2 Thieves","floor":18,"turns":4},{"damage":0,"enemies":"3 Byrds","floor":20,"turns":2},{"damage":49,"enemies":"Slavers","floor":23,"turns":4},{"damage":5,"enemies":"Snake Plant","floor":24,"turns":1}],"seed_played":"-3080491588586637345","potions_obtained":[{"floor":3,"key":"Dexterity Potion"},{"floor":5,"key":"Energy Potion"},{"floor":6,"key":"Poison Potion"},{"floor":18,"key":"LiquidBronze"}],"is_trial":false,"path_per_floor":["M","$","M","M","M","E","M","R","T","R","M","R","?","E","R","B",null,"M","?","M","$","?","E","M"],"character_chosen":"THE_SILENT","items_purchased":["Flying Knee","Well Laid Plans","Membership Card","Blood Vial"],"campfire_rested":0,"item_purchase_floors":[2,2,21,21],"current_hp_per_floor":[65,65,65,64,64,62,48,48,48,48,48,48,48,43,43,40,66,47,47,48,48,48,2,0],"gold":133,"neow_bonus":"TEN_PERCENT_HP_BONUS","is_prod":false,"is_daily":false,"chose_seed":false,"campfire_upgraded":4,"win_rate":0,"timestamp":1557675294,"path_taken":["M","?","M","M","M","E","M","R","T","R","M","R","?","E","R","BOSS","M","?","M","$","?","E","M"],"build_version":"2019-01-23","purchased_purges":1,"victory":false,"max_hp_per_floor":[72,72,72,72,72,72,72,72,72,72,72,72,72,73,73,74,74,75,75,76,76,76,77,77],"card_choices":[{"not_picked":["Deadly Poison","Bouncing Flask"],"picked":"Backstab","floor":1},{"not_picked":["Flying Knee","Dagger Throw"],"picked":"Crippling Poison","floor":3},{"not_picked":["Outmaneuver","Concentrate"],"picked":"Cloak And Dagger","floor":4},{"not_picked":["Prepared","Acrobatics"],"picked":"Backstab","floor":5},{"not_picked":["Deflect","Glass Knife"],"picked":"Noxious Fumes","floor":6},{"not_picked":["Quick Slash","Underhanded Strike","Blade Dance"],"picked":"SKIP","floor":7},{"not_picked":["Dagger Spray","Prepared"],"picked":"Footwork","floor":11},{"not_picked":["Outmaneuver","Deflect"],"picked":"Bouncing Flask","floor":14},{"not_picked":["Envenom","Adrenaline"],"picked":"Corpse Explosion","floor":16},{"not_picked":["Bouncing Flask","Setup"],"picked":"Bane","floor":18},{"not_picked":["Choke","Flying Knee"],"picked":"Blade Dance+1","floor":20},{"not_picked":["Flying Knee","Accuracy"],"picked":"Cloak And Dagger+1","floor":23}],"player_experience":5001774,"relics_obtained":[{"floor":6,"key":"Juzu Bracelet"},{"floor":9,"key":"MawBank"},{"floor":23,"key":"Lantern"},{"floor":23,"key":"Smiling Mask"}],"event_choices":[{"damage_healed":0,"gold_gain":0,"player_choice":"Trade","damage_taken":0,"relics_obtained":["FaceOfCleric"],"max_hp_gain":0,"max_hp_loss":0,"event_name":"FaceTrader","floor":13,"gold_loss":0},{"damage_healed":0,"gold_gain":0,"cards_transformed":["Defend_G","Strike_G"],"player_choice":"Became Test Subject","damage_taken":0,"max_hp_gain":0,"max_hp_loss":0,"event_name":"Drug Dealer","floor":19,"gold_loss":0,"cards_obtained":["Glass Knife","Burst"]},{"damage_healed":0,"gold_gain":0,"player_choice":"Upgraded","damage_taken":0,"max_hp_gain":0,"max_hp_loss":0,"event_name":"Upgrade Shrine","floor":22,"gold_loss":0,"cards_upgraded":["Burst"]}],"is_beta":false,"boss_relics":[{"not_picked":["Eternal Feather","Busted Crown"],"picked":"Black Star"}],"items_purged_floors":[21],"is_endless":false,"potions_floor_spawned":[3,5,6,11,18],"killed_by":"Snake Plant","ascension_level":20}