{"gold_per_floor":[117,117,128,146,157,190,190,210,210,210,210,243,257,276,276,381,381,391,416,416,416,191,191,224,238,238,256,256,256,276,295,295,399,399,416,435,435,435,91,91,126,144,226,448,448,467,467,522,522,522,522,522,10,40,40],"floor_reached":56,"playtime":7268,"items_purged":["Strike_R","Writhe","Defend_R"],"score":1279,"play_id":"ebab8f71-ebf1-4964-92fb-c6a68e4dd666","local_time":"20190728200506","is_ascension_mode":true,"campfire_choices":[{"floor":7,"key":"REST"},{"floor":10,"key":"RECALL"},{"data":"Shrug It Off","floor":15,"key":"SMITH"},{"data":"Whirlwind","floor":23,"key":"SMITH"},{"data":"Flame Barrier","floor":32,"key":"SMITH"},{"data":"Demon Form","floor":40,"key":"SMITH"},{"data":"Flex","floor":45,"key":"SMITH"},{"data":"Metallicize","floor":47,"key":"SMITH"},{"data":"Bash","floor":49,"key":"SMITH"},{"data":"Reaper","floor":52,"key":"SMITH"}],"neow_cost":"NONE","seed_source_timestamp":1555889259225500,"circlet_count":0,"master_deck":["Strike_R","Strike_R","Defend_R","Defend_R","Defend_R","Bash+1","Inflame","Inflame","Flex+1","Juggernaut","Metallicize+1","Whirlwind+1","Flame Barrier+1","Shrug It Off+1","Demon Form+1","Reaper+1","Inflame+1","Limit Break+1","Dark Shackles+1","Entrench+1","Rage+1","Flame Barrier+1","Burning Pact+1"],"relics":["Burning Blood","Lantern","Anchor","Coffee Dripper","Red Mask","MutagenicStrength","Bag of Marbles","Letter Opener","Orichalcum","Toxic Egg 2","Red Skull","Eternal Feather","Chemical X","Pantograph","Blue Candle","Pocketwatch","Calipers","Pen Nib"],"potions_floor_usage":[6,6,12,16,16,24,27,31,33,46,46,50,50,55,55],"damage_taken":[{"damage":7,"enemies":"Small Slimes","floor":1,"turns":4},{"damage":0,"enemies":"2 Louse","floor":3,"turns":3},{"damage":1,"enemies":"Cultist","floor":4,"turns":3},{"damage":0,"enemies":"Large Slime","floor":5,"turns":3},{"damage":78,"enemies":"3 Sentries","floor":6,"turns":9},{"damage":15,"enemies":"Looter","floor":8,"turns":3},{"damage":5,"enemies":"Lagavulin","floor":12,"turns":6},{"damage":0,"enemies":"Blue Slaver","floor":13,"turns":4},{"damage":6,"enemies":"Red Slaver","floor":14,"turns":5},{"damage":33,"enemies":"Hexaghost","floor":16,"turns":8},{"damage":0,"enemies":"3 Byrds","floor":18,"turns":5},{"damage":56,"enemies":"Masked Bandits","floor":19,"turns":4},{"damage":35,"enemies":"Gremlin Leader","floor":24,"turns":6},{"damage":15,"enemies":"2 Thieves","floor":25,"turns":3},{"damage":0,"enemies":"Cultist and Chosen","floor":27,"turns":1},{"damage":0,"enemies":"Snake Plant","floor":30,"turns":1},{"damage":10,"enemies":"Shelled Parasite and Fungi","floor":31,"turns":6},{"damage":51,"enemies":"Automaton","floor":33,"turns":12},{"damage":0,"enemies":"3 Darklings","floor":35,"turns":1},{"damage":10,"enemies":"3 Shapes","floor":36,"turns":6},{"damage":51,"enemies":"Giant Head","floor":41,"turns":8},{"damage":20,"enemies":"Maw","floor":42,"turns":7},{"damage":51,"enemies":"Transient","floor":46,"turns":5},{"damage":0,"enemies":"2 Orb Walkers","floor":48,"turns":1},{"damage":65,"enemies":"Awakened One","floor":50,"turns":10},{"damage":0,"enemies":"Shield and Spear","floor":54,"turns":4},{"damage":78,"enemies":"The Heart","floor":55,"turns":9}],"seed_played":"3201786024082988171","potions_obtained":[{"floor":1,"key":"BloodPotion"},{"floor":3,"key":"SteroidPotion"},{"floor":6,"key":"Swift Potion"},{"floor":8,"key":"SkillPotion"},{"floor":11,"key":"PowerPotion"},{"floor":11,"key":"BloodPotion"},{"floor":19,"key":"EssenceOfSteel"},{"floor":24,"key":"SteroidPotion"},{"floor":30,"key":"FearPotion"},{"floor":31,"key":"Block Potion"},{"floor":33,"key":"SpeedPotion"},{"floor":42,"key":"Dexterity Potion"},{"floor":46,"key":"Poison Potion"},{"floor":48,"key":"SpeedPotion"}],"is_trial":false,"path_per_floor":["M","?","M","M","M","E","R","M","T","R","?","E","M","M","R","B",null,"M","?","?","?","$","R","E","M","T","M","?","T","M","M","R","B",null,"M","M","?","?","$","R","E","M","T","?","R","M","R","?","R","B",null,"R","$","E","B",null],"character_chosen":"IRONCLAD","items_purchased":["Bag of Marbles","Chemical X","Entrench+1","Calipers","Strength Potion","Dexterity Potion"],"campfire_rested":1,"item_purchase_floors":[22,39,39,53,53,53],"current_hp_per_floor":[79,72,78,80,80,28,52,43,43,43,43,44,50,50,50,43,80,80,30,15,15,15,15,16,7,7,13,13,13,19,24,24,21,85,85,85,85,85,85,85,49,45,45,45,57,12,24,30,42,51,85,85,85,85,13],"gold":40,"neow_bonus":"REMOVE_CARD","is_prod":false,"is_daily":false,"chose_seed":false,"campfire_upgraded":8,"win_rate":0,"timestamp":1564362306,"path_taken":["M","?","M","M","M","E","R","M","T","R","?","E","?","M","R","BOSS","M","?","?","?","?","R","E","?","T","M","?","?","?","M","R","BOSS","M","M","?","?","$","R","E","?","T","?","R","M","R","?","R","BOSS","R","$","E","BOSS"],"build_version":"2019-07-17","purchased_purges":3,"victory":true,"max_hp_per_floor":[80,80,80,80,80,80,80,80,80,80,80,80,80,80,80,80,80,80,80,85,85,85,85,85,85,85,85,85,85,85,85,85,85,85,85,85,85,85,85,85,85,85,85,85,85,85,85,85,85,85,85,85,85,85,85],"card_choices":[{"not_picked":["True Grit","Headbutt"],"picked":"Inflame","floor":1},{"not_picked":["Perfected Strike","Heavy Blade"],"picked":"Inflame","floor":3},{"not_picked":["Perfected Strike","Sword Boomerang"],"picked":"Flex","floor":4},{"not_picked":["Shrug It Off","Flex"],"picked":"Juggernaut","floor":5},{"not_picked":["Twin Strike","Carnage"],"picked":"Metallicize","floor":6},{"not_picked":["Iron Wave","Searing Blow"],"picked":"Whirlwind","floor":8},{"not_picked":["Blood for Blood","Armaments"],"picked":"Flame Barrier","floor":12},{"not_picked":["Clash","Infernal Blade"],"picked":"Shrug It Off","floor":13},{"not_picked":["Blood for Blood","Second Wind"],"picked":"Demon Form","floor":14},{"not_picked":["Juggernaut","Barricade"],"picked":"Reaper","floor":16},{"not_picked":["Sword Boomerang+1","Hemokinesis"],"picked":"Inflame+1","floor":18},{"not_picked":["Flex","Anger","Havoc+1"],"picked":"SKIP","floor":24},{"not_picked":["Searing Blow","Pommel Strike","Heavy Blade"],"picked":"SKIP","floor":25},{"not_picked":["Wild Strike+1","Evolve","Combust"],"picked":"SKIP","floor":27},{"not_picked":["Cleave+1","Pommel Strike","Bloodletting+1"],"picked":"SKIP","floor":30},{"not_picked":["Havoc+1","Bloodletting+1","Clash+1"],"picked":"SKIP","floor":31},{"not_picked":["Exhume+1","Dark Embrace"],"picked":"Limit Break+1","floor":33},{"not_picked":["Warcry+1","Armaments+1","Flex+1"],"picked":"SKIP","floor":35},{"not_picked":["Cleave+1","Metallicize","Heavy Blade"],"picked":"SKIP","floor":36},{"not_picked":["Deep Breath+1","Violence+1"],"picked":"Dark Shackles+1","floor":37},{"not_picked":["Uppercut","Shockwave+1"],"picked":"Rage+1","floor":41},{"not_picked":["Iron Wave","Wild Strike+1"],"picked":"Flame Barrier+1","floor":42},{"not_picked":["Warcry+1","Shrug It Off+1","Dual Wield+1"],"picked":"SKIP","floor":46},{"not_picked":["Shrug It Off+1","Sentinel+1"],"picked":"Burning Pact+1","floor":48},{"not_picked":["Whirlwind","Flame Barrier+1","Shockwave+1"],"picked":"SKIP","floor":54}],"player_experience":196502,"relics_obtained":[{"floor":6,"key":"Lantern"},{"floor":12,"key":"Anchor"},{"floor":19,"key":"Red Mask"},{"floor":24,"key":"Letter Opener"},{"floor":26,"key":"Orichalcum"},{"floor":29,"key":"Red Skull"},{"floor":41,"key":"Pantograph"},{"floor":43,"key":"Blue Candle"},{"floor":48,"key":"Pocketwatch"},{"floor":54,"key":"Pen Nib"}],"event_choices":[{"cards_removed":["Strike_R"],"damage_healed":0,"gold_gain":0,"player_choice":"Card Removal","damage_taken":7,"max_hp_gain":0,"max_hp_loss":0,"event_name":"Golden Wing","floor":2,"gold_loss":0},{"damage_healed":0,"gold_gain":0,"player_choice":"Got Potions","damage_taken":0,"max_hp_gain":0,"max_hp_loss":0,"event_name":"Lab","floor":11,"gold_loss":0},{"damage_healed":0,"gold_gain":0,"player_choice":"Fought Bandits","damage_taken":0,"max_hp_gain":0,"max_hp_loss":0,"event_name":"Masked Bandits","floor":19,"gold_loss":0},{"damage_healed":0,"gold_gain":0,"player_choice":"Shed Blood","damage_taken":20,"max_hp_gain":5,"max_hp_loss":0,"event_name":"Forgotten Altar","floor":20,"gold_loss":0},{"damage_healed":0,"gold_gain":0,"player_choice":"Inject Mutagens","damage_taken":0,"relics_obtained":["MutagenicStrength"],"max_hp_gain":0,"max_hp_loss":0,"event_name":"Drug Dealer","floor":21,"gold_loss":0},{"damage_healed":0,"gold_gain":0,"player_choice":"Opened","damage_taken":0,"relics_obtained":["Toxic Egg 2"],"max_hp_gain":0,"max_hp_loss":0,"event_name":"The Mausoleum","floor":28,"gold_loss":0,"cards_obtained":["Writhe"]},{"damage_healed":0,"gold_gain":0,"player_choice":"Memory 1","damage_taken":0,"max_hp_gain":0,"max_hp_loss":0,"event_name":"SensoryStone","floor":37,"gold_loss":0},{"damage_healed":0,"gold_gain":0,"player_choice":"Ignored","damage_taken":0,"max_hp_gain":0,"max_hp_loss":0,"event_name":"SecretPortal","floor":38,"gold_loss":0},{"damage_healed":0,"gold_gain":222,"player_choice":"Wore Mask","damage_taken":0,"max_hp_gain":0,"max_hp_loss":0,"event_name":"Tomb of Lord Red Mask","floor":44,"gold_loss":0},{"damage_healed":0,"gold_gain":0,"player_choice":"Fight","damage_taken":0,"max_hp_gain":0,"max_hp_loss":0,"event_name":"Mysterious Sphere","floor":48,"gold_loss":0}],"is_beta":false,"boss_relics":[{"not_picked":["Cursed Key","Runic Pyramid"],"picked":"Coffee Dripper"},{"not_picked":["Fusion Hammer","Calling Bell"],"picked":"Eternal Feather"}],"items_purged_floors":[22,39,53],"is_endless":false,"potions_floor_spawned":[1,3,6,8,19,24,30,31,33,42,46,48],"ascension_level":1}