{"gold_per_floor":[119,119,99,119,138,138,168,184,184,202,202,215,215,242,242,318,318,335,335,352,363,375,400,414,448,475,475,502,285,300,326,326,402,402,414,314,369,384,384,409,426,444,494,149,149,164,164,194,194,194,194,194,194,22,47,47],"floor_reached":57,"playtime":3234,"items_purged":["Unload","Tools of the Trade","Bullet Time"],"score":3283,"play_id":"deb874dc-8eaa-4053-b237-993b9ccb77d1","local_time":"20190518014825","is_ascension_mode":true,"campfire_choices":[{"data":"Neutralize","floor":6.0,"key":"SMITH"},{"floor":13.0,"key":"REST"},{"data":"Crippling Poison","floor":15.0,"key":"SMITH"},{"floor":27.0,"key":"REST"},{"floor":32.0,"key":"REST"},{"data":"Calculated Gamble","floor":45,"key":"SMITH"},{"floor":49,"key":"RECALL"},{"data":"Cloak And Dagger","floor":53,"key":"SMITH"}],"neow_cost":"","seed_source_timestamp":0,"circlet_count":0,"master_deck":["Survivor","Neutralize+1","Creative AI+1","Creative AI+1","Creative AI+1","Eviscerate","Quick Slash+1","Calculated Gamble+1","Crippling Poison+1","Acrobatics","After Image","Grand Finale+1","Terror","Corpse Explosion+1","Bouncing Flask","After Image","Cloak And Dagger+1","After Image","Expertise+1","After Image","Concentrate","Backflip","PiercingWail+1","After Image","Well Laid Plans","Escape Plan+1","Creative AI+1","Escape Plan+1","Adrenaline"],"special_seed":0,"relics":["Ring of the Snake","Mummified Hand","Dodecahedron","Ornamental Fan","Kunai","Pandora\u0027s Box","Ninja Scroll","Art of War","Potion Belt","Strawberry","Lantern","Eternal Feather","Bird Faced Urn","Bag of Marbles","DollysMirror","Mercury Hourglass","War Paint","Whetstone"],"potions_floor_usage":[50,50,56],"damage_taken":[{"damage":2.0,"enemies":"2 Louse","floor":1.0,"turns":3.0},{"damage":2.0,"enemies":"Jaw Worm","floor":4.0,"turns":6.0},{"damage":0.0,"enemies":"Cultist","floor":5.0,"turns":3.0},{"damage":10.0,"enemies":"3 Sentries","floor":7.0,"turns":9.0},{"damage":13.0,"enemies":"Large Slime","floor":8.0,"turns":7.0},{"damage":4.0,"enemies":"Blue Slaver","floor":10.0,"turns":5.0},{"damage":7.0,"enemies":"Red Slaver","floor":12.0,"turns":3.0},{"damage":0.0,"enemies":"Lagavulin","floor":14.0,"turns":8.0},{"damage":2.0,"enemies":"Hexaghost","floor":16.0,"turns":9.0},{"damage":0.0,"enemies":"Shell Parasite","floor":18.0,"turns":3.0},{"damage":6.0,"enemies":"Chosen","floor":20.0,"turns":6.0},{"damage":7.0,"enemies":"Shelled Parasite and Fungi","floor":21.0,"turns":5.0},{"damage":0.0,"enemies":"3 Cultists","floor":22.0,"turns":3.0},{"damage":9.0,"enemies":"Book of Stabbing","floor":23.0,"turns":5.0},{"damage":0.0,"enemies":"Snecko","floor":24.0,"turns":4.0},{"damage":10.0,"enemies":"Slavers","floor":25.0,"turns":3.0},{"damage":9.0,"enemies":"Book of Stabbing","floor":28.0,"turns":5.0},{"damage":21.0,"enemies":"Snake Plant","floor":30.0,"turns":5.0},{"damage":17.0,"enemies":"Slavers","floor":31.0,"turns":4.0},{"damage":0.0,"enemies":"Champ","floor":33.0,"turns":10.0},{"damage":0.0,"enemies":"Orb Walker","floor":35.0,"turns":4.0},{"damage":9.0,"enemies":"2 Orb Walkers","floor":37.0,"turns":3.0},{"damage":20.0,"enemies":"3 Darklings","floor":38.0,"turns":2.0},{"damage":0.0,"enemies":"Nemesis","floor":40.0,"turns":9.0},{"damage":3.0,"enemies":"Sphere and 2 Shapes","floor":41.0,"turns":5.0},{"damage":0,"enemies":"Writhing Mass","floor":42,"turns":5},{"damage":0,"enemies":"4 Shapes","floor":46,"turns":2},{"damage":0,"enemies":"Giant Head","floor":48,"turns":7},{"damage":49,"enemies":"Awakened One","floor":50,"turns":12},{"damage":0,"enemies":"Donu and Deca","floor":51,"turns":6},{"damage":0,"enemies":"Shield and Spear","floor":55,"turns":7},{"damage":49,"enemies":"The Heart","floor":56,"turns":8}],"seed_played":"209923773130170257","potions_obtained":[{"floor":1.0,"key":"SpeedPotion"},{"floor":3.0,"key":"Block Potion"},{"floor":10.0,"key":"AttackPotion"},{"floor":25.0,"key":"Strength Potion"},{"floor":37.0,"key":"SpeedPotion"},{"floor":38.0,"key":"Explosive Potion"},{"floor":55,"key":"Block Potion"}],"is_trial":true,"path_per_floor":["M","?","?","M","M","R","E","M","T","M","?","M","R","E","R","B",null,"M","?","M","M","M","E","M","E","T","R","E","$","M","E","R","B",null,"M","$","?","M","?","E","M","M","T","$","R","M","?","E","R","B","B",null,"R","$","E","B",null],"character_chosen":"THE_SILENT","items_purchased":["Regen Potion","Backflip","DollysMirror","War Paint"],"campfire_rested":3,"item_purchase_floors":[29,29,44,54],"current_hp_per_floor":[57,50,50,48,48,48,38,25,25,21,21,14,33,33,33,31,57,57,57,51,44,44,35,35,25,25,44,42,42,21,18,39,39,65,65,65,56,46,46,73,73,73,73,73,73,73,69,69,69,69,69,69,69,69,69,66],"gold":47,"neow_bonus":"","is_prod":false,"is_daily":false,"chose_seed":false,"campfire_upgraded":4,"win_rate":0,"timestamp":1558111705,"path_taken":["M","?","?","M","M","R","E","M","T","?","?","M","R","E","R","BOSS","M","?","?","?","?","E","M","E","T","R","E","$","M","E","R","BOSS","M","$","?","M","?","E","M","M","T","$","R","?","?","E","R","BOSS","BOSS","R","$","E","BOSS"],"build_version":"2019-01-23","purchased_purges":3,"victory":true,"max_hp_per_floor":[66,66,66,66,66,66,66,66,66,66,66,66,66,66,66,66,66,66,66,66,66,66,66,66,66,66,66,73,73,73,73,73,73,73,73,73,73,73,73,73,73,73,73,73,73,73,69,69,69,69,69,69,69,69,69,69],"card_choices":[{"not_picked":["Choke","PiercingWail"],"picked":"Eviscerate","floor":1.0},{"not_picked":["Footwork","Skewer"],"picked":"Backstab","floor":4.0},{"not_picked":["Bane","Acrobatics"],"picked":"Quick Slash","floor":5.0},{"not_picked":["Poisoned Stab","Phantasmal Killer"],"picked":"Tools of the Trade","floor":7.0},{"not_picked":["Blade Dance","Deadly Poison"],"picked":"Calculated Gamble","floor":8.0},{"not_picked":["Bane","Slice"],"picked":"Crippling Poison","floor":10.0},{"not_picked":["Prepared","Dodge and Roll","Cloak And Dagger"],"picked":"SKIP","floor":12.0},{"not_picked":["Dodge and Roll","Catalyst"],"picked":"Acrobatics","floor":14.0},{"not_picked":["Unload","Envenom"],"picked":"After Image","floor":16.0},{"not_picked":["Blade Dance+1","Accuracy"],"picked":"Expertise+1","floor":18.0},{"not_picked":["Infinite Blades","Distraction+1","Underhanded Strike+1"],"picked":"SKIP","floor":20.0},{"not_picked":["Deadly Poison","Skewer","Sucker Punch+1"],"picked":"SKIP","floor":21.0},{"not_picked":["Expertise","Underhanded Strike","Deadly Poison"],"picked":"SKIP","floor":22.0},{"not_picked":["Expertise","Venomology","Bane+1"],"picked":"SKIP","floor":23.0},{"not_picked":["Backstab","Sucker Punch"],"picked":"Concentrate","floor":24.0},{"not_picked":["Die Die Die","Flying Knee","Acrobatics"],"picked":"SKIP","floor":25.0},{"not_picked":["Dagger Throw","Quick Slash","Poisoned Stab"],"picked":"SKIP","floor":28.0},{"not_picked":["Sucker Punch","Prepared","Acrobatics"],"picked":"SKIP","floor":30.0},{"not_picked":["Backstab","Blade Dance"],"picked":"PiercingWail+1","floor":31.0},{"not_picked":["Doppelganger","Venomology"],"picked":"After Image","floor":33.0},{"not_picked":["Backflip","Blade Dance"],"picked":"Well Laid Plans","floor":35.0},{"not_picked":["Blade Dance+1","Bouncing Flask","Sucker Punch"],"picked":"SKIP","floor":38.0},{"not_picked":["Distraction","Bouncing Flask","All Out Attack"],"picked":"SKIP","floor":40.0},{"not_picked":["Masterful Stab+1","Slice","Riddle With Holes"],"picked":"SKIP","floor":41.0},{"not_picked":["Masterful Stab+1","Slice","Riddle With Holes"],"picked":"SKIP","floor":41.0},{"not_picked":["Deflect+1","Acrobatics"],"picked":"Escape Plan+1","floor":42},{"not_picked":["Blade Dance","Bane+1"],"picked":"Escape Plan","floor":46},{"not_picked":["Riddle With Holes","Eviscerate+1","Bane+1"],"picked":"SKIP","floor":48},{"not_picked":["Quick Slash","Dodge and Roll"],"picked":"Adrenaline","floor":55}],"player_experience":5061492,"relics_obtained":[{"floor":7.0,"key":"Dodecahedron"},{"floor":9.0,"key":"Ornamental Fan"},{"floor":14.0,"key":"Kunai"},{"floor":23.0,"key":"Ninja Scroll"},{"floor":25.0,"key":"Art of War"},{"floor":26.0,"key":"Potion Belt"},{"floor":28.0,"key":"Strawberry"},{"floor":31.0,"key":"Lantern"},{"floor":37.0,"key":"Bird Faced Urn"},{"floor":40.0,"key":"Bag of Marbles"},{"floor":48,"key":"Mercury Hourglass"},{"floor":55,"key":"Whetstone"}],"event_choices":[{"cards_removed":["Strike_G"],"damage_healed":0.0,"max_hp_gain":0.0,"max_hp_loss":0.0,"gold_gain":0.0,"event_name":"Golden Wing","player_choice":"Card Removal","floor":2.0,"gold_loss":0.0,"damage_taken":7.0},{"damage_healed":0.0,"max_hp_gain":0.0,"max_hp_loss":0.0,"gold_gain":0.0,"event_name":"The Woman in Blue","player_choice":"Bought 1 Potion","floor":3.0,"gold_loss":0.0,"damage_taken":0.0},{"damage_healed":0.0,"max_hp_gain":0.0,"max_hp_loss":0.0,"gold_gain":0.0,"event_name":"Liars Game","player_choice":"Ignored","floor":11.0,"gold_loss":0.0,"damage_taken":0.0},{"damage_healed":0.0,"max_hp_gain":0.0,"max_hp_loss":0.0,"gold_gain":0.0,"event_name":"Duplicator","player_choice":"Copied","floor":19.0,"gold_loss":0.0,"damage_taken":0.0,"cards_obtained":["After Image"]},{"damage_healed":0.0,"max_hp_gain":0.0,"max_hp_loss":0.0,"gold_gain":0.0,"event_name":"Mysterious Sphere","player_choice":"Fight","floor":37.0,"gold_loss":0.0,"damage_taken":0.0},{"cards_removed":["Backstab"],"damage_healed":0.0,"max_hp_gain":0.0,"max_hp_loss":0.0,"gold_gain":0.0,"event_name":"Falling","player_choice":"Removed Attack","floor":39.0,"gold_loss":0.0,"damage_taken":0.0},{"damage_healed":0,"gold_gain":0,"player_choice":"Max HP","damage_taken":0,"max_hp_gain":0,"max_hp_loss":4,"event_name":"Winding Halls","floor":47,"gold_loss":0}],"is_beta":false,"boss_relics":[{"not_picked":["Black Star","Cursed Key"],"picked":"Pandora\u0027s Box"},{"not_picked":["Tiny House","Runic Pyramid"],"picked":"Eternal Feather"}],"items_purged_floors":[29,36,44],"is_endless":false,"potions_floor_spawned":[1,8,10,14,18,20,23,24,25,37,38,42,55],"ascension_level":20}