{"gold_per_floor":[361,376,12,22,22,22,22,22,76,76,90,103,103,114,114,214,214,234,265,283,5,21,53,53,53],"floor_reached":25,"playtime":763,"items_purged":[],"score":291,"play_id":"216508f7-4fbe-48b9-b618-8cafa5a74932","local_time":"20190706155647","is_ascension_mode":true,"campfire_choices":[{"data":"Perfected Strike","floor":6.0,"key":"SMITH"},{"data":"Armaments","floor":8.0,"key":"SMITH"},{"data":"Bash","floor":10.0,"key":"SMITH"},{"data":"Perfected Strike","floor":15.0,"key":"SMITH"},{"floor":24,"key":"REST"}],"neow_cost":"PERCENT_DAMAGE","seed_source_timestamp":1306605825471106,"circlet_count":0,"master_deck":["Strike_R","Strike_R","Strike_R","Strike_R","Strike_R","Defend_R","Defend_R","Defend_R","Defend_R","Bash+1","Perfected Strike+1","Shrug It Off","Wild Strike","Thunderclap","Armaments+1","Perfected Strike+1","Flame Barrier","Demon Form","Seeing Red+1","Ghostly Armor","Perfected Strike","Flex","Perfected Strike","Uppercut"],"special_seed":0,"relics":["Burning Blood","Gambling Chip","Ancient Tea Set","Strawberry","Velvet Choker","Red Mask","Sling","Darkstone Periapt"],"potions_floor_usage":[23,25],"damage_taken":[{"damage":1.0,"enemies":"Cultist","floor":1.0,"turns":3.0},{"damage":9.0,"enemies":"2 Louse","floor":2.0,"turns":3.0},{"damage":0.0,"enemies":"Jaw Worm","floor":4.0,"turns":4.0},{"damage":2.0,"enemies":"3 Louse","floor":11.0,"turns":4.0},{"damage":6.0,"enemies":"Looter","floor":12.0,"turns":2.0},{"damage":0.0,"enemies":"Lots of Slimes","floor":14.0,"turns":1.0},{"damage":19.0,"enemies":"The Guardian","floor":16.0,"turns":11.0},{"damage":18.0,"enemies":"Shell Parasite","floor":18.0,"turns":5.0},{"damage":19.0,"enemies":"Masked Bandits","floor":19.0,"turns":5.0},{"damage":18.0,"enemies":"Chosen","floor":20.0,"turns":5.0},{"damage":3,"enemies":"Snake Plant","floor":22,"turns":3},{"damage":40,"enemies":"Book of Stabbing","floor":23,"turns":4},{"damage":81,"enemies":"Gremlin Leader","floor":25,"turns":6}],"seed_played":"-6075081575232090551","potions_obtained":[{"floor":2.0,"key":"FairyPotion"},{"floor":4.0,"key":"Explosive Potion"},{"floor":12.0,"key":"SkillPotion"},{"floor":20.0,"key":"Regen Potion"},{"floor":22,"key":"PowerPotion"}],"is_trial":false,"path_per_floor":["M","M","$","M","$","R","$","R","T","R","M","M","?","M","R","B",null,"M","?","M","$","M","E","R","E"],"character_chosen":"IRONCLAD","items_purchased":["Gambling Chip","Wild Strike","Thunderclap","Sling","Perfected Strike","Flex"],"campfire_rested":1,"item_purchase_floors":[3,3,3,21,21,21],"current_hp_per_floor":[61,58,58,64,64,64,64,64,64,64,68,68,75,81,81,68,82,70,57,45,45,48,14,40,0],"gold":53,"neow_bonus":"TWO_FIFTY_GOLD","is_prod":false,"is_daily":false,"chose_seed":false,"campfire_upgraded":4,"win_rate":0,"timestamp":1562425007,"path_taken":["M","?","$","?","$","R","?","R","T","R","M","M","?","M","R","BOSS","M","?","M","$","M","E","R","E"],"build_version":"2019-07-05","purchased_purges":0,"victory":false,"max_hp_per_floor":[80,80,80,80,80,80,80,80,80,80,80,80,87,87,87,87,87,87,87,87,87,87,87,87,87],"card_choices":[{"not_picked":["Wild Strike","Dual Wield"],"picked":"Perfected Strike","floor":1.0},{"not_picked":["Body Slam","Sever Soul"],"picked":"Shrug It Off","floor":2.0},{"not_picked":["Entrench","Clothesline"],"picked":"Armaments","floor":4.0},{"not_picked":["Pommel Strike","Sword Boomerang"],"picked":"Perfected Strike","floor":11.0},{"not_picked":["Anger","Iron Wave","Impervious"],"picked":"SKIP","floor":12.0},{"not_picked":["Twin Strike","Second Wind"],"picked":"Flame Barrier","floor":14.0},{"not_picked":["Berserk","Impervious"],"picked":"Demon Form","floor":16.0},{"not_picked":["Anger","Warcry","Thunderclap"],"picked":"SKIP","floor":18.0},{"not_picked":["Shrug It Off","Flame Barrier"],"picked":"Seeing Red+1","floor":19.0},{"not_picked":["Inflame","Dropkick"],"picked":"Ghostly Armor","floor":20.0},{"not_picked":["Heavy Blade","Shockwave"],"picked":"Perfected Strike","floor":22},{"not_picked":["Wild Strike","Disarm"],"picked":"Uppercut","floor":23}],"player_experience":186422,"relics_obtained":[{"floor":9.0,"key":"Ancient Tea Set"},{"floor":19.0,"key":"Red Mask"},{"floor":23,"key":"Darkstone Periapt"}],"event_choices":[{"damage_healed":0.0,"max_hp_gain":0.0,"max_hp_loss":0.0,"gold_gain":0.0,"event_name":"Dead Adventurer","player_choice":"Searched \u00271\u0027 times","floor":13.0,"gold_loss":0.0,"damage_taken":0.0,"relics_obtained":["Strawberry"]},{"damage_healed":0.0,"max_hp_gain":0.0,"max_hp_loss":0.0,"gold_gain":0.0,"event_name":"Masked Bandits","player_choice":"Fought Bandits","floor":19.0,"gold_loss":0.0,"damage_taken":0.0}],"is_beta":false,"boss_relics":[{"not_picked":["Fusion Hammer","Runic Dome"],"picked":"Velvet Choker"}],"items_purged_floors":[],"is_endless":false,"potions_floor_spawned":[2,4,12,20,22],"killed_by":"Gremlin Leader","ascension_level":5}