{"gold_per_floor":[111,71,86,102,115,150,160,160,160,160,178,178,178,17,17,92,92,104,104,104,118,18,18,18],"floor_reached":24,"playtime":553,"items_purged":["Strike_B","Defend_B"],"score":392,"play_id":"18431418-d8f6-4153-a91b-68bae89a031e","local_time":"20190712012357","is_ascension_mode":true,"campfire_choices":[{"data":"Strike_B","floor":8,"key":"PURGE"},{"floor":10,"key":"REST"},{"data":"Strike_B","floor":12,"key":"PURGE"},{"data":"Defend_B","floor":15,"key":"PURGE"},{"floor":23,"key":"REST"}],"neow_cost":"PERCENT_DAMAGE","seed_source_timestamp":113695515921200,"circlet_count":0,"master_deck":["AscendersBane","Defend_B","Zap","Dualcast","Redo+1","Ball Lightning","Coolheaded","Conserve Battery","Echo Form","Defragment"],"relics":["Cracked Core","Peace Pipe","Oddly Smooth Stone","Regal Pillow","Cables","Empty Cage","Nilry\u0027s Codex"],"potions_floor_usage":[6,6,11,24],"damage_taken":[{"damage":4,"enemies":"Small Slimes","floor":1,"turns":3},{"damage":0,"enemies":"Cultist","floor":3,"turns":3},{"damage":3,"enemies":"2 Louse","floor":4,"turns":3},{"damage":14,"enemies":"Red Slaver","floor":5,"turns":3},{"damage":12,"enemies":"Gremlin Nob","floor":6,"turns":3},{"damage":9,"enemies":"Looter","floor":7,"turns":3},{"damage":4,"enemies":"Exordium Wildlife","floor":11,"turns":4},{"damage":1,"enemies":"The Guardian","floor":16,"turns":11},{"damage":12,"enemies":"Spheric Guardian","floor":18,"turns":5},{"damage":18,"enemies":"3 Byrds","floor":21,"turns":4},{"damage":52,"enemies":"Book of Stabbing","floor":24,"turns":3}],"seed_played":"-1502925772719585982","potions_obtained":[{"floor":2,"key":"SkillPotion"},{"floor":2,"key":"GamblersBrew"},{"floor":3,"key":"Explosive Potion"},{"floor":7,"key":"Block Potion"},{"floor":21,"key":"Poison Potion"}],"is_trial":false,"path_per_floor":["M","?","M","M","M","E","M","R","T","R","M","R","T","$","R","B",null,"M","?","?","M","$","R","E"],"character_chosen":"DEFECT","items_purchased":["Defragment"],"campfire_rested":2,"item_purchase_floors":[14],"current_hp_per_floor":[42,42,42,39,25,13,4,4,4,40,36,36,36,36,36,35,62,50,29,29,11,11,47,0],"gold":18,"neow_bonus":"ONE_RARE_RELIC","is_prod":false,"is_daily":false,"chose_seed":false,"campfire_upgraded":0,"win_rate":0,"timestamp":1562862237,"path_taken":["M","?","?","M","M","E","M","R","T","R","M","R","?","$","R","BOSS","M","?","?","?","$","R","E"],"build_version":"2019-07-05","purchased_purges":2,"victory":false,"max_hp_per_floor":[71,71,71,71,71,71,71,71,71,71,71,71,71,71,71,71,71,71,71,71,71,71,71,71],"card_choices":[{"not_picked":["Sweeping Beam","Conserve Battery"],"picked":"Redo","floor":1},{"not_picked":["Hello World","Lockon"],"picked":"Ball Lightning","floor":3},{"not_picked":["Cold Snap","Streamline"],"picked":"Coolheaded","floor":4},{"not_picked":["Ball Lightning","Conserve Battery","Sweeping Beam"],"picked":"SKIP","floor":5},{"not_picked":["Compile Driver","Turbo"],"picked":"Conserve Battery","floor":6},{"not_picked":["Chaos","Stack"],"picked":"Echo Form","floor":7},{"not_picked":["Beam Cell","Coolheaded","Redo"],"picked":"SKIP","floor":11},{"not_picked":["Streamline","Steam Power","Hello World"],"picked":"SKIP","floor":18},{"not_picked":["Hello World+1","Double Energy","Stack"],"picked":"SKIP","floor":21}],"player_experience":5650361,"relics_obtained":[{"floor":6,"key":"Oddly Smooth Stone"},{"floor":9,"key":"Regal Pillow"},{"floor":13,"key":"Cables"},{"floor":19,"key":"Nilry\u0027s Codex"}],"event_choices":[{"damage_healed":0,"gold_gain":0,"player_choice":"Bought 3 Potions","damage_taken":0,"max_hp_gain":0,"max_hp_loss":0,"event_name":"The Woman in Blue","floor":2,"gold_loss":0},{"damage_healed":0,"gold_gain":0,"player_choice":"Obtained Book","damage_taken":21,"max_hp_gain":0,"max_hp_loss":0,"event_name":"Cursed Tome","floor":19,"gold_loss":0},{"damage_healed":0,"gold_gain":0,"player_choice":"Forge","damage_taken":0,"max_hp_gain":0,"max_hp_loss":0,"event_name":"Accursed Blacksmith","floor":20,"gold_loss":0,"cards_upgraded":["Redo"]}],"is_beta":false,"boss_relics":[{"not_picked":["Lizard Tail","Calling Bell"],"picked":"Empty Cage"}],"items_purged_floors":[14,22],"is_endless":false,"potions_floor_spawned":[3,7,21],"killed_by":"Book of Stabbing","ascension_level":20}