{"gold_per_floor":[118,118,293,243,257,257,286,286,312,312,326,354,369,404,404,404],"floor_reached":16,"playtime":436,"items_purged":[],"score":124,"play_id":"f315ad1a-f441-4274-ae6f-d4f3d8611f7d","local_time":"20190720142216","is_ascension_mode":true,"campfire_choices":[{"floor":6,"key":"RECALL"},{"floor":8,"key":"REST"},{"data":"Static Discharge","floor":10,"key":"SMITH"},{"floor":15,"key":"REST"}],"neow_cost":"NONE","seed_source_timestamp":851006858870200,"circlet_count":0,"master_deck":["Strike_B","Strike_B","Strike_B","Defend_B","Defend_B","Defend_B","Zap","Dualcast","Static Discharge+1","Doubt","Capacitor","Storm","Recycle","Loop","Genetic Algorithm","Stack"],"relics":["Cracked Core","Mercury Hourglass","Bag of Marbles","Bag of Preparation"],"potions_floor_usage":[7,12,14],"damage_taken":[{"damage":0,"enemies":"Jaw Worm","floor":1,"turns":4},{"damage":5,"enemies":"Small Slimes","floor":5,"turns":4},{"damage":26,"enemies":"Lagavulin","floor":7,"turns":7},{"damage":0,"enemies":"2 Louse","floor":11,"turns":2},{"damage":20,"enemies":"Gremlin Nob","floor":12,"turns":3},{"damage":15,"enemies":"Looter","floor":13,"turns":3},{"damage":25,"enemies":"Lagavulin","floor":14,"turns":6},{"damage":32,"enemies":"The Guardian","floor":16,"turns":5}],"seed_played":"-7785556065774767923","potions_obtained":[{"floor":5,"key":"Fire Potion"},{"floor":11,"key":"Poison Potion"},{"floor":12,"key":"LiquidBronze"}],"is_trial":false,"path_per_floor":["M","?","?","?","M","R","E","R","T","R","M","E","M","E","R","B"],"character_chosen":"DEFECT","items_purchased":[],"campfire_rested":2,"item_purchase_floors":[],"current_hp_per_floor":[82,75,75,75,70,70,44,68,68,68,68,48,33,8,32,0],"gold":404,"neow_bonus":"TEN_PERCENT_HP_BONUS","is_prod":false,"is_daily":false,"chose_seed":false,"campfire_upgraded":1,"win_rate":0,"timestamp":1563650536,"path_taken":["M","?","?","?","M","R","E","R","T","R","M","E","M","E","R","BOSS"],"build_version":"2019-07-17","purchased_purges":0,"victory":false,"max_hp_per_floor":[82,82,82,82,82,82,82,82,82,82,82,82,82,82,82,82],"card_choices":[{"not_picked":["Gash","Heatsinks"],"picked":"Static Discharge","floor":1},{"not_picked":["Steam","Redo"],"picked":"Capacitor","floor":5},{"not_picked":["Auto Shields","Rainbow"],"picked":"Storm","floor":7},{"not_picked":["Ball Lightning","Conserve Battery"],"picked":"Recycle","floor":11},{"not_picked":["Leap","Echo Form"],"picked":"Loop","floor":12},{"not_picked":["Rebound","Beam Cell"],"picked":"Genetic Algorithm","floor":13},{"not_picked":["Steam","Beam Cell"],"picked":"Stack","floor":14}],"player_experience":115856,"relics_obtained":[{"floor":7,"key":"Mercury Hourglass"},{"floor":12,"key":"Bag of Marbles"},{"floor":14,"key":"Bag of Preparation"}],"event_choices":[{"cards_removed":["Defend_B"],"damage_healed":0,"gold_gain":0,"player_choice":"Card Removal","damage_taken":7,"max_hp_gain":0,"max_hp_loss":0,"event_name":"Golden Wing","floor":2,"gold_loss":0},{"damage_healed":0,"gold_gain":175,"player_choice":"AGREE","damage_taken":0,"max_hp_gain":0,"max_hp_loss":0,"event_name":"Liars Game","floor":3,"gold_loss":0,"cards_obtained":["Doubt"]},{"cards_removed":["Strike_B"],"damage_healed":0,"gold_gain":0,"player_choice":"Card Removal","damage_taken":0,"max_hp_gain":0,"max_hp_loss":0,"event_name":"The Cleric","floor":4,"gold_loss":50}],"is_beta":false,"boss_relics":[],"items_purged_floors":[],"is_endless":false,"potions_floor_spawned":[5,11,12],"killed_by":"The Guardian","ascension_level":1}