{"gold_per_floor":[116,116,116,41,116,116,116,132,155,155,172,172,191,208,208,208],"floor_reached":16,"playtime":347,"items_purged":["Defend_G"],"score":180,"play_id":"c51226f8-ad45-48c1-b25c-1ecb7d792a98","local_time":"20190612010333","is_ascension_mode":true,"campfire_choices":[{"data":"Tools of the Trade","floor":6,"key":"SMITH"},{"data":"Underhanded Strike","floor":12,"key":"SMITH"},{"floor":15,"key":"REST"}],"neow_cost":"TEN_PERCENT_HP_LOSS","seed_source_timestamp":1394941135583900,"circlet_count":0,"master_deck":["AscendersBane","Defend_G","Defend_G+1","Defend_G","Strike_G","Strike_G","Strike_G","Strike_G","Survivor+1","Neutralize","Footwork","Tools of the Trade+1","Escape Plan","Underhanded Strike+1","Infinite Blades","Underhanded Strike"],"relics":["Ring of the Snake","Lantern","FaceOfCleric"],"potions_floor_usage":[16,16],"damage_taken":[{"damage":0,"enemies":"2 Louse","floor":1,"turns":4},{"damage":0,"enemies":"Jaw Worm","floor":8,"turns":4},{"damage":6,"enemies":"Cultist","floor":11,"turns":4},{"damage":15,"enemies":"Large Slime","floor":13,"turns":7},{"damage":6,"enemies":"Lots of Slimes","floor":14,"turns":4},{"damage":18,"enemies":"Slime Boss","floor":16,"turns":7}],"seed_played":"8705331891246464046","potions_obtained":[{"floor":1,"key":"SteroidPotion"},{"floor":8,"key":"Energy Potion"},{"floor":13,"key":"FearPotion"}],"is_trial":false,"path_per_floor":["M","?","?","$","?","R","T","M","T","?","M","R","M","M","R","B"],"character_chosen":"THE_SILENT","items_purchased":[],"campfire_rested":1,"item_purchase_floors":[],"current_hp_per_floor":[59,59,41,41,30,30,30,30,30,30,25,25,11,6,24,6],"gold":208,"neow_bonus":"TRANSFORM_TWO_CARDS","is_prod":false,"is_daily":false,"chose_seed":false,"campfire_upgraded":2,"win_rate":0,"timestamp":1560269013,"path_taken":["M","?","?","$","?","R","?","?","T","?","M","R","M","M","R","BOSS"],"build_version":"2019-01-23","purchased_purges":1,"victory":false,"max_hp_per_floor":[60,60,60,60,60,60,60,60,60,60,61,61,62,63,63,63],"card_choices":[{"not_picked":["Backflip","Crippling Poison"],"picked":"Escape Plan","floor":1},{"not_picked":["Riddle With Holes","Footwork"],"picked":"Underhanded Strike","floor":8},{"not_picked":["Dodge and Roll","Acrobatics"],"picked":"Infinite Blades","floor":11},{"not_picked":["Acrobatics","Deflect"],"picked":"Underhanded Strike","floor":13},{"not_picked":["Cloak And Dagger","Prepared","Endless Agony"],"picked":"SKIP","floor":14}],"player_experience":5330997,"relics_obtained":[{"floor":9,"key":"Lantern"}],"event_choices":[{"damage_healed":0,"gold_gain":0,"player_choice":"Ignored","damage_taken":0,"max_hp_gain":0,"max_hp_loss":0,"event_name":"Liars Game","floor":2,"gold_loss":0},{"damage_healed":0,"gold_gain":0,"player_choice":"Entered Light","damage_taken":18,"max_hp_gain":0,"max_hp_loss":0,"event_name":"Shining Light","floor":3,"gold_loss":0,"cards_upgraded":["Defend_G","Survivor"]},{"damage_healed":0,"gold_gain":75,"player_choice":"Gather Gold","damage_taken":11,"max_hp_gain":0,"max_hp_loss":0,"event_name":"World of Goop","floor":5,"gold_loss":0},{"damage_healed":0,"gold_gain":0,"player_choice":"Trade","damage_taken":0,"relics_obtained":["FaceOfCleric"],"max_hp_gain":0,"max_hp_loss":0,"event_name":"FaceTrader","floor":10,"gold_loss":0}],"is_beta":false,"boss_relics":[],"items_purged_floors":[4],"is_endless":false,"potions_floor_spawned":[1,8,13],"killed_by":"Slime Boss","ascension_level":20}