{"gold_per_floor":[109,109,109,122,139,139,165,195,195,195,145,163,24,57,57,133,133,147,166,176,75,87,87,12,12,12,12,64,93,93,125,125,201,201,211,211,224,1,1,34,34,52,52,52,2,16,29,29,29,29,29],"floor_reached":52,"playtime":1938,"items_purged":["Strike_R","Strike_R","Strike_R","Defend_R","Pain"],"score":1802,"play_id":"7f42be4a-5abd-4973-ae23-9afd6454eda8","local_time":"20190208204949","is_ascension_mode":true,"campfire_choices":[{"data":"Twin Strike","floor":6.0,"key":"SMITH"},{"data":"Double Tap","floor":10.0,"key":"SMITH"},{"floor":15.0,"key":"REST"},{"floor":23.0,"key":"REST"},{"floor":25.0,"key":"REST"},{"floor":30.0,"key":"REST"},{"floor":32.0,"key":"REST"},{"floor":41.0,"key":"REST"},{"floor":44.0,"key":"REST"},{"floor":49.0,"key":"REST"}],"neow_cost":"NONE","seed_source_timestamp":91956186374462,"circlet_count":0,"master_deck":["AscendersBane","Defend_R","Defend_R","Defend_R","Bash+1","Pommel Strike","Anger","Twin Strike+1","Double Tap+1","Disarm","Inflame","Pommel Strike","Barricade","Twin Strike","Ghostly Armor+1","Shrug It Off","RitualDagger","Cleave+1","Ghostly Armor","Limit Break+1","Disarm","Rage","Pommel Strike"],"special_seed":0,"relics":["Burning Blood","Letter Opener","Smiling Mask","Mango","Bronze Scales","Fusion Hammer","Centennial Puzzle","Red Skull","Kunai","Bag of Marbles","Philosopher\u0027s Stone","Anchor","WarpedTongs","Question Card","Happy Flower"],"potions_floor_usage":[51,51],"damage_taken":[{"damage":8.0,"enemies":"Jaw Worm","floor":1.0,"turns":5.0},{"damage":9.0,"enemies":"2 Louse","floor":4.0,"turns":4.0},{"damage":10.0,"enemies":"Small Slimes","floor":5.0,"turns":3.0},{"damage":25.0,"enemies":"Lagavulin","floor":7.0,"turns":5.0},{"damage":8.0,"enemies":"Blue Slaver","floor":12.0,"turns":2.0},{"damage":30.0,"enemies":"3 Sentries","floor":14.0,"turns":6.0},{"damage":28.0,"enemies":"The Guardian","floor":16.0,"turns":8.0},{"damage":25.0,"enemies":"Spheric Guardian","floor":18.0,"turns":4.0},{"damage":3.0,"enemies":"3 Byrds","floor":19.0,"turns":3.0},{"damage":20.0,"enemies":"Sentry and Sphere","floor":20.0,"turns":4.0},{"damage":16.0,"enemies":"Chosen and Byrds","floor":22.0,"turns":6.0},{"damage":33.0,"enemies":"Gremlin Leader","floor":29.0,"turns":5.0},{"damage":29.0,"enemies":"Book of Stabbing","floor":31.0,"turns":4.0},{"damage":58.0,"enemies":"Champ","floor":33.0,"turns":11.0},{"damage":15.0,"enemies":"3 Shapes","floor":35.0,"turns":7.0},{"damage":22.0,"enemies":"3 Darklings","floor":37.0,"turns":6.0},{"damage":48.0,"enemies":"Reptomancer","floor":40.0,"turns":6.0},{"damage":2.0,"enemies":"Transient","floor":42.0,"turns":6.0},{"damage":34.0,"enemies":"Spire Growth","floor":46.0,"turns":4.0},{"damage":2.0,"enemies":"Writhing Mass","floor":47.0,"turns":5.0},{"damage":34.0,"enemies":"Time Eater","floor":50.0,"turns":9.0},{"damage":25,"enemies":"Awakened One","floor":51,"turns":7}],"seed_played":"-5759776234968532089","potions_obtained":[{"floor":1.0,"key":"Fruit Juice"},{"floor":12.0,"key":"PowerPotion"},{"floor":19.0,"key":"Explosive Potion"},{"floor":22.0,"key":"GamblersBrew"},{"floor":35.0,"key":"Regen Potion"},{"floor":42.0,"key":"PowerPotion"}],"is_trial":false,"path_per_floor":["M","?","?","M","M","R","E","?","T","R","$","M","$","E","R","B",null,"M","M","M","$","M","R","?","R","T","?","T","E","R","E","R","B",null,"M","?","M","$","?","E","R","M","T","R","$","M","M","$","R","B","B",null],"character_chosen":"IRONCLAD","items_purchased":["Inflame","Shrug It Off","Anchor"],"campfire_rested":8,"item_purchase_floors":[13,21,38],"current_hp_per_floor":[66,66,55,57,53,53,34,34,48,48,48,46,46,22,50,28,78,59,62,48,48,38,66,66,94,94,88,88,61,89,66,94,42,81,72,72,56,56,56,14,42,46,46,74,74,46,50,50,78,50,45],"gold":29,"neow_bonus":"REMOVE_CARD","is_prod":false,"is_daily":false,"chose_seed":false,"campfire_upgraded":2,"win_rate":0,"timestamp":1549658989,"path_taken":["M","?","?","M","M","R","E","?","T","R","?","M","$","E","R","BOSS","M","M","M","$","M","R","?","R","T","?","?","E","R","E","R","BOSS","M","?","?","$","?","E","R","M","T","R","$","?","M","?","R","BOSS","BOSS"],"build_version":"2019-01-23","purchased_purges":5,"victory":true,"max_hp_per_floor":[75,75,75,80,80,80,80,80,94,94,94,94,94,94,94,94,94,94,94,94,94,94,94,94,94,94,94,94,94,94,94,94,94,94,94,94,94,94,94,94,94,94,94,94,94,94,94,94,94,94,94],"card_choices":[{"not_picked":["Second Wind","Cleave"],"picked":"Pommel Strike","floor":1.0},{"not_picked":["Disarm","Pommel Strike"],"picked":"Anger","floor":4.0},{"not_picked":["Flex","Uppercut"],"picked":"Twin Strike","floor":5.0},{"not_picked":["Rampage","Armaments"],"picked":"Double Tap","floor":7.0},{"not_picked":["Havoc","Infernal Blade"],"picked":"Disarm","floor":12.0},{"not_picked":["Shockwave","Second Wind"],"picked":"Pommel Strike","floor":14.0},{"not_picked":["Double Tap","Juggernaut"],"picked":"Barricade","floor":16.0},{"not_picked":["Feel No Pain","Perfected Strike","Anger"],"picked":"SKIP","floor":18.0},{"not_picked":["Pommel Strike","Sword Boomerang"],"picked":"Twin Strike","floor":19.0},{"not_picked":["Sword Boomerang","True Grit"],"picked":"Ghostly Armor+1","floor":20.0},{"not_picked":["Entrench","Dual Wield","Combust"],"picked":"SKIP","floor":22.0},{"not_picked":["Heavy Blade","Thunderclap"],"picked":"Cleave+1","floor":29.0},{"not_picked":["Pommel Strike","Entrench"],"picked":"Ghostly Armor","floor":31.0},{"not_picked":["Immolate","Reaper"],"picked":"Limit Break","floor":33.0},{"not_picked":["Havoc+1","Blood for Blood"],"picked":"Disarm","floor":35.0},{"not_picked":["Clash","Havoc","Sword Boomerang+1"],"picked":"SKIP","floor":37.0},{"not_picked":["Bludgeon","Thunderclap","Perfected Strike"],"picked":"SKIP","floor":40.0},{"not_picked":["Clash","Thunderclap","Second Wind","Sword Boomerang"],"picked":"SKIP","floor":42.0},{"not_picked":["Twin Strike","Clothesline","Second Wind"],"picked":"Rage","floor":46.0},{"not_picked":["Second Wind+1","Body Slam","Blood for Blood"],"picked":"Pommel Strike","floor":47.0}],"player_experience":1191138,"relics_obtained":[{"floor":7.0,"key":"Smiling Mask"},{"floor":9.0,"key":"Mango"},{"floor":14.0,"key":"Bronze Scales"},{"floor":26.0,"key":"Centennial Puzzle"},{"floor":28.0,"key":"Red Skull"},{"floor":29.0,"key":"Kunai"},{"floor":31.0,"key":"Bag of Marbles"},{"floor":40.0,"key":"Question Card"},{"floor":43.0,"key":"Happy Flower"}],"event_choices":[{"damage_healed":0.0,"max_hp_gain":0.0,"max_hp_loss":0.0,"gold_gain":0.0,"event_name":"Living Wall","player_choice":"Grow","floor":2.0,"gold_loss":0.0,"damage_taken":0.0,"cards_upgraded":["Bash"]},{"damage_healed":0.0,"max_hp_gain":0.0,"max_hp_loss":0.0,"gold_gain":0.0,"event_name":"Scrap Ooze","player_choice":"Success","floor":3.0,"gold_loss":0.0,"damage_taken":11.0,"relics_obtained":["Letter Opener"]},{"damage_healed":0.0,"max_hp_gain":0.0,"max_hp_loss":0.0,"gold_gain":30.0,"event_name":"Dead Adventurer","player_choice":"Searched \u00271\u0027 times","floor":8.0,"gold_loss":0.0,"damage_taken":0.0},{"cards_removed":["Strike_R"],"damage_healed":0.0,"max_hp_gain":0.0,"max_hp_loss":0.0,"gold_gain":0.0,"event_name":"Beggar","player_choice":"Gave Gold","floor":24.0,"gold_loss":75.0,"damage_taken":0.0},{"damage_healed":0.0,"max_hp_gain":0.0,"max_hp_loss":0.0,"gold_gain":0.0,"event_name":"Nest","player_choice":"Joined the Cult","floor":27.0,"gold_loss":0.0,"damage_taken":6.0,"cards_obtained":["RitualDagger"]},{"damage_healed":0.0,"max_hp_gain":0.0,"max_hp_loss":0.0,"gold_gain":0.0,"event_name":"Upgrade Shrine","player_choice":"Upgraded","floor":36.0,"gold_loss":0.0,"damage_taken":0.0,"cards_upgraded":["Limit Break"]},{"damage_healed":0.0,"max_hp_gain":0.0,"max_hp_loss":0.0,"gold_gain":0.0,"event_name":"Accursed Blacksmith","player_choice":"Rummage","floor":39.0,"gold_loss":0.0,"damage_taken":0.0,"relics_obtained":["WarpedTongs"],"cards_obtained":["Pain"]}],"is_beta":false,"boss_relics":[{"not_picked":["Runic Cube","Mark of Pain"],"picked":"Fusion Hammer"},{"not_picked":["Calling Bell","Pandora\u0027s Box"],"picked":"Philosopher\u0027s Stone"}],"items_purged_floors":[11,13,21,38,45],"is_endless":false,"potions_floor_spawned":[1,12,19,22,35,42,46,47],"ascension_level":20}