{"gold_per_floor":[113,127,142,142,217,251,251,122,122,122,138,166,166,166,166,270,270,290,290,302,315,89,89,118,118,118,118,131,141,170,188,188,283,283,296,296,40,59,72,127,144,144,168,179,234,252,252,263,263,263],"floor_reached":51,"playtime":2043,"items_purged":["Regret","Bash"],"score":754,"play_id":"b8bbacf8-dde2-4188-b248-e15365a19849","local_time":"20181105212519","is_ascension_mode":false,"campfire_choices":[{"data":"Heavy Blade","floor":7,"key":"SMITH"},{"data":"Spot Weakness","floor":10,"key":"SMITH"},{"data":"Inflame","floor":13,"key":"SMITH"},{"data":"Flex","floor":15,"key":"SMITH"},{"data":"Heavy Blade","floor":23,"key":"SMITH"},{"data":"Pommel Strike","floor":25,"key":"SMITH"},{"data":"Double Tap","floor":27,"key":"SMITH"},{"floor":32,"key":"REST"},{"floor":42,"key":"REST"},{"floor":49,"key":"REST"}],"neow_cost":"","seed_source_timestamp":0,"circlet_count":0,"master_deck":["Strike_R","Strike_R","Strike_R","Strike_R","Defend_R","Defend_R+1","Defend_R+1","Defend_R","Heavy Blade+1","Ghostly Armor","Spot Weakness+1","Inflame+1","Flex+1","Flame Barrier","Pommel Strike+1","Demon Form+1","Sever Soul+1","Heavy Blade+1","Double Tap+1","Limit Break"],"special_seed":0,"relics":["Burning Blood","Blue Candle","Question Card","Frozen Egg 2","Mercury Hourglass","Busted Crown","Vajra","Gambling Chip","Bottled Lightning","Molten Egg 2","Sozu","Boot","Tiny Chest","Regal Pillow","Omamori"],"potions_floor_usage":[12,12,30,39,41,46],"damage_taken":[{"damage":4.0,"enemies":"Small Slimes","floor":1.0,"turns":3.0},{"damage":6,"enemies":"2 Louse","floor":2,"turns":3},{"damage":1,"enemies":"Cultist","floor":3,"turns":4},{"damage":15,"enemies":"3 Sentries","floor":6,"turns":9},{"damage":3,"enemies":"Red Slaver","floor":11,"turns":3},{"damage":10,"enemies":"Lagavulin","floor":12,"turns":6},{"damage":12,"enemies":"Slime Boss","floor":16,"turns":8},{"damage":16,"enemies":"3 Byrds","floor":18,"turns":4},{"damage":1,"enemies":"Chosen","floor":20,"turns":3},{"damage":11,"enemies":"3 Cultists","floor":21,"turns":5},{"damage":12,"enemies":"Gremlin Leader","floor":24,"turns":4},{"damage":10,"enemies":"Centurion and Healer","floor":28,"turns":6},{"damage":3,"enemies":"Snake Plant","floor":29,"turns":3},{"damage":30,"enemies":"Book of Stabbing","floor":30,"turns":3},{"damage":0,"enemies":"Chosen and Byrds","floor":31,"turns":3},{"damage":53,"enemies":"Automaton","floor":33,"turns":7},{"damage":16,"enemies":"Orb Walker","floor":35,"turns":3},{"damage":0,"enemies":"3 Shapes","floor":38,"turns":3},{"damage":0,"enemies":"Maw","floor":39,"turns":4},{"damage":30,"enemies":"Giant Head","floor":40,"turns":6},{"damage":24,"enemies":"Writhing Mass","floor":41,"turns":2},{"damage":26,"enemies":"Jaw Worm Horde","floor":44,"turns":3},{"damage":32,"enemies":"Maw","floor":46,"turns":5},{"damage":4,"enemies":"Spire Growth","floor":48,"turns":3},{"damage":63,"enemies":"Time Eater","floor":50,"turns":6}],"seed_played":"8113870632306387679","potions_obtained":[{"floor":1.0,"key":"BloodPotion"},{"floor":3,"key":"Fire Potion"},{"floor":16,"key":"BloodPotion"},{"floor":20,"key":"Regen Potion"},{"floor":33,"key":"AttackPotion"}],"is_trial":true,"path_per_floor":["M","M","M","?","?","E","R","$","T","R","M","E","R","?","R","B",null,"M","?","M","M","$","R","E","R","T","R","M","M","E","M","R","B",null,"M","?","$","M","M","E","M","R","T","M","T","M","?","M","R","B",null],"character_chosen":"IRONCLAD","items_purchased":["Flex","Regen Potion","Vajra","Boot"],"campfire_rested":3,"item_purchase_floors":[8,8,22,37],"current_hp_per_floor":[80,80,80,64,53,44,44,44,44,44,47,52,52,52,52,46,80,70,70,75,70,70,70,64,64,64,64,60,63,47,53,77,30,80,70,80,80,80,80,56,46,70,70,50,50,36,36,38,77,20],"gold":263,"neow_bonus":"","is_prod":false,"is_daily":false,"chose_seed":false,"campfire_upgraded":7,"win_rate":0,"timestamp":1541453119,"path_taken":["M","M","M","?","?","E","R","$","T","R","M","E","R","?","R","BOSS","M","?","M","M","$","R","E","R","T","R","M","M","E","M","R","BOSS","M","?","$","M","?","E","M","R","T","M","?","M","?","M","R","BOSS"],"build_version":"2018-11-01","purchased_purges":2,"victory":true,"max_hp_per_floor":[80,80,80,80,80,80,80,80,80,80,80,80,80,80,80,80,80,80,80,80,80,80,80,80,80,80,80,80,80,80,80,80,80,80,80,80,80,80,80,80,80,80,80,80,80,80,80,80,80,80],"card_choices":[{"not_picked":["Flame Barrier","Clothesline"],"picked":"Heavy Blade","floor":1.0},{"not_picked":["Clash","Headbutt"],"picked":"Ghostly Armor","floor":2},{"not_picked":["Perfected Strike","Pommel Strike"],"picked":"Spot Weakness","floor":3},{"not_picked":["Exhume","Blood for Blood"],"picked":"Inflame","floor":6},{"not_picked":["Perfected Strike","Flex","Second Wind"],"picked":"Flame Barrier","floor":11},{"not_picked":["Body Slam","Armaments","Heavy Blade"],"picked":"Pommel Strike","floor":12},{"not_picked":["Fiend Fire","Impervious","Brutality+1"],"picked":"Demon Form+1","floor":16},{"not_picked":["Iron Wave"],"picked":"Sever Soul+1","floor":18},{"not_picked":["Havoc"],"picked":"Heavy Blade","floor":20},{"not_picked":["Twin Strike"],"picked":"Double Tap","floor":21},{"not_picked":["Warcry"],"picked":"Burning Pact","floor":24},{"not_picked":["True Grit"],"picked":"Whirlwind+1","floor":28},{"not_picked":["Heavy Blade+1","Armaments"],"picked":"SKIP","floor":29},{"not_picked":["Second Wind","Bludgeon"],"picked":"SKIP","floor":30},{"not_picked":["Headbutt+1","Sword Boomerang+1"],"picked":"SKIP","floor":31},{"not_picked":["Dark Embrace+1"],"picked":"Limit Break","floor":33},{"not_picked":["Shockwave","Anger+1"],"picked":"SKIP","floor":35},{"not_picked":["Thunderclap+1","Perfected Strike+1"],"picked":"SKIP","floor":38},{"not_picked":["Warcry","Heavy Blade+1"],"picked":"SKIP","floor":39},{"not_picked":["Searing Blow+1","Sever Soul+1"],"picked":"SKIP","floor":40},{"not_picked":["Clothesline+1","Evolve+1"],"picked":"SKIP","floor":41},{"not_picked":["Havoc","Clash+1"],"picked":"SKIP","floor":44},{"not_picked":["Wild Strike+1","Anger+1"],"picked":"SKIP","floor":46},{"not_picked":["Evolve+1","Cleave+1"],"picked":"SKIP","floor":48}],"player_experience":159422,"relics_obtained":[{"floor":6,"key":"Blue Candle"},{"floor":9,"key":"Question Card"},{"floor":12,"key":"Frozen Egg 2"},{"floor":24,"key":"Gambling Chip"},{"floor":26,"key":"Bottled Lightning"},{"floor":30,"key":"Molten Egg 2"},{"floor":40,"key":"Tiny Chest"},{"floor":43,"key":"Regal Pillow"},{"floor":45,"key":"Omamori"}],"event_choices":[{"damage_healed":0,"gold_gain":0,"player_choice":"Entered Light","damage_taken":16,"max_hp_gain":0,"max_hp_loss":0,"event_name":"Shining Light","floor":4,"gold_loss":0,"cards_upgraded":["Defend_R","Defend_R"]},{"damage_healed":0,"gold_gain":75,"player_choice":"Gather Gold","damage_taken":11,"max_hp_gain":0,"max_hp_loss":0,"event_name":"World of Goop","floor":5,"gold_loss":0},{"damage_healed":0,"gold_gain":0,"player_choice":"Box","damage_taken":0,"relics_obtained":["Mercury Hourglass"],"max_hp_gain":0,"max_hp_loss":0,"event_name":"Big Fish","floor":14,"gold_loss":0,"cards_obtained":["Regret"]},{"cards_removed":["Strike_R"],"damage_healed":0,"gold_gain":0,"player_choice":"Purged","damage_taken":0,"max_hp_gain":0,"max_hp_loss":0,"event_name":"Purifier","floor":19,"gold_loss":0},{"cards_removed":["Burning Pact"],"damage_healed":10,"gold_gain":0,"player_choice":"Offered Uncommon","damage_taken":0,"max_hp_gain":0,"max_hp_loss":0,"event_name":"Bonfire Elementals","floor":36,"gold_loss":0},{"cards_removed":["Whirlwind"],"damage_healed":0,"gold_gain":0,"player_choice":"Removed Attack","damage_taken":0,"max_hp_gain":0,"max_hp_loss":0,"event_name":"Falling","floor":47,"gold_loss":0}],"is_beta":false,"boss_relics":[{"not_picked":["Tiny House","Calling Bell"],"picked":"Busted Crown"},{"not_picked":["Velvet Choker","Mark of Pain"],"picked":"Sozu"}],"items_purged_floors":[22,37],"is_endless":false,"potions_floor_spawned":[1,3,16,20,21,28,33,38,39,41,46],"ascension_level":0}