{"gold_per_floor":[115,126,126,143,143,143,68,68,121,146,157,157,188,208,208,286,286,301,326,241,166,129,129,142,142,166,224,224,257,274,286,286,359,359,374,374,30,45,145,145,163,188,188,188,188,201,201,215,215,215,215],"floor_reached":51,"playtime":2341,"items_purged":["Strike_B"],"score":1346,"play_id":"35d082a9-9b13-4874-80bb-e83994c89a52","local_time":"20190129173335","is_ascension_mode":true,"campfire_choices":[{"data":"Zap","floor":6.0,"key":"SMITH"},{"floor":8.0,"key":"REST"},{"floor":12.0,"key":"REST"},{"floor":15.0,"key":"REST"},{"data":"Double Energy","floor":23.0,"key":"SMITH"},{"data":"Static Discharge","floor":25.0,"key":"SMITH"},{"floor":32.0,"key":"REST"},{"data":"Madness","floor":40.0,"key":"SMITH"},{"floor":49.0,"key":"REST"}],"neow_cost":"NONE","seed_source_timestamp":19805820417061,"circlet_count":0,"master_deck":["AscendersBane","Strike_B+1","Defend_B","Defend_B","Defend_B","Defend_B","Zap+1","Dualcast","Sweeping Beam+1","Compile Driver+1","Static Discharge+1","Conserve Battery","Cold Snap","Double Energy+1","Seek","FTL","Streamline+1","BootSequence","Cold Snap","Capacitor","FTL+1","Defragment+1","Tempest","Electrodynamics+1","Coolheaded","Madness+1","Madness","Compile Driver","Sunder+1","Echo Form+1","Clumsy","Skim+1","Hologram"],"special_seed":0,"relics":["Cracked Core","DataDisk","Bag of Preparation","Whetstone","Runic Pyramid","Red Mask","Ginger","Tiny Chest","Frozen Egg 2","Regal Pillow","Cursed Key","Emotion Chip","Torii","Bronze Scales","Ornamental Fan"],"potions_floor_usage":[50,50],"damage_taken":[{"damage":9.0,"enemies":"Jaw Worm","floor":1.0,"turns":4.0},{"damage":9.0,"enemies":"2 Louse","floor":2.0,"turns":3.0},{"damage":7.0,"enemies":"Small Slimes","floor":4.0,"turns":3.0},{"damage":26.0,"enemies":"3 Sentries","floor":10.0,"turns":6.0},{"damage":5.0,"enemies":"Looter","floor":11.0,"turns":3.0},{"damage":32.0,"enemies":"Gremlin Nob","floor":13.0,"turns":3.0},{"damage":1.0,"enemies":"Blue Slaver","floor":14.0,"turns":3.0},{"damage":3.0,"enemies":"The Guardian","floor":16.0,"turns":14.0},{"damage":5.0,"enemies":"Spheric Guardian","floor":18.0,"turns":4.0},{"damage":19.0,"enemies":"Masked Bandits","floor":19.0,"turns":3.0},{"damage":2.0,"enemies":"Shell Parasite","floor":24.0,"turns":3.0},{"damage":21.0,"enemies":"Gremlin Leader","floor":27.0,"turns":6.0},{"damage":17.0,"enemies":"Slavers","floor":29.0,"turns":4.0},{"damage":2.0,"enemies":"3 Cultists","floor":30.0,"turns":5.0},{"damage":2.0,"enemies":"Sentry and Sphere","floor":31.0,"turns":4.0},{"damage":37.0,"enemies":"Automaton","floor":33.0,"turns":8.0},{"damage":0.0,"enemies":"3 Darklings","floor":35.0,"turns":3.0},{"damage":3.0,"enemies":"3 Shapes","floor":38.0,"turns":1.0},{"damage":0.0,"enemies":"Mind Bloom Boss Battle","floor":39.0,"turns":5.0},{"damage":8.0,"enemies":"Maw","floor":41.0,"turns":5.0},{"damage":29.0,"enemies":"Nemesis","floor":42.0,"turns":6.0},{"damage":0.0,"enemies":"Transient","floor":46.0,"turns":6.0},{"damage":0.0,"enemies":"Sphere and 2 Shapes","floor":48.0,"turns":3.0},{"damage":32,"enemies":"Donu and Deca","floor":50,"turns":4},{"damage":16,"enemies":"Time Eater","floor":51,"turns":2}],"seed_played":"639070391239354147","potions_obtained":[{"floor":1.0,"key":"FocusPotion"},{"floor":2.0,"key":"Energy Potion"},{"floor":19.0,"key":"Regen Potion"},{"floor":38.0,"key":"Fire Potion"},{"floor":48.0,"key":"GamblersBrew"}],"is_trial":false,"path_per_floor":["M","M","?","M","?","R","$","R","T","E","M","R","E","M","R","B",null,"M","?","?","?","$","R","M","R","T","E","T","E","M","M","R","B",null,"M","?","$","M","?","R","M","E","T","?","?","M","?","M","R","B","B"],"character_chosen":"DEFECT","items_purchased":["BootSequence","Emotion Chip"],"campfire_rested":5,"item_purchase_floors":[22,37],"current_hp_per_floor":[62,53,46,39,39,39,39,62,62,36,31,54,22,21,44,41,69,64,45,45,45,45,45,43,43,43,22,22,5,3,13,51,14,62,62,48,48,45,45,45,37,8,8,8,4,4,4,4,42,10,0],"gold":215,"neow_bonus":"TEN_PERCENT_HP_BONUS","is_prod":false,"is_daily":false,"chose_seed":false,"campfire_upgraded":4,"win_rate":0,"timestamp":1548783215,"path_taken":["M","M","?","M","?","R","?","R","T","E","M","R","E","M","R","BOSS","M","?","?","?","$","R","M","R","T","E","?","E","?","M","R","BOSS","M","?","$","M","?","R","M","E","T","?","?","?","?","M","R","BOSS","BOSS"],"build_version":"2019-01-23","purchased_purges":1,"victory":false,"max_hp_per_floor":[78,78,78,78,78,78,78,78,78,78,78,78,78,78,78,78,78,78,78,78,78,78,78,78,78,78,78,78,78,78,78,78,78,78,78,78,78,78,78,78,78,78,78,78,78,78,78,78,78,78,78],"card_choices":[{"not_picked":["Skim","Static Discharge"],"picked":"Sweeping Beam","floor":1.0},{"not_picked":["Heatsinks","Skim"],"picked":"Compile Driver","floor":2.0},{"not_picked":["Beam Cell","Consume"],"picked":"Conserve Battery","floor":4.0},{"not_picked":["Stack","Heatsinks"],"picked":"Static Discharge","floor":10.0},{"not_picked":["Beam Cell","Turbo"],"picked":"Conserve Battery","floor":11.0},{"not_picked":["Steam","Rebound"],"picked":"Cold Snap","floor":13.0},{"not_picked":["Conserve Battery","Streamline"],"picked":"Double Energy","floor":14.0},{"not_picked":["Thunder Strike","Rainbow"],"picked":"Seek","floor":16.0},{"not_picked":["Doom and Gloom","Conserve Battery"],"picked":"FTL","floor":18.0},{"not_picked":["Compile Driver","Static Discharge"],"picked":"Streamline+1","floor":19.0},{"not_picked":["Steam","Chaos"],"picked":"Cold Snap","floor":24.0},{"not_picked":["Reinforced Body","Turbo"],"picked":"Capacitor","floor":27.0},{"not_picked":["Scrape+1","Recycle"],"picked":"FTL+1","floor":29.0},{"not_picked":["Blizzard","Tempest"],"picked":"Defragment+1","floor":30.0},{"not_picked":["Redo","Storm+1"],"picked":"Tempest","floor":31.0},{"not_picked":["Thunder Strike","Creative AI+1"],"picked":"Electrodynamics+1","floor":33.0},{"not_picked":["Force Field","Go for the Eyes"],"picked":"Coolheaded","floor":35.0},{"not_picked":["Go for the Eyes","Conserve Battery"],"picked":"Compile Driver","floor":38.0},{"not_picked":["Conserve Battery","Compile Driver"],"picked":"Sunder+1","floor":39.0},{"not_picked":["Chaos","Fusion+1","Rebound"],"picked":"SKIP","floor":41.0},{"not_picked":["Compile Driver","Sunder"],"picked":"Echo Form+1","floor":42.0},{"not_picked":["Leap","Rebound+1"],"picked":"Skim+1","floor":46.0},{"not_picked":["Ball Lightning","Streamline"],"picked":"Hologram","floor":48.0}],"player_experience":1171148,"relics_obtained":[{"floor":9.0,"key":"DataDisk"},{"floor":10.0,"key":"Bag of Preparation"},{"floor":13.0,"key":"Whetstone"},{"floor":19.0,"key":"Red Mask"},{"floor":27.0,"key":"Tiny Chest"},{"floor":28.0,"key":"Frozen Egg 2"},{"floor":29.0,"key":"Regal Pillow"},{"floor":39.0,"key":"Torii"},{"floor":42.0,"key":"Bronze Scales"},{"floor":43.0,"key":"Ornamental Fan"}],"event_choices":[{"cards_removed":["Strike_B"],"damage_healed":0.0,"max_hp_gain":0.0,"max_hp_loss":0.0,"gold_gain":0.0,"event_name":"Golden Wing","player_choice":"Card Removal","floor":3.0,"gold_loss":0.0,"damage_taken":7.0},{"damage_healed":0.0,"max_hp_gain":0.0,"max_hp_loss":0.0,"gold_gain":0.0,"event_name":"Living Wall","player_choice":"Grow","floor":5.0,"gold_loss":0.0,"damage_taken":0.0,"cards_upgraded":["Sweeping Beam"]},{"damage_healed":0.0,"max_hp_gain":0.0,"max_hp_loss":0.0,"gold_gain":0.0,"event_name":"Masked Bandits","player_choice":"Fought Bandits","floor":19.0,"gold_loss":0.0,"damage_taken":0.0},{"damage_healed":0.0,"max_hp_gain":0.0,"max_hp_loss":0.0,"gold_gain":0.0,"event_name":"Addict","player_choice":"Obtained Relic","floor":20.0,"gold_loss":85.0,"damage_taken":0.0,"relics_obtained":["Ginger"]},{"cards_removed":["Strike_B"],"damage_healed":0.0,"max_hp_gain":0.0,"max_hp_loss":0.0,"gold_gain":0.0,"event_name":"Beggar","player_choice":"Gave Gold","floor":21.0,"gold_loss":75.0,"damage_taken":0.0},{"damage_healed":0.0,"max_hp_gain":0.0,"max_hp_loss":0.0,"gold_gain":0.0,"event_name":"Winding Halls","player_choice":"Embrace Madness","floor":36.0,"gold_loss":0.0,"damage_taken":14.0,"cards_obtained":["Madness","Madness"]},{"damage_healed":0.0,"max_hp_gain":0.0,"max_hp_loss":0.0,"gold_gain":0.0,"event_name":"MindBloom","player_choice":"Fight","floor":39.0,"gold_loss":0.0,"damage_taken":0.0},{"cards_removed":["Conserve Battery"],"damage_healed":0.0,"max_hp_gain":0.0,"max_hp_loss":0.0,"gold_gain":0.0,"event_name":"Falling","player_choice":"Removed Skill","floor":44.0,"gold_loss":0.0,"damage_taken":0.0},{"damage_healed":0.0,"max_hp_gain":0.0,"max_hp_loss":0.0,"gold_gain":0.0,"event_name":"The Woman in Blue","player_choice":"Bought 0 Potions","floor":45.0,"gold_loss":0.0,"damage_taken":0.0},{"damage_healed":0.0,"max_hp_gain":0.0,"max_hp_loss":0.0,"gold_gain":0.0,"event_name":"Mysterious Sphere","player_choice":"Ignored","floor":47.0,"gold_loss":0.0,"damage_taken":0.0}],"is_beta":false,"boss_relics":[{"not_picked":["Astrolabe","Pandora\u0027s Box"],"picked":"Runic Pyramid"},{"not_picked":["Busted Crown","Eternal Feather"],"picked":"Cursed Key"}],"items_purged_floors":[7],"is_endless":false,"potions_floor_spawned":[1,2,16,18,19,29,38,42,48],"killed_by":"Time Eater","ascension_level":20}