{"gold_per_floor":[116,116,135,145,145,145,162,237,237,6,6,23,52,52,52,173,173,194,142,142,67,85,85],"floor_reached":23,"playtime":1253,"items_purged":[],"score":189,"play_id":"25d68823-193c-4c86-b77b-1949fcc6d9ca","local_time":"20181229193653","is_ascension_mode":false,"campfire_choices":[{"floor":6.0,"key":"RECALL"},{"floor":11.0,"key":"REST"},{"floor":15.0,"key":"REST"}],"neow_cost":"TEN_PERCENT_HP_LOSS","seed_source_timestamp":0,"circlet_count":0,"master_deck":["Defend_G","Defend_G","Defend_G","Defend_G","Strike_G+1","Survivor","Neutralize+1","Dodge and Roll","Poisoned Stab+1","Quick Slash","Noxious Fumes","Noxious Fumes","Transmutation","Poisoned Stab","All Out Attack","Cloak And Dagger","Adrenaline","Cloak And Dagger","Dagger Spray"],"special_seed":0,"relics":["Ring of the Snake","Dodecahedron","Golden Idol","Empty Cage"],"potions_floor_usage":[23,23],"damage_taken":[{"damage":0.0,"enemies":"2 Louse","floor":1.0,"turns":2.0},{"damage":0.0,"enemies":"Small Slimes","floor":3.0,"turns":4.0},{"damage":0.0,"enemies":"Cultist","floor":4.0,"turns":3.0},{"damage":6.0,"enemies":"Lots of Slimes","floor":7.0,"turns":4.0},{"damage":9.0,"enemies":"Exordium Thugs","floor":12.0,"turns":5.0},{"damage":20.0,"enemies":"Gremlin Nob","floor":13.0,"turns":4.0},{"damage":32.0,"enemies":"The Guardian","floor":16.0,"turns":10.0},{"damage":8.0,"enemies":"Shell Parasite","floor":18.0,"turns":6.0},{"damage":13.0,"enemies":"Colosseum Slavers","floor":20.0,"turns":3.0},{"damage":10.0,"enemies":"Spheric Guardian","floor":22.0,"turns":5.0},{"damage":22,"enemies":"Slavers","floor":23,"turns":3}],"seed_played":"-7980043976849597104","potions_obtained":[{"floor":3.0,"key":"SteroidPotion"},{"floor":12.0,"key":"Swift Potion"},{"floor":16.0,"key":"Poison Potion"},{"floor":18.0,"key":"PowerPotion"},{"floor":22.0,"key":"Poison Potion"}],"is_trial":false,"path_per_floor":["M","?","M","M","?","R","M","?","T","$","R","M","E","?","R","B",null,"M","$","?","?","M","E"],"character_chosen":"THE_SILENT","items_purchased":["Transmutation","Poisoned Stab","Dagger Spray"],"campfire_rested":2,"item_purchase_floors":[10,10,19],"current_hp_per_floor":[63,63,63,63,50,50,44,33,33,33,51,42,22,22,39,7,58,50,50,37,37,27,5],"gold":85,"neow_bonus":"TRANSFORM_TWO_CARDS","is_prod":false,"is_daily":false,"chose_seed":false,"campfire_upgraded":0,"win_rate":0,"timestamp":1546141013,"path_taken":["M","?","M","M","?","R","M","?","T","$","R","M","E","?","R","BOSS","M","$","?","?","M","E"],"build_version":"2018-12-20","purchased_purges":0,"victory":false,"max_hp_per_floor":[63,63,63,63,63,63,63,63,63,63,63,63,63,58,58,58,58,58,58,58,58,58,58],"card_choices":[{"not_picked":["Outmaneuver","Acrobatics"],"picked":"Quick Slash","floor":1.0},{"not_picked":["Slice","Choke","Setup"],"picked":"SKIP","floor":3.0},{"not_picked":["Escape Plan","Masterful Stab"],"picked":"Noxious Fumes","floor":4.0},{"not_picked":["Skewer","Deadly Poison"],"picked":"Noxious Fumes","floor":7.0},{"not_picked":["Acrobatics","Endless Agony"],"picked":"All Out Attack","floor":12.0},{"not_picked":["Distraction","Corpse Explosion"],"picked":"Cloak And Dagger","floor":13.0},{"not_picked":["Burst","Malaise"],"picked":"Adrenaline","floor":16.0},{"not_picked":["Blade Dance","Noxious Fumes+1"],"picked":"Cloak And Dagger","floor":18.0},{"not_picked":["Calculated Gamble","Backflip","Acrobatics+1"],"picked":"SKIP","floor":22.0}],"player_experience":377677,"relics_obtained":[{"floor":13.0,"key":"Dodecahedron"}],"event_choices":[{"damage_healed":0.0,"max_hp_gain":0.0,"max_hp_loss":0.0,"gold_gain":0.0,"event_name":"Living Wall","player_choice":"Grow","floor":2.0,"gold_loss":0.0,"damage_taken":0.0,"cards_upgraded":["Neutralize"]},{"damage_healed":0.0,"max_hp_gain":0.0,"max_hp_loss":0.0,"gold_gain":0.0,"event_name":"Shining Light","player_choice":"Entered Light","floor":5.0,"gold_loss":0.0,"damage_taken":13.0,"cards_upgraded":["Poisoned Stab","Strike_G"]},{"damage_healed":0.0,"max_hp_gain":0.0,"max_hp_loss":0.0,"gold_gain":75.0,"event_name":"World of Goop","player_choice":"Gather Gold","floor":8.0,"gold_loss":0.0,"damage_taken":11.0},{"damage_healed":0.0,"max_hp_gain":0.0,"max_hp_loss":5.0,"gold_gain":0.0,"event_name":"Golden Idol","player_choice":"Lose Max HP","floor":14.0,"gold_loss":0.0,"damage_taken":0.0,"relics_obtained":["Golden Idol"]},{"damage_healed":0.0,"max_hp_gain":0.0,"max_hp_loss":0.0,"gold_gain":0.0,"event_name":"Colosseum","player_choice":"Fight","floor":20.0,"gold_loss":0.0,"damage_taken":0.0},{"damage_healed":0.0,"max_hp_gain":0.0,"max_hp_loss":0.0,"gold_gain":0.0,"event_name":"Colosseum","player_choice":"Fled From Nobs","floor":20.0,"gold_loss":0.0,"damage_taken":0.0},{"cards_removed":["Strike_G"],"damage_healed":0.0,"max_hp_gain":0.0,"max_hp_loss":0.0,"gold_gain":0.0,"event_name":"Beggar","player_choice":"Gave Gold","floor":21.0,"gold_loss":75.0,"damage_taken":0.0}],"is_beta":false,"boss_relics":[{"not_picked":["Astrolabe","Philosopher\u0027s Stone"],"picked":"Empty Cage"}],"items_purged_floors":[],"is_endless":false,"potions_floor_spawned":[3,12,16,18,22],"killed_by":"Slavers","ascension_level":0}