{"gold_per_floor":[113,113,126,186,204,239,256,267,267,279,341,353,128,228,228,302,302,322,114,176,190,204,204,230,243,319,369,369,383,383,396,396,474,474,486,486],"floor_reached":36,"playtime":1504,"items_purged":["Strike_R","Strike_R"],"score":826,"play_id":"ec58e5d8-91f4-4ef6-9c3d-00e42564ca86","local_time":"20190117202224","is_ascension_mode":true,"campfire_choices":[{"data":"Limit Break","floor":10.0,"key":"SMITH"},{"floor":12.0,"key":"REST"},{"floor":15.0,"key":"REST"},{"floor":23.0,"key":"REST"},{"floor":28.0,"key":"REST"},{"floor":30.0,"key":"REST"},{"data":"Heavy Blade","floor":32.0,"key":"SMITH"}],"neow_cost":"NONE","seed_source_timestamp":88530525200889,"circlet_count":0,"master_deck":["AscendersBane","Strike_R","Strike_R","Strike_R+1","Defend_R","Defend_R","Defend_R","Defend_R","Bash","Inflame","Pommel Strike","Anger","Twin Strike","Metallicize","Flame Barrier+1","Limit Break+1","Pommel Strike","Inflame","Pommel Strike","Limit Break","Heavy Blade","Seeing Red","Twin Strike","Seeing Red","Twin Strike+1","Headbutt","Heavy Blade+1","Clothesline","Heavy Blade+1","Whirlwind","Fiend Fire"],"special_seed":0,"relics":["Black Blood","SsserpentHead","Dream Catcher","Vajra","Runic Pyramid","Bag of Preparation","Juzu Bracelet","Bottled Flame","Nloth\u0027s Gift"],"potions_floor_usage":[36],"damage_taken":[{"damage":4.0,"enemies":"Jaw Worm","floor":1.0,"turns":4.0},{"damage":12.0,"enemies":"Cultist","floor":3.0,"turns":4.0},{"damage":9.0,"enemies":"Small Slimes","floor":4.0,"turns":3.0},{"damage":7.0,"enemies":"Exordium Wildlife","floor":5.0,"turns":3.0},{"damage":27.0,"enemies":"3 Sentries","floor":6.0,"turns":9.0},{"damage":2.0,"enemies":"2 Fungi Beasts","floor":7.0,"turns":4.0},{"damage":15.0,"enemies":"Lots of Slimes","floor":8.0,"turns":3.0},{"damage":6.0,"enemies":"The Guardian","floor":16.0,"turns":10.0},{"damage":7.0,"enemies":"3 Byrds","floor":18.0,"turns":2.0},{"damage":0.0,"enemies":"Chosen","floor":20.0,"turns":3.0},{"damage":30.0,"enemies":"Snake Plant","floor":21.0,"turns":4.0},{"damage":30.0,"enemies":"Shelled Parasite and Fungi","floor":22.0,"turns":4.0},{"damage":47.0,"enemies":"Book of Stabbing","floor":24.0,"turns":4.0},{"damage":0.0,"enemies":"Snecko","floor":25.0,"turns":3.0},{"damage":17.0,"enemies":"Chosen and Byrds","floor":29.0,"turns":6.0},{"damage":9.0,"enemies":"Centurion and Healer","floor":31.0,"turns":3.0},{"damage":40.0,"enemies":"Automaton","floor":33.0,"turns":5.0},{"damage":25.0,"enemies":"3 Shapes","floor":35.0,"turns":5.0},{"damage":57,"enemies":"3 Darklings","floor":36,"turns":4}],"seed_played":"174941896465846279","potions_obtained":[{"floor":3.0,"key":"PowerPotion"},{"floor":5.0,"key":"Fire Potion"},{"floor":21.0,"key":"Strength Potion"},{"floor":24.0,"key":"SneckoOil"},{"floor":25.0,"key":"SpeedPotion"},{"floor":29.0,"key":"Energy Potion"},{"floor":33.0,"key":"Strength Potion"}],"is_trial":false,"path_per_floor":["M","?","M","M","M","E","M","M","T","R","?","R","$","?","R","B",null,"M","$","M","M","M","R","E","M","T","?","R","M","R","M","R","B",null,"M","M"],"character_chosen":"IRONCLAD","items_purchased":["Vajra","Inflame","Bag of Preparation"],"campfire_rested":5,"item_purchase_floors":[13,13,19],"current_hp_per_floor":[70,70,64,61,60,39,43,34,34,34,11,33,33,33,55,55,70,69,69,75,51,27,49,8,14,14,14,36,25,47,44,44,10,59,44,0],"gold":486,"neow_bonus":"THREE_CARDS","is_prod":false,"is_daily":false,"chose_seed":false,"campfire_upgraded":2,"win_rate":0,"timestamp":1547756544,"path_taken":["M","?","M","?","M","E","M","M","T","R","?","R","?","?","R","BOSS","M","?","?","M","M","R","E","M","T","?","R","M","R","M","R","BOSS","M","M"],"build_version":"2019-01-10","purchased_purges":2,"victory":false,"max_hp_per_floor":[75,75,75,75,75,75,75,75,75,75,75,75,75,75,75,75,75,75,75,75,75,75,75,75,75,75,75,75,75,75,75,75,75,75,75,75],"card_choices":[{"not_picked":["Rupture","Anger"],"picked":"Inflame","floor":0.0},{"not_picked":["Evolve","Iron Wave"],"picked":"Pommel Strike","floor":1.0},{"not_picked":["Thunderclap","Cleave"],"picked":"Anger","floor":3.0},{"not_picked":["Cleave","Clash"],"picked":"Twin Strike","floor":4.0},{"not_picked":["Dropkick","Carnage"],"picked":"Metallicize","floor":5.0},{"not_picked":["Headbutt","Dual Wield"],"picked":"Flame Barrier","floor":6.0},{"not_picked":["Perfected Strike","Second Wind","Sentinel"],"picked":"SKIP","floor":7.0},{"not_picked":["Carnage","Pommel Strike"],"picked":"Limit Break","floor":8.0},{"not_picked":["Carnage","Cleave"],"picked":"Pommel Strike","floor":12.0},{"not_picked":["Cleave","Dropkick"],"picked":"Pommel Strike","floor":15.0},{"not_picked":["Barricade","Brutality"],"picked":"Limit Break","floor":16.0},{"not_picked":["Anger","Intimidate"],"picked":"Heavy Blade","floor":18.0},{"not_picked":["Evolve","Clash+1"],"picked":"Seeing Red","floor":20.0},{"not_picked":["Wild Strike","Flex"],"picked":"Twin Strike","floor":21.0},{"not_picked":["Evolve","Iron Wave"],"picked":"Seeing Red","floor":22.0},{"not_picked":["Brutality","Havoc"],"picked":"Twin Strike+1","floor":23.0},{"not_picked":["Reckless Charge","Warcry"],"picked":"Headbutt","floor":24.0},{"not_picked":["Clash","Power Through"],"picked":"Heavy Blade","floor":25.0},{"not_picked":["Headbutt","Cleave"],"picked":"Clothesline","floor":29.0},{"not_picked":["Anger","Clash"],"picked":"Heavy Blade+1","floor":30.0},{"not_picked":["Headbutt","Infernal Blade"],"picked":"Whirlwind","floor":31.0},{"not_picked":["Berserk","Juggernaut"],"picked":"Fiend Fire","floor":33.0},{"not_picked":["Perfected Strike","Anger","Wild Strike+1"],"picked":"SKIP","floor":35.0}],"player_experience":1145435,"relics_obtained":[{"floor":6.0,"key":"Dream Catcher"},{"floor":9.0,"key":"MawBank"},{"floor":24.0,"key":"Juzu Bracelet"},{"floor":26.0,"key":"Bottled Flame"}],"event_choices":[{"damage_healed":0.0,"max_hp_gain":0.0,"max_hp_loss":0.0,"gold_gain":0.0,"event_name":"FaceTrader","player_choice":"Trade","floor":2.0,"gold_loss":0.0,"damage_taken":0.0,"relics_obtained":["SsserpentHead"]},{"damage_healed":0.0,"max_hp_gain":0.0,"max_hp_loss":0.0,"gold_gain":0.0,"event_name":"Shining Light","player_choice":"Entered Light","floor":11.0,"gold_loss":0.0,"damage_taken":23.0,"cards_upgraded":["Strike_R","Flame Barrier"]},{"damage_healed":0.0,"max_hp_gain":0.0,"max_hp_loss":0.0,"gold_gain":50.0,"event_name":"Golden Shrine","player_choice":"Pray","floor":14.0,"gold_loss":0.0,"damage_taken":0.0},{"damage_healed":0.0,"max_hp_gain":0.0,"max_hp_loss":0.0,"gold_gain":0.0,"event_name":"N\u0027loth","player_choice":"Traded Relic","floor":27.0,"relics_lost":["MawBank"],"gold_loss":0.0,"damage_taken":0.0,"relics_obtained":["Nloth\u0027s Gift"]}],"is_beta":false,"boss_relics":[{"not_picked":["Eternal Feather","Lizard Tail"],"picked":"Runic Pyramid"},{"not_picked":["Astrolabe","Calling Bell"],"picked":"Black Blood"}],"items_purged_floors":[13,19],"is_endless":false,"potions_floor_spawned":[3,5,21,24,25,29,31,33,35],"killed_by":"3 Darklings","ascension_level":20}