{"gold_per_floor":[116,116,134,59,73,98,98,112,135,135,170,200,213,225,225,299,299,309,326,326,326,338,338,351,351,351,351,363,16,16],"floor_reached":30,"playtime":1202,"items_purged":["Strike_B","Strike_B"],"score":480,"play_id":"bcc4f4eb-f945-4bcb-a97a-9d1e22a8681e","local_time":"20190429170218","is_ascension_mode":true,"campfire_choices":[{"data":"Zap","floor":7,"key":"SMITH"},{"data":"Gash","floor":10,"key":"SMITH"},{"floor":12,"key":"DIG"},{"floor":15,"key":"REST"},{"floor":23,"key":"DIG"},{"floor":25,"key":"DIG"},{"floor":28,"key":"DIG"}],"neow_cost":"NONE","seed_source_timestamp":513063975707500,"circlet_count":0,"master_deck":["AscendersBane","Strike_B","Strike_B","Defend_B","Defend_B","Defend_B","Defend_B","Zap+1","Dualcast","Ball Lightning","Compile Driver","Barrage","Gash+1","Coolheaded","Leap","Go for the Eyes","Gash","Electrodynamics","Sweeping Beam+1","Genetic Algorithm","RitualDagger","Beam Cell","Tempest+1","Self Repair+1"],"relics":["Cracked Core","NeowsBlessing","Happy Flower","Vajra","Art of War","Shovel","Tiny Chest","Nuclear Battery","Strawberry","Omamori","Frozen Egg 2","MawBank","Symbiotic Virus","DataDisk"],"potions_floor_usage":[6,14,30,30],"damage_taken":[{"damage":0,"enemies":"Cultist","floor":1,"turns":1},{"damage":0,"enemies":"Jaw Worm","floor":3,"turns":1},{"damage":0,"enemies":"2 Louse","floor":5,"turns":1},{"damage":25,"enemies":"Lagavulin","floor":6,"turns":5},{"damage":8,"enemies":"Blue Slaver","floor":8,"turns":2},{"damage":23,"enemies":"3 Sentries","floor":11,"turns":6},{"damage":0,"enemies":"Large Slime","floor":13,"turns":3},{"damage":2,"enemies":"2 Fungi Beasts","floor":14,"turns":4},{"damage":22,"enemies":"The Guardian","floor":16,"turns":11},{"damage":20,"enemies":"Chosen","floor":18,"turns":4},{"damage":0,"enemies":"3 Byrds","floor":19,"turns":2},{"damage":29,"enemies":"Sentry and Sphere","floor":22,"turns":4},{"damage":9,"enemies":"Centurion and Healer","floor":24,"turns":5},{"damage":19,"enemies":"Snake Plant","floor":30,"turns":1}],"seed_played":"-1024536722067504619","potions_obtained":[{"floor":1,"key":"Explosive Potion"},{"floor":5,"key":"Fruit Juice"},{"floor":13,"key":"Swift Potion"},{"floor":16,"key":"PowerPotion"},{"floor":19,"key":"Fire Potion"}],"is_trial":false,"path_per_floor":["M","T","M","$","M","E","R","M","T","R","E","R","M","M","R","B",null,"M","M","?","?","M","R","M","R","T","T","R","$","M"],"character_chosen":"DEFECT","items_purchased":["DataDisk","Self Repair+1"],"campfire_rested":1,"item_purchase_floors":[29,29],"current_hp_per_floor":[64,64,64,64,64,44,44,36,36,36,13,13,13,11,33,11,60,40,40,55,49,20,27,18,18,18,18,18,18,0],"gold":16,"neow_bonus":"THREE_ENEMY_KILL","is_prod":false,"is_daily":false,"chose_seed":false,"campfire_upgraded":2,"win_rate":0,"timestamp":1556553738,"path_taken":["M","?","M","$","?","E","R","M","T","R","E","R","M","M","R","BOSS","M","M","?","?","M","R","M","R","T","?","R","$","M"],"build_version":"2019-01-23","purchased_purges":2,"victory":false,"max_hp_per_floor":[71,71,71,71,71,76,76,76,76,76,76,76,76,76,76,76,76,76,76,76,76,76,83,83,83,83,83,83,83,83],"card_choices":[{"not_picked":["Heatsinks","Blizzard"],"picked":"Ball Lightning","floor":1},{"not_picked":["Heatsinks","Conserve Battery"],"picked":"Compile Driver","floor":3},{"not_picked":["Blizzard","Skim"],"picked":"Barrage","floor":5},{"not_picked":["Scrape","Thunder Strike"],"picked":"Gash","floor":6},{"not_picked":["Redo","Beam Cell"],"picked":"Coolheaded","floor":8},{"not_picked":["Beam Cell","Heatsinks"],"picked":"Leap","floor":11},{"not_picked":["Turbo","Hologram"],"picked":"Go for the Eyes","floor":13},{"not_picked":["Streamline","Leap"],"picked":"Gash","floor":14},{"not_picked":["Multi-Cast","Machine Learning"],"picked":"Electrodynamics","floor":16},{"not_picked":["Hologram","Leap"],"picked":"Sweeping Beam+1","floor":18},{"not_picked":["Steam","Turbo"],"picked":"Genetic Algorithm","floor":19},{"not_picked":["Streamline","Go for the Eyes"],"picked":"Beam Cell","floor":22},{"not_picked":["Genetic Algorithm","Go for the Eyes"],"picked":"Tempest+1","floor":24}],"player_experience":1319932,"relics_obtained":[{"floor":2,"key":"Happy Flower"},{"floor":6,"key":"Vajra"},{"floor":9,"key":"Art of War"},{"floor":11,"key":"Shovel"},{"floor":12,"key":"Tiny Chest"},{"floor":23,"key":"Strawberry"},{"floor":25,"key":"Omamori"},{"floor":26,"key":"Frozen Egg 2"},{"floor":27,"key":"MawBank"},{"floor":28,"key":"Symbiotic Virus"}],"event_choices":[{"damage_healed":15,"gold_gain":0,"player_choice":"Heal","damage_taken":0,"max_hp_gain":0,"max_hp_loss":0,"event_name":"The Library","floor":20,"gold_loss":0},{"damage_healed":0,"gold_gain":0,"player_choice":"Joined the Cult","damage_taken":6,"max_hp_gain":0,"max_hp_loss":0,"event_name":"Nest","floor":21,"gold_loss":0,"cards_obtained":["RitualDagger"]}],"is_beta":false,"boss_relics":[{"not_picked":["Inserter","Velvet Choker"],"picked":"Nuclear Battery"}],"items_purged_floors":[4,29],"is_endless":false,"potions_floor_spawned":[1,5,13,16,19,22],"killed_by":"Snake Plant","ascension_level":20}