{"gold_per_floor":[112,128,40,40,59,59,92,103,128,128,146,146,173,191,191,270,270,285,285,384,397,408,435,435,446,470,470,499,499,515,535,535,612,612,626,50,50,68,0,33,33,63,63,90,90,190,190,201,201,201],"floor_reached":51,"playtime":3397,"items_purged":[],"score":1378,"play_id":"d4fdf854-57ed-48c3-bd50-ea93fc091ca0","local_time":"20190514195513","is_ascension_mode":true,"campfire_choices":[{"data":"Distraction","floor":6.0,"key":"SMITH"},{"data":"Footwork","floor":10.0,"key":"SMITH"},{"data":"Cloak And Dagger","floor":12.0,"key":"SMITH"},{"data":"Envenom","floor":15.0,"key":"SMITH"},{"data":"Adrenaline","floor":24.0,"key":"SMITH"},{"floor":27.0,"key":"REST"},{"data":"Cloak And Dagger","floor":29.0,"key":"SMITH"},{"floor":32.0,"key":"REST"},{"data":"After Image","floor":41.0,"key":"SMITH"},{"data":"Regret","floor":47.0,"key":"PURGE"},{"data":"Parasite","floor":49.0,"key":"PURGE"}],"neow_cost":"NONE","seed_source_timestamp":3015717761817750,"circlet_count":0,"master_deck":["AscendersBane","Defend_G","Defend_G","Defend_G","Defend_G","Defend_G","Strike_G+1","Strike_G","Strike_G","Strike_G","Strike_G","Survivor","Neutralize+1","Distraction+1","Quick Slash","Footwork+1","Cloak And Dagger+1","Cloak And Dagger+1","Blade Dance","Escape Plan","Envenom+1","Adrenaline+1","Infinite Blades+1","Dagger Spray","Dash","Infinite Blades","Leg Sweep","Cloak And Dagger","After Image+1","Accuracy","Panacea","Sucker Punch+1"],"special_seed":0,"relics":["Ring of the Snake","Whetstone","Regal Pillow","Pen Nib","Vajra","Eternal Feather","Snake Skull","Art of War","Tingsha","Cursed Key","Lee\u0027s Waffle","Incense Burner","Red Mask","Centennial Puzzle","Mummified Hand","Mango","Ancient Tea Set","Peace Pipe"],"potions_floor_usage":[50],"damage_taken":[{"damage":0.0,"enemies":"Cultist","floor":1.0,"turns":5.0},{"damage":1.0,"enemies":"Small Slimes","floor":2.0,"turns":5.0},{"damage":0.0,"enemies":"Jaw Worm","floor":5.0,"turns":4.0},{"damage":7.0,"enemies":"Gremlin Nob","floor":7.0,"turns":3.0},{"damage":3.0,"enemies":"Exordium Thugs","floor":8.0,"turns":8.0},{"damage":0.0,"enemies":"Looter","floor":11.0,"turns":4.0},{"damage":0.0,"enemies":"Lagavulin","floor":13.0,"turns":7.0},{"damage":2.0,"enemies":"2 Fungi Beasts","floor":14.0,"turns":3.0},{"damage":0.0,"enemies":"The Guardian","floor":16.0,"turns":12.0},{"damage":0.0,"enemies":"Chosen","floor":18.0,"turns":5.0},{"damage":9.0,"enemies":"Spheric Guardian","floor":21.0,"turns":4.0},{"damage":22.0,"enemies":"Snecko","floor":22.0,"turns":6.0},{"damage":20.0,"enemies":"Book of Stabbing","floor":23.0,"turns":6.0},{"damage":17.0,"enemies":"3 Cultists","floor":25.0,"turns":5.0},{"damage":27.0,"enemies":"Slavers","floor":28.0,"turns":5.0},{"damage":11.0,"enemies":"Shelled Parasite and Fungi","floor":30.0,"turns":7.0},{"damage":28.0,"enemies":"Chosen and Byrds","floor":31.0,"turns":6.0},{"damage":30.0,"enemies":"Collector","floor":33.0,"turns":9.0},{"damage":21.0,"enemies":"3 Darklings","floor":35.0,"turns":8.0},{"damage":2.0,"enemies":"Orb Walker","floor":38.0,"turns":3.0},{"damage":9.0,"enemies":"Giant Head","floor":40.0,"turns":7.0},{"damage":0.0,"enemies":"Reptomancer","floor":42.0,"turns":7.0},{"damage":15.0,"enemies":"Mind Bloom Boss Battle","floor":46.0,"turns":5.0},{"damage":1.0,"enemies":"4 Shapes","floor":48.0,"turns":5.0},{"damage":17,"enemies":"Donu and Deca","floor":50,"turns":10}],"seed_played":"-4404802832873802217","potions_obtained":[{"floor":2.0,"key":"Fire Potion"},{"floor":4.0,"key":"GamblersBrew"},{"floor":4.0,"key":"SteroidPotion"},{"floor":7.0,"key":"Explosive Potion"},{"floor":8.0,"key":"SteroidPotion"},{"floor":14.0,"key":"Explosive Potion"},{"floor":16.0,"key":"Poison Potion"},{"floor":22.0,"key":"SkillPotion"},{"floor":25.0,"key":"Fruit Juice"},{"floor":31.0,"key":"GhostInAJar"},{"floor":33.0,"key":"SpeedPotion"},{"floor":38.0,"key":"Fruit Juice"},{"floor":46.0,"key":"Block Potion"}],"is_trial":false,"path_per_floor":["M","M","$","?","M","R","E","M","T","R","M","R","E","M","R","B",null,"M","?","?","M","M","E","R","M","T","R","E","R","M","M","R","B",null,"M","$","?","M","?","E","R","E","T","T","?","?","R","M","R","B",null],"character_chosen":"THE_SILENT","items_purchased":["Footwork","Cloak And Dagger","Accuracy","Lee\u0027s Waffle","Incense Burner"],"campfire_rested":2,"item_purchase_floors":[3,3,36,36,36],"current_hp_per_floor":[63,62,62,62,62,62,55,52,52,52,52,52,52,50,50,50,65,65,65,65,56,34,14,29,17,17,69,42,57,46,18,70,40,66,45,82,82,85,85,76,87,87,101,101,96,81,96,95,93,76],"gold":201,"neow_bonus":"RANDOM_COMMON_RELIC","is_prod":false,"is_daily":false,"chose_seed":false,"campfire_upgraded":7,"win_rate":0,"timestamp":1557888913,"path_taken":["M","M","$","?","M","R","E","M","T","R","?","R","E","M","R","BOSS","M","?","?","M","?","E","R","M","T","R","E","R","M","M","R","BOSS","M","$","?","M","?","E","R","E","T","?","?","?","R","M","R","BOSS"],"build_version":"2019-01-23","purchased_purges":0,"victory":true,"max_hp_per_floor":[70,70,70,70,70,70,70,70,70,70,70,70,70,70,70,70,70,70,70,70,70,70,70,70,75,75,75,75,75,75,75,75,75,75,75,82,82,87,87,87,87,87,101,101,96,96,96,96,93,93],"card_choices":[{"not_picked":["Dodge and Roll","Dagger Throw"],"picked":"Distraction","floor":1.0},{"not_picked":["Prepared","Deflect"],"picked":"Quick Slash","floor":2.0},{"not_picked":["Calculated Gamble","Distraction","Deflect"],"picked":"SKIP","floor":5.0},{"not_picked":["Concentrate","Outmaneuver"],"picked":"Cloak And Dagger","floor":7.0},{"not_picked":["PiercingWail","Slice","Acrobatics"],"picked":"SKIP","floor":8.0},{"not_picked":["Leg Sweep","Well Laid Plans"],"picked":"Blade Dance","floor":11.0},{"not_picked":["Deflect","Deadly Poison"],"picked":"Escape Plan","floor":13.0},{"not_picked":["Cloak And Dagger","Quick Slash"],"picked":"Envenom","floor":14.0},{"not_picked":["Phantasmal Killer","Venomology"],"picked":"Adrenaline","floor":16.0},{"not_picked":["Sucker Punch","Backstab"],"picked":"Infinite Blades+1","floor":18.0},{"not_picked":["Dagger Spray","Sucker Punch"],"picked":"Dash","floor":21.0},{"not_picked":["Deadly Poison","Predator","Reflex"],"picked":"SKIP","floor":22.0},{"not_picked":["Crippling Poison","Riddle With Holes","PiercingWail"],"picked":"SKIP","floor":23.0},{"not_picked":["Terror","Blade Dance"],"picked":"Infinite Blades","floor":25.0},{"not_picked":["Deflect+1","Backflip"],"picked":"Leg Sweep","floor":28.0},{"not_picked":["Prepared","Deflect","Grand Finale"],"picked":"SKIP","floor":30.0},{"not_picked":["Outmaneuver","Predator"],"picked":"Cloak And Dagger","floor":31.0},{"not_picked":["Venomology","Doppelganger"],"picked":"After Image","floor":33.0},{"not_picked":["Outmaneuver","Leg Sweep","Deflect"],"picked":"SKIP","floor":35.0},{"not_picked":["Purity","Finesse"],"picked":"Panacea","floor":37.0},{"not_picked":["Deadly Poison","Cloak And Dagger","Dodge and Roll"],"picked":"SKIP","floor":38.0},{"not_picked":["Concentrate","Night Terror","Flying Knee"],"picked":"SKIP","floor":40.0},{"not_picked":["Reflex+1","Bane","Well Laid Plans"],"picked":"SKIP","floor":42.0},{"not_picked":["Cloak And Dagger+1","Endless Agony"],"picked":"Sucker Punch+1","floor":48.0}],"player_experience":497567,"relics_obtained":[{"floor":7.0,"key":"Regal Pillow"},{"floor":9.0,"key":"Pen Nib"},{"floor":13.0,"key":"Vajra"},{"floor":23.0,"key":"Snake Skull"},{"floor":26.0,"key":"Art of War"},{"floor":28.0,"key":"Tingsha"},{"floor":40.0,"key":"Centennial Puzzle"},{"floor":42.0,"key":"Mummified Hand"},{"floor":43.0,"key":"Mango"},{"floor":44.0,"key":"Ancient Tea Set"},{"floor":46.0,"key":"Peace Pipe"}],"event_choices":[{"damage_healed":0.0,"max_hp_gain":0.0,"max_hp_loss":0.0,"gold_gain":0.0,"event_name":"Lab","player_choice":"Got Potions","floor":4.0,"gold_loss":0.0,"damage_taken":0.0},{"damage_healed":0.0,"max_hp_gain":0.0,"max_hp_loss":0.0,"gold_gain":0.0,"event_name":"The Library","player_choice":"Read","floor":19.0,"gold_loss":0.0,"damage_taken":0.0,"cards_obtained":["Dagger Spray"]},{"damage_healed":0.0,"max_hp_gain":0.0,"max_hp_loss":0.0,"gold_gain":99.0,"event_name":"Nest","player_choice":"Stole From Cult","floor":20.0,"gold_loss":0.0,"damage_taken":0.0},{"damage_healed":0.0,"max_hp_gain":0.0,"max_hp_loss":0.0,"gold_gain":0.0,"event_name":"SensoryStone","player_choice":"Memory 1","floor":37.0,"gold_loss":0.0,"damage_taken":0.0},{"damage_healed":0.0,"max_hp_gain":0.0,"max_hp_loss":0.0,"gold_gain":0.0,"event_name":"Tomb of Lord Red Mask","player_choice":"Paid","floor":39.0,"gold_loss":68.0,"damage_taken":0.0,"relics_obtained":["Red Mask"]},{"damage_healed":0.0,"max_hp_gain":0.0,"max_hp_loss":5.0,"gold_gain":0.0,"event_name":"Winding Halls","player_choice":"Max HP","floor":45.0,"gold_loss":0.0,"damage_taken":0.0},{"damage_healed":0.0,"max_hp_gain":0.0,"max_hp_loss":0.0,"gold_gain":0.0,"event_name":"MindBloom","player_choice":"Fight","floor":46.0,"gold_loss":0.0,"damage_taken":0.0}],"is_beta":false,"boss_relics":[{"not_picked":["Sozu","Pandora\u0027s Box"],"picked":"Eternal Feather"},{"not_picked":["Astrolabe","Tiny House"],"picked":"Cursed Key"}],"items_purged_floors":[],"is_endless":false,"potions_floor_spawned":[2,7,8,14,16,18,22,25,31,33,38,46],"ascension_level":13}