{"gold_per_floor":[109,121,121,131,131,131,157,157,157,182,32,61,61,93,93,168,168,183,183,203,223,223,223,223,256,256,283,283,296,308,342,342,421,421,439,209,209,228,328,328,328,361,396,408,439,401,401,401,401,401,401],"floor_reached":51,"playtime":1407,"items_purged":["Strike_R","Strike_R","Strike_R+1"],"score":1714,"play_id":"bf29c364-ecfa-4630-b0d3-9fadc2a9d50f","local_time":"20190513225847","is_ascension_mode":true,"campfire_choices":[{"data":"Uppercut","floor":6.0,"key":"SMITH"},{"floor":8.0,"key":"REST"},{"floor":13.0,"key":"REST"},{"data":"Offering","floor":15.0,"key":"SMITH"},{"floor":23.0,"key":"REST"},{"data":"Inflame","floor":28.0,"key":"SMITH"},{"floor":32.0,"key":"REST"},{"floor":40.0,"key":"REST"},{"floor":44.0,"key":"REST"},{"floor":49.0,"key":"RECALL"}],"neow_cost":"PERCENT_DAMAGE","seed_source_timestamp":354497363874100,"circlet_count":0,"master_deck":["AscendersBane","Strike_R+1","Defend_R","Defend_R","Defend_R","Bash","Uppercut+1","Dropkick","Anger","Pommel Strike","Offering+1","Inflame+1","Demon Form","Headbutt","Offering+1","Necronomicurse","Apotheosis"],"special_seed":0,"relics":["Burning Blood","Pear","Gremlin Horn","Du-Vu Doll","Centennial Puzzle","Smiling Mask","Busted Crown","Necronomicon","Ginger","Mercury Hourglass","Matryoshka","Whetstone","Runic Cube","FossilizedHelix","MawBank","Bag of Preparation","Happy Flower","Orichalcum","Champion Belt"],"potions_floor_usage":[50,50],"damage_taken":[{"damage":6.0,"enemies":"2 Louse","floor":1.0,"turns":3.0},{"damage":7.0,"enemies":"Jaw Worm","floor":2.0,"turns":3.0},{"damage":13.0,"enemies":"Cultist","floor":4.0,"turns":5.0},{"damage":30.0,"enemies":"Lagavulin","floor":7.0,"turns":5.0},{"damage":6.0,"enemies":"Gremlin Nob","floor":10.0,"turns":3.0},{"damage":16.0,"enemies":"Lagavulin","floor":12.0,"turns":3.0},{"damage":6.0,"enemies":"Gremlin Nob","floor":14.0,"turns":2.0},{"damage":6.0,"enemies":"Slime Boss","floor":16.0,"turns":5.0},{"damage":16.0,"enemies":"Shell Parasite","floor":18.0,"turns":2.0},{"damage":10.0,"enemies":"Chosen","floor":20.0,"turns":3.0},{"damage":12.0,"enemies":"Snake Plant","floor":21.0,"turns":1.0},{"damage":12.0,"enemies":"Slavers","floor":25.0,"turns":1.0},{"damage":11.0,"enemies":"Gremlin Leader","floor":27.0,"turns":2.0},{"damage":7.0,"enemies":"3 Cultists","floor":29.0,"turns":3.0},{"damage":18.0,"enemies":"Centurion and Healer","floor":30.0,"turns":3.0},{"damage":17.0,"enemies":"Book of Stabbing","floor":31.0,"turns":2.0},{"damage":12.0,"enemies":"Champ","floor":33.0,"turns":5.0},{"damage":40.0,"enemies":"3 Shapes","floor":35.0,"turns":4.0},{"damage":25.0,"enemies":"3 Darklings","floor":38.0,"turns":3.0},{"damage":6.0,"enemies":"Mind Bloom Boss Battle","floor":39.0,"turns":4.0},{"damage":15.0,"enemies":"Reptomancer","floor":42.0,"turns":2.0},{"damage":9.0,"enemies":"4 Shapes","floor":45.0,"turns":5.0},{"damage":56,"enemies":"Awakened One","floor":50,"turns":5},{"damage":14,"enemies":"Time Eater","floor":51,"turns":2}],"seed_played":"-1318604205081446010","potions_obtained":[{"floor":2.0,"key":"PowerPotion"},{"floor":7.0,"key":"Poison Potion"},{"floor":10.0,"key":"Energy Potion"},{"floor":21.0,"key":"SkillPotion"},{"floor":31.0,"key":"Energy Potion"},{"floor":45.0,"key":"Dexterity Potion"}],"is_trial":false,"path_per_floor":["M","M","?","M","?","R","E","R","T","E","$","E","R","E","R","B",null,"M","?","M","M","?","R","?","E","T","E","R","M","M","E","R","B",null,"M","$","?","M","?","R","?","E","T","R","M","$","?","T","R","B","B"],"character_chosen":"IRONCLAD","items_purchased":["Inflame","Apotheosis"],"campfire_rested":6,"item_purchase_floors":[11,36],"current_hp_per_floor":[50,49,49,42,41,41,17,42,42,42,42,32,57,57,57,57,78,68,68,64,58,37,62,62,56,56,51,51,50,38,27,52,46,75,41,41,41,22,22,47,47,38,38,63,60,60,60,60,60,10,0],"gold":401,"neow_bonus":"REMOVE_TWO","is_prod":false,"is_daily":false,"chose_seed":false,"campfire_upgraded":3,"win_rate":0,"timestamp":1557784727,"path_taken":["M","M","?","M","?","R","E","R","T","E","$","E","R","E","R","BOSS","M","?","?","?","?","R","?","E","T","E","R","M","M","E","R","BOSS","M","$","?","M","?","R","?","E","T","R","M","$","?","?","R","BOSS","BOSS"],"build_version":"2019-01-23","purchased_purges":3,"victory":false,"max_hp_per_floor":[75,75,75,75,85,85,85,85,85,85,85,85,85,85,85,85,85,85,85,85,85,85,85,85,85,85,85,85,85,85,85,85,85,85,85,85,85,85,85,85,85,85,85,85,85,85,81,81,81,81,81],"card_choices":[{"not_picked":["Anger","Flex"],"picked":"Uppercut","floor":1.0},{"not_picked":["Clothesline","Dual Wield"],"picked":"Dropkick","floor":2.0},{"not_picked":["Combust","Evolve"],"picked":"Anger","floor":4.0},{"not_picked":["Entrench","Second Wind"],"picked":"Pommel Strike","floor":7.0},{"not_picked":["Inflame","True Grit"],"picked":"Offering","floor":10.0},{"not_picked":["Warcry","Second Wind","Clash"],"picked":"SKIP","floor":12.0},{"not_picked":["Headbutt","Sentinel","Armaments"],"picked":"SKIP","floor":14.0},{"not_picked":["Juggernaut","Bludgeon"],"picked":"Demon Form","floor":16.0},{"not_picked":[],"picked":"Headbutt","floor":18.0},{"not_picked":["Uppercut"],"picked":"SKIP","floor":20.0},{"not_picked":["Perfected Strike"],"picked":"SKIP","floor":21.0},{"not_picked":["Bludgeon"],"picked":"SKIP","floor":25.0},{"not_picked":["Dual Wield"],"picked":"SKIP","floor":27.0},{"not_picked":["Sever Soul"],"picked":"SKIP","floor":29.0},{"not_picked":["Sword Boomerang+1"],"picked":"SKIP","floor":30.0},{"not_picked":["Clothesline"],"picked":"SKIP","floor":31.0},{"not_picked":["Warcry+1"],"picked":"SKIP","floor":35.0},{"not_picked":["True Grit"],"picked":"SKIP","floor":38.0},{"not_picked":["Berserk"],"picked":"SKIP","floor":42.0},{"not_picked":["Rampage"],"picked":"SKIP","floor":45.0}],"player_experience":1357167,"relics_obtained":[{"floor":7.0,"key":"Gremlin Horn"},{"floor":10.0,"key":"Du-Vu Doll"},{"floor":12.0,"key":"Centennial Puzzle"},{"floor":14.0,"key":"Smiling Mask"},{"floor":22.0,"key":"Necronomicon"},{"floor":25.0,"key":"Ginger"},{"floor":26.0,"key":"Mercury Hourglass"},{"floor":27.0,"key":"Matryoshka"},{"floor":31.0,"key":"Whetstone"},{"floor":39.0,"key":"FossilizedHelix"},{"floor":42.0,"key":"MawBank"},{"floor":43.0,"key":"Bag of Preparation"},{"floor":43.0,"key":"Happy Flower"},{"floor":48.0,"key":"Orichalcum"},{"floor":48.0,"key":"Champion Belt"}],"event_choices":[{"damage_healed":0.0,"max_hp_gain":0.0,"max_hp_loss":0.0,"gold_gain":0.0,"event_name":"Golden Idol","player_choice":"Ignored","floor":3.0,"gold_loss":0.0,"damage_taken":0.0},{"damage_healed":0.0,"max_hp_gain":0.0,"max_hp_loss":0.0,"gold_gain":0.0,"event_name":"Scrap Ooze","player_choice":"Success","floor":5.0,"gold_loss":0.0,"damage_taken":11.0,"relics_obtained":["Pear"]},{"damage_healed":0.0,"max_hp_gain":0.0,"max_hp_loss":0.0,"gold_gain":0.0,"event_name":"Duplicator","player_choice":"Copied","floor":19.0,"gold_loss":0.0,"damage_taken":0.0,"cards_obtained":["Offering"]},{"damage_healed":0.0,"max_hp_gain":0.0,"max_hp_loss":0.0,"gold_gain":0.0,"event_name":"Cursed Tome","player_choice":"Obtained Book","floor":22.0,"gold_loss":0.0,"damage_taken":21.0},{"damage_healed":0.0,"max_hp_gain":0.0,"max_hp_loss":0.0,"gold_gain":0.0,"event_name":"The Mausoleum","player_choice":"Ignored","floor":24.0,"gold_loss":0.0,"damage_taken":0.0},{"damage_healed":0.0,"max_hp_gain":0.0,"max_hp_loss":0.0,"gold_gain":0.0,"event_name":"Tomb of Lord Red Mask","player_choice":"Ignored","floor":37.0,"gold_loss":0.0,"damage_taken":0.0},{"damage_healed":0.0,"max_hp_gain":0.0,"max_hp_loss":0.0,"gold_gain":0.0,"event_name":"MindBloom","player_choice":"Fight","floor":39.0,"gold_loss":0.0,"damage_taken":0.0},{"damage_healed":0.0,"max_hp_gain":0.0,"max_hp_loss":0.0,"gold_gain":0.0,"event_name":"SensoryStone","player_choice":"Memory 1","floor":41.0,"gold_loss":0.0,"damage_taken":0.0},{"damage_healed":0.0,"max_hp_gain":0.0,"max_hp_loss":4.0,"gold_gain":0.0,"event_name":"Winding Halls","player_choice":"Max HP","floor":47.0,"gold_loss":0.0,"damage_taken":0.0}],"is_beta":false,"boss_relics":[{"not_picked":["Ectoplasm","Velvet Choker"],"picked":"Busted Crown"},{"not_picked":["Eternal Feather","Black Blood"],"picked":"Runic Cube"}],"items_purged_floors":[11,36,46],"is_endless":false,"potions_floor_spawned":[2,7,10,14,18,21,31,39,45],"killed_by":"Time Eater","ascension_level":20}