{"gold_per_floor":[110,129,129,146,161,161,180,180,229,258,212,212,256,271,271,392,392,413,413,363,377,377,377],"floor_reached":23,"playtime":2396,"items_purged":[],"score":226,"play_id":"48baca76-4f44-460b-b3ab-a30b0425b932","local_time":"20181029195336","is_ascension_mode":false,"campfire_choices":[{"floor":6,"key":"REST"},{"floor":8,"key":"REST"},{"floor":15,"key":"REST"}],"neow_cost":"NONE","seed_source_timestamp":200041324134791,"circlet_count":0,"master_deck":["Defend_B","Defend_B","Defend_B","Defend_B","Zap","Dualcast","Doom and Gloom","Leap","Regret","Loop","Consume","Darkness","Self Repair","Injury","Creative AI","Glacier","Rainbow","Hyperbeam+1","Self Repair+1","Thunder Strike+1","Auto Shields+1","Bite","Bite","Bite","Bite","Bite","Force Field","Creative AI"],"relics":["Fusion Hammer","The Courier","Centennial Puzzle","Vajra","Golden Idol","Pear","Astrolabe"],"potions_floor_usage":[5,10,13,18],"damage_taken":[{"damage":0,"enemies":"Cultist","floor":1,"turns":4},{"damage":6,"enemies":"Jaw Worm","floor":2,"turns":3},{"damage":1,"enemies":"2 Louse","floor":4,"turns":3},{"damage":28,"enemies":"Gremlin Gang","floor":5,"turns":4},{"damage":8,"enemies":"Looter","floor":7,"turns":4},{"damage":31,"enemies":"Lagavulin","floor":10,"turns":4},{"damage":27,"enemies":"Gremlin Nob","floor":13,"turns":4},{"damage":22,"enemies":"Large Slime","floor":14,"turns":5},{"damage":32,"enemies":"The Guardian","floor":16,"turns":13},{"damage":49,"enemies":"Spheric Guardian","floor":18,"turns":8},{"damage":10,"enemies":"Chosen","floor":21,"turns":6},{"damage":70,"enemies":"Slavers","floor":23,"turns":3}],"seed_played":"-6593161850582789812","potions_obtained":[{"floor":1,"key":"LiquidBronze"},{"floor":2,"key":"FearPotion"},{"floor":10,"key":"PowerPotion"},{"floor":16,"key":"PowerPotion"}],"is_trial":false,"path_per_floor":["M","M","?","M","M","R","M","R","T","E","?","?","E","M","R","B",null,"M","?","?","M","?"],"character_chosen":"DEFECT","items_purchased":[],"campfire_rested":3,"item_purchase_floors":[],"current_hp_per_floor":[75,69,69,68,40,62,54,75,75,44,44,44,34,19,44,19,85,53,53,53,59,59,0],"gold":377,"neow_bonus":"BOSS_RELIC","is_prod":false,"is_daily":false,"chose_seed":false,"campfire_upgraded":0,"win_rate":0.0,"timestamp":1540868016,"path_taken":["M","?","?","M","?","R","M","R","T","E","?","?","E","M","R","BOSS","M","?","?","?","?","E"],"build_version":"2018-10-25v2","purchased_purges":0,"victory":false,"max_hp_per_floor":[75,75,75,75,75,75,75,75,75,75,75,75,85,85,85,85,85,85,59,59,59,59,59],"card_choices":[{"not_picked":["Reprogram","Gash"],"picked":"Doom and Gloom","floor":1},{"not_picked":["Streamline","Rebound"],"picked":"Leap","floor":2},{"not_picked":["Conserve Battery","Compile Driver"],"picked":"Loop","floor":4},{"not_picked":["Ball Lightning","Steam"],"picked":"Consume","floor":5},{"not_picked":["Tempest","Stack"],"picked":"Darkness","floor":7},{"not_picked":["Auto Shields","Coolheaded"],"picked":"Self Repair","floor":10},{"not_picked":["Meteor Strike","Darkness"],"picked":"Creative AI","floor":13},{"not_picked":["Sunder","Sweeping Beam"],"picked":"Glacier","floor":14},{"not_picked":["Hyperbeam","Multi-Cast"],"picked":"Rainbow","floor":16},{"not_picked":["Recycle","Blizzard"],"picked":"Auto Shields+1","floor":18},{"not_picked":["Go for the Eyes","Coolheaded"],"picked":"Force Field","floor":21}],"player_experience":176222,"relics_obtained":[{"floor":9,"key":"Centennial Puzzle"},{"floor":10,"key":"Vajra"},{"floor":13,"key":"Pear"}],"event_choices":[{"damage_healed":0,"gold_gain":0,"player_choice":"Box","damage_taken":0,"relics_obtained":["The Courier"],"max_hp_gain":0,"max_hp_loss":0,"event_name":"Big Fish","floor":3,"gold_loss":0,"cards_obtained":["Regret"]},{"damage_healed":0,"gold_gain":0,"player_choice":"Left Gold","damage_taken":0,"max_hp_gain":0,"max_hp_loss":0,"event_name":"World of Goop","floor":11,"gold_loss":46},{"damage_healed":0,"gold_gain":0,"player_choice":"Take Wound","damage_taken":0,"relics_obtained":["Golden Idol"],"max_hp_gain":0,"max_hp_loss":0,"event_name":"Golden Idol","floor":12,"gold_loss":0,"cards_obtained":["Injury"]},{"damage_healed":0,"gold_gain":0,"player_choice":"Became a vampire","damage_taken":0,"max_hp_gain":0,"max_hp_loss":26,"event_name":"Vampires","floor":19,"gold_loss":0,"cards_obtained":["Bite","Bite","Bite","Bite","Bite"]},{"damage_healed":0,"gold_gain":0,"player_choice":"Bet on Murderer","damage_taken":0,"max_hp_gain":0,"max_hp_loss":0,"event_name":"The Joust","floor":20,"gold_loss":50},{"damage_healed":0,"gold_gain":0,"player_choice":"Copied","damage_taken":0,"max_hp_gain":0,"max_hp_loss":0,"event_name":"Duplicator","floor":22,"gold_loss":0,"cards_obtained":["Creative AI"]}],"is_beta":false,"boss_relics":[{"not_picked":["Ectoplasm","Sozu"],"picked":"Astrolabe"}],"items_purged_floors":[],"is_endless":false,"potions_floor_spawned":[1,2,10,16],"killed_by":"Slavers","ascension_level":0}