{"gold_per_floor":[110,110,126,145,70,70,99,115,115,135,135,62,62],"floor_reached":13,"playtime":300,"items_purged":["Strike_B"],"score":170,"play_id":"53173088-1252-4249-98bc-bd96c9771a7b","local_time":"20190314001850","is_ascension_mode":true,"campfire_choices":[{"data":"Streamline","floor":6.0,"key":"SMITH"}],"neow_cost":"NONE","seed_source_timestamp":221033609747300,"circlet_count":0,"master_deck":["AscendersBane","Strike_B","Strike_B","Strike_B","Defend_B","Defend_B","Defend_B","Defend_B","Zap","Dualcast","Go for the Eyes+1","Streamline+1","Capacitor","Ball Lightning","Leap","Leap"],"special_seed":0,"relics":["Cracked Core","NeowsBlessing","Letter Opener","Molten Egg 2"],"potions_floor_usage":[13],"damage_taken":[{"damage":0.0,"enemies":"Jaw Worm","floor":1.0,"turns":1.0},{"damage":0.0,"enemies":"Cultist","floor":3.0,"turns":1.0},{"damage":0.0,"enemies":"2 Louse","floor":4.0,"turns":1.0},{"damage":20.0,"enemies":"Lagavulin","floor":7.0,"turns":7.0},{"damage":13.0,"enemies":"Large Slime","floor":8.0,"turns":4.0},{"damage":18.0,"enemies":"Exordium Wildlife","floor":10.0,"turns":5.0},{"damage":15,"enemies":"3 Sentries","floor":13,"turns":4}],"seed_played":"1967401981865686371","potions_obtained":[{"floor":1.0,"key":"LiquidBronze"},{"floor":7.0,"key":"Fire Potion"}],"is_trial":false,"path_per_floor":["M","?","M","M","$","R","E","M","T","M","?","?","E"],"character_chosen":"DEFECT","items_purchased":[],"campfire_rested":0,"item_purchase_floors":[],"current_hp_per_floor":[64,64,64,64,64,64,44,31,31,13,13,13,0],"gold":62,"neow_bonus":"THREE_ENEMY_KILL","is_prod":false,"is_daily":false,"chose_seed":false,"campfire_upgraded":1,"win_rate":0,"timestamp":1552522730,"path_taken":["M","?","M","M","?","R","E","M","T","M","?","?","E"],"build_version":"2019-01-23","purchased_purges":1,"victory":false,"max_hp_per_floor":[71,71,71,71,71,71,71,71,71,71,71,71,71],"card_choices":[{"not_picked":["Consume","Hologram"],"picked":"Go for the Eyes","floor":1.0},{"not_picked":["Turbo","Leap"],"picked":"Streamline","floor":3.0},{"not_picked":["Steam Power","Go for the Eyes"],"picked":"Capacitor","floor":4.0},{"not_picked":["Force Field","Cold Snap"],"picked":"Ball Lightning","floor":7.0},{"not_picked":["Steam Power","Go for the Eyes"],"picked":"Leap","floor":8.0},{"not_picked":["Redo","Reprogram"],"picked":"Leap","floor":10.0}],"player_experience":1281553,"relics_obtained":[{"floor":7.0,"key":"Letter Opener"},{"floor":9.0,"key":"Molten Egg 2"}],"event_choices":[{"damage_healed":0.0,"max_hp_gain":0.0,"max_hp_loss":0.0,"gold_gain":0.0,"event_name":"Accursed Blacksmith","player_choice":"Forge","floor":2.0,"gold_loss":0.0,"damage_taken":0.0,"cards_upgraded":["Go for the Eyes"]},{"damage_healed":0.0,"max_hp_gain":0.0,"max_hp_loss":0.0,"gold_gain":0.0,"event_name":"Liars Game","player_choice":"Ignored","floor":11.0,"gold_loss":0.0,"damage_taken":0.0},{"damage_healed":0.0,"max_hp_gain":0.0,"max_hp_loss":0.0,"gold_gain":0.0,"event_name":"World of Goop","player_choice":"Left Gold","floor":12.0,"gold_loss":73.0,"damage_taken":0.0}],"is_beta":false,"boss_relics":[],"items_purged_floors":[5],"is_endless":false,"potions_floor_spawned":[1,7],"killed_by":"3 Sentries","ascension_level":20}