{"gold_per_floor":[114,114,114,133,98,113,113,156,156,156,156,51,91,107,107,228,228,253,253,76,76,76,107,107,125,125,125,168,189,189,29,29,154,154,172,528,653,671,671,715,1048,59,59,59,94,94,94,108,108,108],"floor_reached":51,"playtime":3021,"items_purged":["Strike_B"],"score":963,"play_id":"b73ff823-a6cf-494c-9180-3b912e45f6f5","local_time":"20190502225623","is_ascension_mode":true,"campfire_choices":[{"data":"Zap","floor":7.0,"key":"SMITH"},{"data":"Loop","floor":10.0,"key":"SMITH"},{"data":"Fission","floor":15.0,"key":"SMITH"},{"data":"Fission","floor":24.0,"key":"SMITH"},{"data":"Blizzard","floor":27.0,"key":"SMITH"},{"floor":32.0,"key":"REST"},{"data":"Seek","floor":44.0,"key":"SMITH"},{"data":"Rainbow","floor":47.0,"key":"SMITH"},{"data":"Rainbow","floor":49,"key":"SMITH"}],"neow_cost":"NONE","seed_source_timestamp":1991254025611618,"circlet_count":0,"master_deck":["Strike_B","Strike_B","Strike_B","Defend_B","Defend_B","Defend_B","Defend_B","Zap+1","Dualcast+1","Gash","Glacier","Gash","Loop+1","Fission+1","Beam Cell","Fission+1","Self Repair+1","Ball Lightning","Cold Snap","Blizzard+1","Coolheaded","Electrodynamics","Self Repair+1","Cold Snap","Barrage","Rainbow+1","Thunder Strike","Cold Snap","Conserve Battery","Reinforced Body","Biased Cognition","Madness","Madness","Rainbow+1","Panacea","Seek+1","Master of Strategy","Storm+1"],"special_seed":0,"relics":["Cracked Core","Cables","Bottled Lightning","The Courier","PreservedInsect","Dead Branch","Inserter","Enchiridion","Nloth\u0027s Gift","Happy Flower","Mercury Hourglass","Boot","Bronze Scales","Orrery","Old Coin","Unceasing Top","FossilizedHelix","Strange Spoon","Blood Vial","Potion Belt","Juzu Bracelet","Turnip","Art of War","Gambling Chip"],"potions_floor_usage":[50,50],"damage_taken":[{"damage":1.0,"enemies":"Cultist","floor":1.0,"turns":3.0},{"damage":11.0,"enemies":"Small Slimes","floor":4.0,"turns":3.0},{"damage":0.0,"enemies":"2 Louse","floor":6.0,"turns":2.0},{"damage":0.0,"enemies":"3 Sentries","floor":8.0,"turns":6.0},{"damage":9.0,"enemies":"Lagavulin","floor":13.0,"turns":5.0},{"damage":7.0,"enemies":"2 Fungi Beasts","floor":14.0,"turns":3.0},{"damage":3.0,"enemies":"The Guardian","floor":16.0,"turns":11.0},{"damage":14.0,"enemies":"2 Thieves","floor":18.0,"turns":5.0},{"damage":18.0,"enemies":"Colosseum Slavers","floor":21.0,"turns":3.0},{"damage":24.0,"enemies":"Slavers","floor":23.0,"turns":6.0},{"damage":0.0,"enemies":"Chosen","floor":25.0,"turns":3.0},{"damage":6.0,"enemies":"Gremlin Leader","floor":28.0,"turns":4.0},{"damage":33.0,"enemies":"Shelled Parasite and Fungi","floor":29.0,"turns":6.0},{"damage":0.0,"enemies":"Slavers","floor":30.0,"turns":1.0},{"damage":43.0,"enemies":"Automaton","floor":33.0,"turns":8.0},{"damage":4.0,"enemies":"3 Darklings","floor":35.0,"turns":3.0},{"damage":27.0,"enemies":"2 Orb Walkers","floor":36.0,"turns":2.0},{"damage":0.0,"enemies":"Mind Bloom Boss Battle","floor":37.0,"turns":7.0},{"damage":10.0,"enemies":"3 Shapes","floor":38.0,"turns":2.0},{"damage":25.0,"enemies":"Nemesis","floor":40.0,"turns":4.0},{"damage":9.0,"enemies":"Reptomancer","floor":45.0,"turns":4.0},{"damage":0,"enemies":"Sphere and 2 Shapes","floor":48,"turns":3},{"damage":2,"enemies":"Time Eater","floor":50,"turns":6}],"seed_played":"-2839582849327143061","potions_obtained":[{"floor":4.0,"key":"Explosive Potion"},{"floor":13.0,"key":"GamblersBrew"},{"floor":14.0,"key":"Weak Potion"},{"floor":23.0,"key":"Dexterity Potion"},{"floor":25.0,"key":"Energy Potion"},{"floor":28.0,"key":"SmokeBomb"},{"floor":36.0,"key":"FearPotion"},{"floor":38.0,"key":"FearPotion"},{"floor":48,"key":"SteroidPotion"}],"is_trial":false,"path_per_floor":["M","?","?","M","?","M","R","E","T","R","?","?","E","M","R","B",null,"M","?","$","?","?","E","R","M","T","R","E","M","E","$","R","B",null,"M","?","?","M","?","E","?","$","T","R","E","?","R","M","R","B",null],"character_chosen":"DEFECT","items_purchased":["Ball Lightning","Cold Snap","Blizzard","Coolheaded","Bronze Scales","Barrage","Strange Spoon","Panacea","Seek","Blood Vial","Potion Belt","Juzu Bracelet","Turnip"],"campfire_rested":1,"item_purchase_floors":[20,20,20,20,31,31,42,42,42,42,42,42,42],"current_hp_per_floor":[74,74,74,63,75,75,75,75,75,75,75,75,66,59,59,56,75,61,45,45,37,37,23,23,33,33,33,37,24,24,24,46,23,75,75,58,75,75,66,51,51,51,51,51,54,54,54,75,75,75],"gold":108,"neow_bonus":"RANDOM_COMMON_RELIC","is_prod":false,"is_daily":false,"chose_seed":false,"campfire_upgraded":8,"win_rate":0,"timestamp":1556862983,"path_taken":["M","?","?","M","?","M","R","E","T","R","?","?","E","M","R","BOSS","M","?","$","?","?","E","R","?","T","R","E","M","E","$","R","BOSS","M","?","?","M","?","E","?","$","T","R","E","?","R","M","R","BOSS"],"build_version":"2019-01-23","purchased_purges":1,"victory":true,"max_hp_per_floor":[75,75,75,75,75,75,75,75,75,75,75,75,75,75,75,75,75,75,75,75,75,75,75,75,75,75,75,75,75,75,75,75,75,75,75,75,75,75,75,75,75,75,75,75,75,75,75,75,75,75],"card_choices":[{"not_picked":["Stack","Static Discharge"],"picked":"Gash","floor":1.0},{"not_picked":["Reinforced Body","Ball Lightning"],"picked":"Glacier","floor":4.0},{"not_picked":["Coolheaded","Leap"],"picked":"Gash","floor":6.0},{"not_picked":["BootSequence","Glacier"],"picked":"Loop","floor":8.0},{"not_picked":["Streamline","Gash"],"picked":"Fission","floor":13.0},{"not_picked":["Stack","BootSequence"],"picked":"Beam Cell","floor":14.0},{"not_picked":["Hyperbeam","Meteor Strike"],"picked":"Fission","floor":16.0},{"not_picked":["Coolheaded","Melter+1"],"picked":"Self Repair+1","floor":18.0},{"not_picked":["Fission","Force Field"],"picked":"Electrodynamics","floor":23.0},{"not_picked":["Coolheaded","Capacitor"],"picked":"Self Repair+1","floor":25.0},{"not_picked":["Compile Driver","Stack","Doom and Gloom+1"],"picked":"SKIP","floor":28.0},{"not_picked":["Steam","Beam Cell"],"picked":"Cold Snap","floor":29.0},{"not_picked":["Biased Cognition","Machine Learning"],"picked":"Rainbow","floor":33.0},{"not_picked":["Go for the Eyes","Turbo+1"],"picked":"Thunder Strike","floor":34.0},{"not_picked":["Hologram","Sweeping Beam"],"picked":"Cold Snap","floor":34.0},{"not_picked":["Sweeping Beam+1","Electrodynamics"],"picked":"Conserve Battery","floor":34.0},{"not_picked":["Steam Power+1","BootSequence"],"picked":"Reinforced Body","floor":34.0},{"not_picked":["Turbo","Static Discharge+1","Barrage+1"],"picked":"SKIP","floor":35.0},{"not_picked":["Rebound+1","Compile Driver"],"picked":"Biased Cognition","floor":36.0},{"not_picked":["Barrage+1","BootSequence","Conserve Battery+1"],"picked":"SKIP","floor":38.0},{"not_picked":["Sweeping Beam","Multi-Cast"],"picked":"Rainbow","floor":40.0},{"not_picked":["Electrodynamics","Streamline","Sweeping Beam+1"],"picked":"SKIP","floor":45.0},{"not_picked":["Finesse","Chrysalis"],"picked":"Master of Strategy","floor":46.0},{"not_picked":["Sweeping Beam+1","Rip and Tear+1"],"picked":"Storm+1","floor":48}],"player_experience":467673,"relics_obtained":[{"floor":8.0,"key":"Bottled Lightning"},{"floor":9.0,"key":"The Courier"},{"floor":13.0,"key":"Dead Branch"},{"floor":19.0,"key":"Enchiridion"},{"floor":23.0,"key":"Happy Flower"},{"floor":26.0,"key":"Mercury Hourglass"},{"floor":28.0,"key":"Boot"},{"floor":36.0,"key":"Old Coin"},{"floor":37.0,"key":"Unceasing Top"},{"floor":40.0,"key":"FossilizedHelix"},{"floor":43.0,"key":"Art of War"},{"floor":45.0,"key":"Gambling Chip"}],"event_choices":[{"damage_healed":0.0,"max_hp_gain":0.0,"max_hp_loss":0.0,"gold_gain":0.0,"event_name":"Golden Idol","player_choice":"Take Wound","floor":2.0,"gold_loss":0.0,"damage_taken":0.0,"relics_obtained":["Golden Idol"],"cards_obtained":["Injury"]},{"damage_healed":0.0,"max_hp_gain":0.0,"max_hp_loss":0.0,"gold_gain":0.0,"event_name":"Big Fish","player_choice":"Box","floor":3.0,"gold_loss":0.0,"damage_taken":0.0,"relics_obtained":["Cables"],"cards_obtained":["Regret"]},{"damage_healed":18.0,"max_hp_gain":0.0,"max_hp_loss":0.0,"gold_gain":0.0,"event_name":"The Cleric","player_choice":"Healed","floor":5.0,"gold_loss":35.0,"damage_taken":0.0},{"damage_healed":0.0,"max_hp_gain":0.0,"max_hp_loss":0.0,"gold_gain":0.0,"event_name":"Living Wall","player_choice":"Grow","floor":11.0,"gold_loss":0.0,"damage_taken":0.0,"cards_upgraded":["Dualcast"]},{"damage_healed":0.0,"max_hp_gain":0.0,"max_hp_loss":0.0,"gold_gain":0.0,"event_name":"WeMeetAgain","player_choice":"Paid Gold","floor":12.0,"gold_loss":105.0,"damage_taken":0.0,"relics_obtained":["PreservedInsect"]},{"damage_healed":0.0,"max_hp_gain":0.0,"max_hp_loss":0.0,"gold_gain":0.0,"event_name":"Cursed Tome","player_choice":"Obtained Book","floor":19.0,"gold_loss":0.0,"damage_taken":16.0},{"damage_healed":0.0,"max_hp_gain":0.0,"max_hp_loss":0.0,"gold_gain":0.0,"event_name":"Colosseum","player_choice":"Fight","floor":21.0,"gold_loss":0.0,"damage_taken":0.0},{"damage_healed":0.0,"max_hp_gain":0.0,"max_hp_loss":0.0,"gold_gain":0.0,"event_name":"Colosseum","player_choice":"Fled From Nobs","floor":21.0,"gold_loss":0.0,"damage_taken":0.0},{"damage_healed":0.0,"max_hp_gain":0.0,"max_hp_loss":0.0,"gold_gain":0.0,"event_name":"N\u0027loth","player_choice":"Traded Relic","floor":22.0,"relics_lost":["Omamori"],"gold_loss":0.0,"damage_taken":0.0,"relics_obtained":["Nloth\u0027s Gift"]},{"damage_healed":0.0,"max_hp_gain":0.0,"max_hp_loss":0.0,"gold_gain":0.0,"event_name":"Mysterious Sphere","player_choice":"Fight","floor":36.0,"gold_loss":0.0,"damage_taken":0.0},{"damage_healed":0.0,"max_hp_gain":0.0,"max_hp_loss":0.0,"gold_gain":0.0,"event_name":"MindBloom","player_choice":"Fight","floor":37.0,"gold_loss":0.0,"damage_taken":0.0},{"damage_healed":0.0,"max_hp_gain":0.0,"max_hp_loss":0.0,"gold_gain":0.0,"event_name":"Winding Halls","player_choice":"Embrace Madness","floor":39.0,"gold_loss":0.0,"damage_taken":9.0,"cards_obtained":["Madness","Madness"]},{"damage_healed":0.0,"max_hp_gain":0.0,"max_hp_loss":0.0,"gold_gain":333.0,"event_name":"The Moai Head","player_choice":"Gave Idol","floor":41.0,"relics_lost":["Golden Idol"],"gold_loss":0.0,"damage_taken":0.0},{"damage_healed":0.0,"max_hp_gain":0.0,"max_hp_loss":0.0,"gold_gain":0.0,"event_name":"SensoryStone","player_choice":"Memory 1","floor":46.0,"gold_loss":0.0,"damage_taken":0.0}],"is_beta":false,"boss_relics":[{"not_picked":["Runic Dome","Nuclear Battery"],"picked":"Inserter"},{"not_picked":["Pandora\u0027s Box","Philosopher\u0027s Stone"],"picked":"Orrery"}],"items_purged_floors":[42],"is_endless":false,"potions_floor_spawned":[4,13,14,23,25,28,30,36,38,48],"ascension_level":4}