{"gold_per_floor":[113,288,36,50,0,27,37,66,66,93,109,109,34,53,53,158,158,177,164,164,183,36,70,80,91,91,104,104,203,231,231,231,332,332,350,364,71,90,101,134,153,165,246,279,279,279,279,294,294,294,294,294,89,124,124],"floor_reached":55,"playtime":4174,"items_purged":["Doubt","Strike_G","Defend_G"],"score":1127,"play_id":"a1a68b26-c5fa-4157-9a26-5686f0baf0e6","local_time":"20190228153338","is_ascension_mode":true,"campfire_choices":[{"floor":12.0,"key":"REST"},{"floor":15.0,"key":"RECALL"},{"floor":28.0,"key":"REST"},{"data":"Accuracy","floor":32.0,"key":"SMITH"},{"floor":45,"key":"REST"},{"data":"After Image","floor":49,"key":"SMITH"},{"data":"Venomology","floor":52,"key":"SMITH"}],"neow_cost":"NONE","seed_source_timestamp":1300038003092404,"circlet_count":0,"master_deck":["Defend_G","Defend_G","Defend_G","Strike_G","Strike_G","Strike_G","Strike_G","Survivor","Neutralize","Cloak And Dagger","Escape Plan","Finisher","Accuracy+1","Cloak And Dagger","Backstab+1","Venomology+1","Prepared","Dagger Spray+1","Prepared+1","Cloak And Dagger+1","Infinite Blades+1","Dagger Spray+1","After Image+1","Flash of Steel+1","Backstab+1","Leg Sweep+1","Deep Breath","Unload+1"],"special_seed":0,"relics":["Ring of the Snake","NeowsBlessing","Shuriken","Lantern","Kunai","Gremlin Horn","Molten Egg 2","WristBlade","Oddly Smooth Stone","Smiling Mask","Vajra","Bag of Preparation","Lizard Tail","Pen Nib","Bag of Marbles","Blue Candle","The Courier","Turnip"],"potions_floor_usage":[39,41,42,44,48,50,50,50,54,55,55],"damage_taken":[{"damage":0.0,"enemies":"Jaw Worm","floor":1.0,"turns":1.0},{"damage":0.0,"enemies":"2 Louse","floor":4.0,"turns":1.0},{"damage":0.0,"enemies":"3 Sentries","floor":6.0,"turns":1.0},{"damage":0.0,"enemies":"Cultist","floor":7.0,"turns":4.0},{"damage":21.0,"enemies":"Lagavulin","floor":8.0,"turns":8.0},{"damage":16.0,"enemies":"Gremlin Nob","floor":10.0,"turns":5.0},{"damage":4.0,"enemies":"Exordium Thugs","floor":11.0,"turns":3.0},{"damage":0.0,"enemies":"Gremlin Gang","floor":14.0,"turns":3.0},{"damage":14.0,"enemies":"Hexaghost","floor":16.0,"turns":13.0},{"damage":11.0,"enemies":"Spheric Guardian","floor":18.0,"turns":3.0},{"damage":12.0,"enemies":"2 Thieves","floor":19.0,"turns":4.0},{"damage":1.0,"enemies":"Centurion and Healer","floor":21.0,"turns":6.0},{"damage":4.0,"enemies":"Gremlin Leader","floor":23.0,"turns":6.0},{"damage":2.0,"enemies":"3 Cultists","floor":24.0,"turns":4.0},{"damage":3.0,"enemies":"Snecko","floor":25.0,"turns":5.0},{"damage":14.0,"enemies":"Snake Plant","floor":27.0,"turns":3.0},{"damage":0.0,"enemies":"Slavers","floor":30.0,"turns":4.0},{"damage":9.0,"enemies":"Automaton","floor":33.0,"turns":6.0},{"damage":2,"enemies":"Orb Walker","floor":35,"turns":4},{"damage":0,"enemies":"3 Darklings","floor":36,"turns":3},{"damage":7,"enemies":"Sphere and 2 Shapes","floor":38,"turns":3},{"damage":10,"enemies":"Writhing Mass","floor":39,"turns":5},{"damage":22,"enemies":"Nemesis","floor":40,"turns":7},{"damage":0,"enemies":"Transient","floor":41,"turns":5},{"damage":0,"enemies":"Sphere and 2 Shapes","floor":42,"turns":2},{"damage":0,"enemies":"Reptomancer","floor":44,"turns":5},{"damage":4,"enemies":"Spire Growth","floor":48,"turns":2},{"damage":55,"enemies":"Time Eater","floor":50,"turns":11},{"damage":10,"enemies":"Shield and Spear","floor":54,"turns":4},{"damage":51,"enemies":"The Heart","floor":55,"turns":2}],"seed_played":"4618199365121596813","potions_obtained":[{"floor":7.0,"key":"FearPotion"},{"floor":8.0,"key":"Energy Potion"},{"floor":10.0,"key":"Block Potion"},{"floor":14.0,"key":"GhostInAJar"},{"floor":16.0,"key":"Explosive Potion"},{"floor":21.0,"key":"Poison Potion"},{"floor":30.0,"key":"Explosive Potion"},{"floor":48,"key":"EntropicBrew"}],"is_trial":false,"path_per_floor":["M","?","$","M","?","E","M","E","T","E","M","R","$","M","R","B",null,"M","M","?","M","$","E","M","M","T","M","R","?","E","?","R","B",null,"M","M","$","M","M","E","M","M","T","E","R","?","?","M","R","B",null,"R","$","E","B"],"character_chosen":"THE_SILENT","items_purchased":["Shuriken","Oddly Smooth Stone","Flash of Steel+1","Pen Nib","Unload+1","PowerPotion"],"campfire_rested":3,"item_purchase_floors":[3,22,37,37,53,53],"current_hp_per_floor":[63,63,63,63,63,63,63,42,42,26,22,43,43,43,43,29,60,49,37,30,29,29,25,23,20,20,6,27,27,27,27,27,18,57,55,55,55,48,38,16,16,16,16,16,37,37,37,33,33,24,59,59,59,49,0],"gold":124,"neow_bonus":"THREE_ENEMY_KILL","is_prod":false,"is_daily":false,"chose_seed":false,"campfire_upgraded":3,"win_rate":0,"timestamp":1551396818,"path_taken":["M","?","$","M","?","E","M","E","T","E","M","R","$","?","R","BOSS","M","M","?","?","$","E","M","M","T","M","R","?","E","?","R","BOSS","M","?","$","M","M","E","M","M","T","E","R","?","?","M","R","BOSS","R","$","E","BOSS"],"build_version":"2019-01-23","purchased_purges":3,"victory":false,"max_hp_per_floor":[70,70,70,70,70,70,70,70,70,70,70,70,70,70,70,70,70,70,70,70,70,70,70,70,70,70,70,70,70,70,70,70,70,70,70,70,70,70,70,70,70,70,70,70,70,70,70,70,70,70,70,70,70,70,70],"card_choices":[{"not_picked":["Flying Knee","Deadly Poison"],"picked":"Cloak And Dagger","floor":1.0},{"not_picked":["Deadly Poison","Setup"],"picked":"Escape Plan","floor":4.0},{"not_picked":["Deflect","Masterful Stab","Heel Hook"],"picked":"SKIP","floor":6.0},{"not_picked":["Deflect","Bane","Bouncing Flask"],"picked":"SKIP","floor":7.0},{"not_picked":["Malaise","Caltrops"],"picked":"Finisher","floor":8.0},{"not_picked":["All Out Attack","Slice"],"picked":"Accuracy","floor":10.0},{"not_picked":["Bouncing Flask","Setup"],"picked":"Cloak And Dagger","floor":11.0},{"not_picked":["Prepared","Backflip"],"picked":"Backstab+1","floor":14.0},{"not_picked":["Wraith Form v2","Doppelganger"],"picked":"Venomology","floor":16.0},{"not_picked":["Acrobatics","Quick Slash+1"],"picked":"Prepared","floor":18.0},{"not_picked":["Poisoned Stab+1","Backflip"],"picked":"Dagger Spray+1","floor":19.0},{"not_picked":["Catalyst+1","Acrobatics"],"picked":"Prepared+1","floor":21.0},{"not_picked":["Dagger Throw+1","Predator+1","Calculated Gamble"],"picked":"SKIP","floor":23.0},{"not_picked":["Sucker Punch+1","Bane+1"],"picked":"Cloak And Dagger+1","floor":24.0},{"not_picked":["Poisoned Stab+1","Backflip"],"picked":"Infinite Blades+1","floor":25.0},{"not_picked":["Noxious Fumes","Sucker Punch+1"],"picked":"Dagger Spray+1","floor":27.0},{"not_picked":["Unload+1","Dagger Throw+1","Dodge and Roll"],"picked":"SKIP","floor":30.0},{"not_picked":["Adrenaline","Tools of the Trade"],"picked":"After Image","floor":33.0},{"not_picked":["Bane+1","Deflect","Dagger Spray+1"],"picked":"SKIP","floor":35},{"not_picked":["Underhanded Strike+1","Dagger Spray+1","Acrobatics"],"picked":"SKIP","floor":36},{"not_picked":["Dash+1","Dodge and Roll","Malaise"],"picked":"SKIP","floor":38},{"not_picked":["PiercingWail","Deadly Poison"],"picked":"Backstab+1","floor":39},{"not_picked":["Bullet Time","Acrobatics"],"picked":"Leg Sweep+1","floor":40},{"not_picked":["Dagger Throw+1","Skewer+1","Backflip"],"picked":"SKIP","floor":41},{"not_picked":["Dagger Throw+1","Underhanded Strike+1","Sucker Punch+1"],"picked":"SKIP","floor":42},{"not_picked":["Noxious Fumes+1","Dash+1","Slice+1"],"picked":"SKIP","floor":44},{"not_picked":["Good Instincts","Purity"],"picked":"Deep Breath","floor":47},{"not_picked":["Dagger Spray+1","Bouncing Flask+1","Deflect+1"],"picked":"SKIP","floor":48},{"not_picked":["Eviscerate+1","Dodge and Roll","Heel Hook+1"],"picked":"SKIP","floor":54}],"player_experience":407209,"relics_obtained":[{"floor":6.0,"key":"Kunai"},{"floor":8.0,"key":"Gremlin Horn"},{"floor":10.0,"key":"Molten Egg 2"},{"floor":23.0,"key":"Smiling Mask"},{"floor":26.0,"key":"Vajra"},{"floor":30.0,"key":"Bag of Preparation"},{"floor":40,"key":"Bag of Marbles"},{"floor":43,"key":"Blue Candle"},{"floor":44,"key":"The Courier"},{"floor":54,"key":"Turnip"}],"event_choices":[{"damage_healed":0.0,"max_hp_gain":0.0,"max_hp_loss":0.0,"gold_gain":175.0,"event_name":"Liars Game","player_choice":"AGREE","floor":2.0,"gold_loss":0.0,"damage_taken":0.0,"cards_obtained":["Doubt"]},{"damage_healed":0.0,"max_hp_gain":0.0,"max_hp_loss":0.0,"gold_gain":0.0,"event_name":"WeMeetAgain","player_choice":"Paid Gold","floor":5.0,"gold_loss":50.0,"damage_taken":0.0,"relics_obtained":["Lantern"]},{"damage_healed":0.0,"max_hp_gain":0.0,"max_hp_loss":0.0,"gold_gain":0.0,"event_name":"Knowing Skull","player_choice":"","floor":20.0,"potions_obtained":[],"gold_loss":0.0,"damage_taken":7.0,"cards_obtained":[]},{"damage_healed":0.0,"max_hp_gain":0.0,"max_hp_loss":0.0,"gold_gain":99.0,"event_name":"Nest","player_choice":"Stole From Cult","floor":29.0,"gold_loss":0.0,"damage_taken":0.0},{"damage_healed":0.0,"max_hp_gain":0.0,"max_hp_loss":0.0,"gold_gain":0.0,"event_name":"The Woman in Blue","player_choice":"Bought 0 Potions","floor":31.0,"gold_loss":0.0,"damage_taken":0.0},{"cards_removed":["Defend_G"],"damage_healed":0,"gold_gain":0,"player_choice":"Removed Skill","damage_taken":0,"max_hp_gain":0,"max_hp_loss":0,"event_name":"Falling","floor":46,"gold_loss":0},{"damage_healed":0,"gold_gain":0,"player_choice":"Memory 1","damage_taken":0,"max_hp_gain":0,"max_hp_loss":0,"event_name":"SensoryStone","floor":47,"gold_loss":0}],"is_beta":false,"boss_relics":[{"not_picked":["Pandora\u0027s Box","Busted Crown"],"picked":"WristBlade"},{"not_picked":["Velvet Choker","Tiny House"],"picked":"Lizard Tail"}],"items_purged_floors":[13,37,53],"is_endless":false,"potions_floor_spawned":[7,8,10,14,16,19,21,23,24,30,33,36,38,40,48,54],"killed_by":"The Heart","ascension_level":7}