{"gold_per_floor":[115,27,27,37,53,85,85,105,105,105,120,137,137,169,169,240,240,255,355,280,205,218,250,250,261,261,331,349,374,374,399,399,474,474,493,503,513,513,513,538,25,25,25,25,41,75,75,93,93,93,93,93,93,14,45,45],"floor_reached":57,"playtime":3051,"items_purged":["Prepared"],"score":2785,"play_id":"a38ca706-df81-4d3d-8b3d-0286c3c9f413","local_time":"20190523194852","is_ascension_mode":true,"campfire_choices":[{"data":"Riddle With Holes","floor":7.0,"key":"SMITH"},{"data":"Riddle With Holes","floor":10.0,"key":"SMITH"},{"data":"Underhanded Strike","floor":13.0,"key":"SMITH"},{"data":"A Thousand Cuts","floor":15.0,"key":"SMITH"},{"floor":24.0,"key":"REST"},{"floor":30.0,"key":"REST"},{"data":"A Thousand Cuts","floor":32.0,"key":"SMITH"},{"data":"Wraith Form v2","floor":44.0,"key":"SMITH"},{"floor":47.0,"key":"RECALL"},{"floor":49.0,"key":"REST"},{"data":"Malaise","floor":53.0,"key":"SMITH"}],"neow_cost":"NONE","seed_source_timestamp":0,"circlet_count":0,"master_deck":["AscendersBane","Survivor","Underhanded Strike+1","Riddle With Holes+1","Riddle With Holes+1","Backflip","Quick Slash+1","Backflip","A Thousand Cuts+1","A Thousand Cuts+1","Eviscerate","Bullet Time","Noxious Fumes","Bullet Time","Dagger Spray+1","Malaise+1","Calculated Gamble","Envenom","Choke","Quick Slash","Footwork","Dodge and Roll","Dash","Wraith Form v2+1","Choke","Acrobatics","Backflip+1"],"special_seed":0,"relics":["Snecko Eye","Oddly Smooth Stone","Paper Crane","Pear","Pandora\u0027s Box","Gambling Chip","Shuriken","Pantograph","Ice Cream","Whetstone","Lantern","WristBlade","Bottled Lightning","Kunai","Chemical X","Meat on the Bone","Darkstone Periapt","Strawberry"],"potions_floor_usage":[56,56],"damage_taken":[{"damage":2.0,"enemies":"Small Slimes","floor":1.0,"turns":6.0},{"damage":0.0,"enemies":"Jaw Worm","floor":4.0,"turns":4.0},{"damage":0.0,"enemies":"Cultist","floor":5.0,"turns":3.0},{"damage":15.0,"enemies":"3 Sentries","floor":6.0,"turns":6.0},{"damage":0.0,"enemies":"Exordium Thugs","floor":8.0,"turns":4.0},{"damage":0.0,"enemies":"Red Slaver","floor":11.0,"turns":1.0},{"damage":0.0,"enemies":"Looter","floor":12.0,"turns":1.0},{"damage":5.0,"enemies":"Gremlin Nob","floor":14.0,"turns":4.0},{"damage":26.0,"enemies":"Slime Boss","floor":16.0,"turns":7.0},{"damage":8.0,"enemies":"2 Thieves","floor":18.0,"turns":3.0},{"damage":19.0,"enemies":"Colosseum Slavers","floor":19.0,"turns":3.0},{"damage":2.0,"enemies":"Colosseum Nobs","floor":19.0,"turns":3.0},{"damage":0.0,"enemies":"Shell Parasite","floor":22.0,"turns":1.0},{"damage":8.0,"enemies":"Slavers","floor":23.0,"turns":3.0},{"damage":0.0,"enemies":"Sentry and Sphere","floor":25.0,"turns":2.0},{"damage":0.0,"enemies":"Cultist and Chosen","floor":28.0,"turns":3.0},{"damage":14.0,"enemies":"Book of Stabbing","floor":29.0,"turns":3.0},{"damage":0.0,"enemies":"Gremlin Leader","floor":31.0,"turns":3.0},{"damage":4.0,"enemies":"Collector","floor":33.0,"turns":4.0},{"damage":0.0,"enemies":"3 Darklings","floor":35.0,"turns":3.0},{"damage":0.0,"enemies":"Orb Walker","floor":36.0,"turns":2.0},{"damage":0.0,"enemies":"Transient","floor":37.0,"turns":6.0},{"damage":13.0,"enemies":"Nemesis","floor":40.0,"turns":5.0},{"damage":0.0,"enemies":"Spire Growth","floor":45.0,"turns":2.0},{"damage":10.0,"enemies":"Giant Head","floor":46.0,"turns":6.0},{"damage":0.0,"enemies":"Maw","floor":48.0,"turns":3.0},{"damage":5.0,"enemies":"Donu and Deca","floor":50.0,"turns":5.0},{"damage":24.0,"enemies":"Awakened One","floor":51.0,"turns":6.0},{"damage":0,"enemies":"Shield and Spear","floor":55,"turns":5},{"damage":29,"enemies":"The Heart","floor":56,"turns":6}],"seed_played":"4187248768147261407","potions_obtained":[{"floor":5.0,"key":"SteroidPotion"},{"floor":11.0,"key":"SpeedPotion"},{"floor":12.0,"key":"Regen Potion"},{"floor":22.0,"key":"Dexterity Potion"}],"is_trial":false,"path_per_floor":["M","$","?","M","M","E","R","M","T","R","M","M","R","E","R","B",null,"M","?","?","$","M","E","R","M","T","T","M","E","R","E","R","B",null,"M","M","M","$","?","E","$","?","T","R","M","E","R","M","R","B","B",null,"R","$","E","B",null],"character_chosen":"THE_SILENT","items_purchased":["Riddle With Holes","Kunai","Chemical X","Regen Potion"],"campfire_rested":3,"item_purchase_floors":[2,41,41,54],"current_hp_per_floor":[57,57,62,62,62,47,47,47,47,47,47,47,47,52,52,26,67,59,38,38,38,38,30,54,54,54,54,54,40,64,64,64,77,80,80,80,80,80,77,64,64,64,64,64,64,54,54,54,77,72,53,71,71,71,78,55],"gold":45,"neow_bonus":"BOSS_RELIC","is_prod":false,"is_daily":false,"chose_seed":false,"campfire_upgraded":7,"win_rate":0,"timestamp":1558637332,"path_taken":["M","$","?","M","M","E","R","M","T","R","M","M","R","E","R","BOSS","M","?","?","$","M","E","R","M","T","?","M","E","R","E","R","BOSS","M","M","M","$","?","E","$","?","T","R","?","E","R","M","R","BOSS","BOSS","R","$","E","BOSS"],"build_version":"2019-01-23","purchased_purges":1,"victory":true,"max_hp_per_floor":[66,66,71,71,71,71,71,71,71,71,71,71,71,81,81,81,81,81,81,81,81,81,81,81,81,81,81,81,81,81,81,81,81,81,81,81,81,81,77,77,77,77,77,77,77,77,77,77,77,77,77,77,77,77,84,84],"card_choices":[{"not_picked":["Deadly Poison","Quick Slash"],"picked":"Underhanded Strike","floor":1.0},{"not_picked":["Reflex","Crippling Poison"],"picked":"Riddle With Holes","floor":4.0},{"not_picked":["Accuracy","Outmaneuver"],"picked":"Backflip","floor":5.0},{"not_picked":["Glass Knife","Expertise"],"picked":"Quick Slash","floor":6.0},{"not_picked":["Dodge and Roll","Deflect"],"picked":"Backflip","floor":8.0},{"not_picked":["PiercingWail","Catalyst","Bane"],"picked":"SKIP","floor":11.0},{"not_picked":["Bane","Deflect","Blade Dance"],"picked":"SKIP","floor":12.0},{"not_picked":["Slice","Masterful Stab"],"picked":"A Thousand Cuts","floor":14.0},{"not_picked":["Storm of Steel","Die Die Die"],"picked":"A Thousand Cuts","floor":16.0},{"not_picked":["Deadly Poison","PiercingWail","Underhanded Strike"],"picked":"SKIP","floor":18.0},{"not_picked":["Backflip","Deadly Poison"],"picked":"Choke","floor":22.0},{"not_picked":["Backstab","Heel Hook","Endless Agony"],"picked":"SKIP","floor":23.0},{"not_picked":["Well Laid Plans","Cloak And Dagger"],"picked":"Quick Slash","floor":25.0},{"not_picked":["Quick Slash","PiercingWail"],"picked":"Footwork","floor":28.0},{"not_picked":["Poisoned Stab","Deflect"],"picked":"Dodge and Roll","floor":29.0},{"not_picked":["Heel Hook","Grand Finale"],"picked":"Dash","floor":31.0},{"not_picked":["Glass Knife","A Thousand Cuts"],"picked":"Wraith Form v2","floor":33.0},{"not_picked":["Dagger Throw","All Out Attack","Bane"],"picked":"SKIP","floor":35.0},{"not_picked":["Outmaneuver","Poisoned Stab"],"picked":"Choke","floor":36.0},{"not_picked":["Dagger Throw+1","Reflex","Quick Slash"],"picked":"SKIP","floor":37.0},{"not_picked":["Bane","Prepared"],"picked":"Acrobatics","floor":40.0},{"not_picked":["Adrenaline","Calculated Gamble+1","Tactician"],"picked":"SKIP","floor":45.0},{"not_picked":["Flying Knee","Poisoned Stab"],"picked":"Backflip+1","floor":46.0},{"not_picked":["Poisoned Stab","Accuracy","Flying Knee"],"picked":"SKIP","floor":48.0},{"not_picked":["Accuracy","Quick Slash","Catalyst"],"picked":"SKIP","floor":55}],"player_experience":1389697,"relics_obtained":[{"floor":6.0,"key":"Oddly Smooth Stone"},{"floor":9.0,"key":"Paper Crane"},{"floor":14.0,"key":"Pear"},{"floor":19.0,"key":"Gambling Chip"},{"floor":19.0,"key":"Shuriken"},{"floor":23.0,"key":"Pantograph"},{"floor":26.0,"key":"Ice Cream"},{"floor":29.0,"key":"Whetstone"},{"floor":31.0,"key":"Lantern"},{"floor":40.0,"key":"Bottled Lightning"},{"floor":43.0,"key":"Meat on the Bone"},{"floor":46.0,"key":"Darkstone Periapt"},{"floor":55,"key":"Strawberry"}],"event_choices":[{"damage_healed":0.0,"max_hp_gain":5.0,"max_hp_loss":0.0,"gold_gain":0.0,"event_name":"Big Fish","player_choice":"Donut","floor":3.0,"gold_loss":0.0,"damage_taken":0.0},{"damage_healed":0.0,"max_hp_gain":0.0,"max_hp_loss":0.0,"gold_gain":0.0,"event_name":"Colosseum","player_choice":"Fight","floor":19.0,"gold_loss":0.0,"damage_taken":0.0},{"damage_healed":0.0,"max_hp_gain":0.0,"max_hp_loss":0.0,"gold_gain":0.0,"event_name":"Colosseum","player_choice":"Fought Nobs","floor":19.0,"gold_loss":0.0,"damage_taken":0.0},{"cards_removed":["Grand Finale"],"damage_healed":0.0,"max_hp_gain":0.0,"max_hp_loss":0.0,"gold_gain":0.0,"event_name":"Beggar","player_choice":"Gave Gold","floor":20.0,"gold_loss":75.0,"damage_taken":0.0},{"damage_healed":0.0,"max_hp_gain":0.0,"max_hp_loss":4.0,"gold_gain":0.0,"event_name":"Winding Halls","player_choice":"Max HP","floor":39.0,"gold_loss":0.0,"damage_taken":0.0},{"cards_removed":["Neutralize"],"damage_healed":0.0,"max_hp_gain":0.0,"max_hp_loss":0.0,"gold_gain":0.0,"event_name":"Bonfire Elementals","player_choice":"Offered Basic","floor":42.0,"gold_loss":0.0,"damage_taken":0.0}],"is_beta":false,"boss_relics":[{"not_picked":["Empty Cage","Sozu"],"picked":"Pandora\u0027s Box"},{"not_picked":["Calling Bell","Coffee Dripper"],"picked":"WristBlade"}],"items_purged_floors":[21],"is_endless":false,"potions_floor_spawned":[5,11,12,19,22,23,33,35,36,45],"ascension_level":20}