{"gold_per_floor":[112,124,124,137,149,177,177,177,177,191,75,88,88,88,88,181,181,206,37,81,81,81,97,97,97,97,111,111,124,124,159,159,159],"floor_reached":33,"playtime":1033,"items_purged":["Strike_B"],"score":630,"play_id":"8fe0f5b7-2c14-4436-ac06-a99086907850","local_time":"20190217175916","is_ascension_mode":true,"campfire_choices":[{"floor":8.0,"key":"REST"},{"floor":13.0,"key":"DIG"},{"floor":15.0,"key":"REST"},{"floor":25.0,"key":"REST"},{"floor":30,"key":"REST"},{"data":"Defragment","floor":32,"key":"SMITH"}],"neow_cost":"NONE","seed_source_timestamp":94088062641400,"circlet_count":0,"master_deck":["AscendersBane","Defend_B","Defend_B","Defend_B","Defend_B","Zap+1","Dualcast+1","Gash","Rebound","Gash","Ball Lightning","Beam Cell","Ball Lightning","Scrape","Melter","Injury","Core Surge","Echo Form+1","Double Energy+1","Auto Shields+1","Defragment+1","Leap","Steam","Leap","Coolheaded","All For One"],"special_seed":0,"relics":["Cracked Core","NeowsBlessing","FossilizedHelix","Shovel","Bottled Flame","Golden Idol","Astrolabe","Lantern","Red Mask","MutagenicStrength","Pantograph","Dodecahedron"],"potions_floor_usage":[31,31],"damage_taken":[{"damage":0.0,"enemies":"Small Slimes","floor":1.0,"turns":1.0},{"damage":0.0,"enemies":"2 Louse","floor":2.0,"turns":1.0},{"damage":0.0,"enemies":"Jaw Worm","floor":4.0,"turns":1.0},{"damage":11.0,"enemies":"Large Slime","floor":5.0,"turns":5.0},{"damage":30.0,"enemies":"Lagavulin","floor":6.0,"turns":7.0},{"damage":3.0,"enemies":"Blue Slaver","floor":10.0,"turns":3.0},{"damage":0.0,"enemies":"Looter","floor":12.0,"turns":2.0},{"damage":0.0,"enemies":"Slime Boss","floor":16.0,"turns":5.0},{"damage":18.0,"enemies":"Shell Parasite","floor":18.0,"turns":4.0},{"damage":26.0,"enemies":"Masked Bandits","floor":20.0,"turns":5.0},{"damage":0.0,"enemies":"Spheric Guardian","floor":23.0,"turns":3.0},{"damage":1.0,"enemies":"Snecko","floor":27.0,"turns":5.0},{"damage":25.0,"enemies":"Shelled Parasite and Fungi","floor":29.0,"turns":5.0},{"damage":27,"enemies":"Slavers","floor":31,"turns":6},{"damage":56,"enemies":"Champ","floor":33,"turns":9}],"seed_played":"-8851352378241758238","potions_obtained":[{"floor":2.0,"key":"Energy Potion"},{"floor":10.0,"key":"Swift Potion"},{"floor":16.0,"key":"Block Potion"},{"floor":27.0,"key":"Ancient Potion"},{"floor":29.0,"key":"SpeedPotion"}],"is_trial":false,"path_per_floor":["M","M","?","M","M","E","?","R","T","M","$","M","R","?","R","B",null,"M","$","?","$","?","M","?","R","T","M","?","M","R","E","R","B"],"character_chosen":"DEFECT","items_purchased":["Scrape","Lantern"],"campfire_rested":4,"item_purchase_floors":[11,19],"current_hp_per_floor":[64,64,43,43,32,2,2,23,23,20,20,20,20,20,41,41,64,46,46,20,20,20,20,20,41,41,40,54,29,50,23,23,0],"gold":159,"neow_bonus":"THREE_ENEMY_KILL","is_prod":false,"is_daily":false,"chose_seed":false,"campfire_upgraded":1,"win_rate":0,"timestamp":1550426356,"path_taken":["M","M","?","M","M","E","?","R","T","M","$","M","R","?","R","BOSS","M","$","?","$","?","M","?","R","T","M","?","?","R","E","R","BOSS"],"build_version":"2019-01-23","purchased_purges":1,"victory":false,"max_hp_per_floor":[71,71,71,71,71,71,71,71,71,71,71,71,71,71,71,71,71,71,71,71,71,71,71,71,71,71,71,71,71,71,71,71,71],"card_choices":[{"not_picked":["Reprogram","Beam Cell"],"picked":"Gash","floor":1.0},{"not_picked":["Hologram","Chaos"],"picked":"Rebound","floor":2.0},{"not_picked":["Cold Snap","Rebound"],"picked":"Gash","floor":4.0},{"not_picked":["Cold Snap","Gash"],"picked":"Ball Lightning","floor":5.0},{"not_picked":["Redo","Static Discharge"],"picked":"Beam Cell","floor":6.0},{"not_picked":["Storm","Rebound"],"picked":"Ball Lightning","floor":10.0},{"not_picked":["Heatsinks","Hello World"],"picked":"Melter","floor":12.0},{"not_picked":["Amplify","Hyperbeam"],"picked":"Core Surge","floor":16.0},{"not_picked":["Ball Lightning","Steam"],"picked":"Defragment","floor":18.0},{"not_picked":["Scrape","Reinforced Body+1"],"picked":"Leap","floor":20.0},{"not_picked":["Go for the Eyes","Rebound"],"picked":"Steam","floor":23.0},{"not_picked":["Skim","Beam Cell+1"],"picked":"Leap","floor":27.0},{"not_picked":["Hologram","Blizzard"],"picked":"Coolheaded","floor":29.0},{"not_picked":["Capacitor","White Noise"],"picked":"All For One","floor":31}],"player_experience":1217737,"relics_obtained":[{"floor":6.0,"key":"FossilizedHelix"},{"floor":9.0,"key":"Shovel"},{"floor":13.0,"key":"Bottled Flame"},{"floor":20.0,"key":"Red Mask"},{"floor":26.0,"key":"Pantograph"},{"floor":31,"key":"Dodecahedron"}],"event_choices":[{"damage_healed":0.0,"max_hp_gain":0.0,"max_hp_loss":0.0,"gold_gain":0.0,"event_name":"Shining Light","player_choice":"Entered Light","floor":3.0,"gold_loss":0.0,"damage_taken":21.0,"cards_upgraded":["Dualcast","Zap"]},{"damage_healed":0.0,"max_hp_gain":0.0,"max_hp_loss":0.0,"gold_gain":0.0,"event_name":"Scrap Ooze","player_choice":"Fled","floor":7.0,"gold_loss":0.0,"damage_taken":0.0},{"damage_healed":0.0,"max_hp_gain":0.0,"max_hp_loss":0.0,"gold_gain":0.0,"event_name":"Golden Idol","player_choice":"Take Wound","floor":14.0,"gold_loss":0.0,"damage_taken":0.0,"relics_obtained":["Golden Idol"],"cards_obtained":["Injury"]},{"damage_healed":0.0,"max_hp_gain":0.0,"max_hp_loss":0.0,"gold_gain":0.0,"event_name":"Masked Bandits","player_choice":"Fought Bandits","floor":20.0,"gold_loss":0.0,"damage_taken":0.0},{"damage_healed":0.0,"max_hp_gain":0.0,"max_hp_loss":0.0,"gold_gain":0.0,"event_name":"Cursed Tome","player_choice":"Ignored","floor":22.0,"gold_loss":0.0,"damage_taken":0.0},{"damage_healed":0.0,"max_hp_gain":0.0,"max_hp_loss":0.0,"gold_gain":0.0,"event_name":"Drug Dealer","player_choice":"Inject Mutagens","floor":24.0,"gold_loss":0.0,"damage_taken":0.0,"relics_obtained":["MutagenicStrength"]},{"damage_healed":14.0,"max_hp_gain":0.0,"max_hp_loss":0.0,"gold_gain":0.0,"event_name":"The Library","player_choice":"Heal","floor":28.0,"gold_loss":0.0,"damage_taken":0.0}],"is_beta":false,"boss_relics":[{"not_picked":["Tiny House","Runic Dome"],"picked":"Astrolabe"}],"items_purged_floors":[11],"is_endless":false,"potions_floor_spawned":[2,10,16,27,29],"killed_by":"Champ","ascension_level":20}