{"gold_per_floor":[119,137,51,71,51,76,76,94,162,162,177,177,187,187,187,187],"floor_reached":16,"playtime":395,"items_purged":[],"score":204,"play_id":"24154b45-e51d-4769-ac56-ca8d7743403e","local_time":"20190519214320","is_ascension_mode":true,"campfire_choices":[{"floor":7.0,"key":"REST"},{"data":"Noxious Fumes","floor":10.0,"key":"SMITH"},{"floor":12.0,"key":"REST"},{"data":"Neutralize","floor":15.0,"key":"SMITH"}],"neow_cost":"PERCENT_DAMAGE","seed_source_timestamp":274181694627300,"circlet_count":0,"master_deck":["AscendersBane","Defend_G","Defend_G","Defend_G","Defend_G","Defend_G","Strike_G","Strike_G","Strike_G","Strike_G","Strike_G","Survivor","Neutralize+1","Flying Knee","Flying Knee","Noxious Fumes+1","Predator","Predator","Dash","Deadly Poison","Dagger Spray"],"special_seed":0,"relics":["Ring of the Snake","Bird Faced Urn","Ginger","Blue Candle","GremlinMask"],"potions_floor_usage":[16],"damage_taken":[{"damage":1.0,"enemies":"Small Slimes","floor":1.0,"turns":4.0},{"damage":1.0,"enemies":"Cultist","floor":2.0,"turns":4.0},{"damage":3.0,"enemies":"2 Louse","floor":4.0,"turns":3.0},{"damage":37.0,"enemies":"Gremlin Nob","floor":6.0,"turns":5.0},{"damage":11.0,"enemies":"Lots of Slimes","floor":8.0,"turns":4.0},{"damage":11.0,"enemies":"Large Slime","floor":11.0,"turns":4.0},{"damage":7.0,"enemies":"3 Louse","floor":13.0,"turns":3.0},{"damage":38,"enemies":"Slime Boss","floor":16,"turns":7}],"seed_played":"4915573317605449125","potions_obtained":[{"floor":2.0,"key":"Fruit Juice"},{"floor":5.0,"key":"Block Potion"},{"floor":6.0,"key":"Block Potion"},{"floor":11.0,"key":"EssenceOfSteel"}],"is_trial":false,"path_per_floor":["M","M","$","M","?","E","R","M","T","R","M","R","M","?","R","B"],"character_chosen":"THE_SILENT","items_purchased":["Noxious Fumes"],"campfire_rested":2,"item_purchase_floors":[3],"current_hp_per_floor":[43,42,42,46,46,11,32,23,23,23,14,35,28,28,28,0],"gold":187,"neow_bonus":"ONE_RARE_RELIC","is_prod":false,"is_daily":false,"chose_seed":false,"campfire_upgraded":2,"win_rate":0,"timestamp":1558298600,"path_taken":["M","M","$","M","?","E","R","M","T","R","?","R","M","?","R","BOSS"],"build_version":"2019-01-23","purchased_purges":0,"victory":false,"max_hp_per_floor":[66,66,66,71,71,71,71,71,71,71,71,71,71,71,71,71],"card_choices":[{"not_picked":["PiercingWail","Bane"],"picked":"Flying Knee","floor":1.0},{"not_picked":["Backflip","Poisoned Stab"],"picked":"Flying Knee","floor":2.0},{"not_picked":["Dodge and Roll","Setup"],"picked":"Predator","floor":4.0},{"not_picked":["Venomology","Crippling Poison"],"picked":"Predator","floor":6.0},{"not_picked":["Deflect","Dagger Spray"],"picked":"Dash","floor":8.0},{"not_picked":["Flying Knee","Backstab"],"picked":"Deadly Poison","floor":11.0},{"not_picked":["Dagger Throw","Eviscerate"],"picked":"Dagger Spray","floor":13.0}],"player_experience":1366715,"relics_obtained":[{"floor":6.0,"key":"Ginger"},{"floor":9.0,"key":"Blue Candle"}],"event_choices":[{"damage_healed":0.0,"max_hp_gain":0.0,"max_hp_loss":0.0,"gold_gain":0.0,"event_name":"The Woman in Blue","player_choice":"Bought 1 Potion","floor":5.0,"gold_loss":0.0,"damage_taken":0.0},{"damage_healed":0.0,"max_hp_gain":0.0,"max_hp_loss":0.0,"gold_gain":0.0,"event_name":"FaceTrader","player_choice":"Trade","floor":14.0,"gold_loss":0.0,"damage_taken":0.0,"relics_obtained":["GremlinMask"]}],"is_beta":false,"boss_relics":[],"items_purged_floors":[],"is_endless":false,"potions_floor_spawned":[2,6,11],"killed_by":"Slime Boss","ascension_level":20}