{"gold_per_floor":[115,65,65,80,99,99,133,150,150,150,166,21,21,53,53,157,157,167,177,177,92,112,112,147,147,204,230,242,242,260,288,288,384,384,394,407,407,407,407,437,488,503,503,529,44,44,19,19,19,19,19,19,19,50,50],"floor_reached":55,"playtime":4559,"items_purged":[],"score":866,"play_id":"173cc5f5-85c6-467d-9765-4dac0e6ec88c","local_time":"20190114070840","is_ascension_mode":false,"campfire_choices":[{"data":"Neutralize","floor":6.0,"key":"SMITH"},{"floor":10.0,"key":"RECALL"},{"floor":13.0,"key":"REST"},{"data":"Bullet Time","floor":15.0,"key":"SMITH"},{"data":"Accuracy","floor":23.0,"key":"SMITH"},{"data":"Burst","floor":25.0,"key":"SMITH"},{"floor":32.0,"key":"REST"},{"floor":46.0,"key":"REST"},{"data":"Envenom","floor":49.0,"key":"SMITH"},{"data":"Accuracy","floor":52.0,"key":"SMITH"}],"neow_cost":"NONE","seed_source_timestamp":128896495282555,"circlet_count":0,"master_deck":["Survivor","Neutralize+1","Burst+1","Quick Slash","Escape Plan","Blade Dance","Bullet Time+1","Sucker Punch","Blade Dance","Dagger Spray","A Thousand Cuts","Cloak And Dagger","Predator","Dodge and Roll","Bullet Time","Die Die Die","Venomology","Leg Sweep","Accuracy+1","Infinite Blades+1","Dash","Envenom+1","Cloak And Dagger","Noxious Fumes+1","Accuracy+1","Cloak And Dagger","Cloak And Dagger"],"special_seed":0,"relics":["Ring of the Snake","Paper Crane","Omamori","Mango","Pandora\u0027s Box","MutagenicStrength","Oddly Smooth Stone","Ice Cream","Tiny Chest","Pear","Snake Skull","Darkstone Periapt","Cursed Key","Pocketwatch","Dream Catcher","Ornamental Fan","Strawberry","Toy Ornithopter","The Specimen","Blood Vial"],"potions_floor_usage":[55,55,55,55,55],"damage_taken":[{"damage":2.0,"enemies":"Small Slimes","floor":1.0,"turns":3.0},{"damage":1.0,"enemies":"Cultist","floor":4.0,"turns":4.0},{"damage":0.0,"enemies":"Jaw Worm","floor":5.0,"turns":4.0},{"damage":34.0,"enemies":"3 Sentries","floor":7.0,"turns":18.0},{"damage":7.0,"enemies":"Exordium Wildlife","floor":8.0,"turns":6.0},{"damage":2.0,"enemies":"Blue Slaver","floor":11.0,"turns":5.0},{"damage":18.0,"enemies":"Gremlin Nob","floor":14.0,"turns":5.0},{"damage":31.0,"enemies":"The Guardian","floor":16.0,"turns":11.0},{"damage":2.0,"enemies":"Shell Parasite","floor":18.0,"turns":5.0},{"damage":8.0,"enemies":"3 Byrds","floor":19.0,"turns":4.0},{"damage":6.0,"enemies":"Snecko","floor":22.0,"turns":4.0},{"damage":0.0,"enemies":"Book of Stabbing","floor":24.0,"turns":5.0},{"damage":28.0,"enemies":"Gremlin Leader","floor":27.0,"turns":9.0},{"damage":11.0,"enemies":"Shelled Parasite and Fungi","floor":28.0,"turns":4.0},{"damage":11.0,"enemies":"Snake Plant","floor":30.0,"turns":5.0},{"damage":0.0,"enemies":"Book of Stabbing","floor":31.0,"turns":4.0},{"damage":15.0,"enemies":"Champ","floor":33.0,"turns":9.0},{"damage":12.0,"enemies":"3 Shapes","floor":35.0,"turns":4.0},{"damage":0.0,"enemies":"Orb Walker","floor":36.0,"turns":3.0},{"damage":29.0,"enemies":"Nemesis","floor":40.0,"turns":6.0},{"damage":10.0,"enemies":"Spire Growth","floor":42.0,"turns":4.0},{"damage":14.0,"enemies":"Reptomancer","floor":44.0,"turns":4.0},{"damage":33.0,"enemies":"Awakened One","floor":50.0,"turns":10.0},{"damage":40.0,"enemies":"Shield and Spear","floor":54.0,"turns":7.0},{"damage":111,"enemies":"The Heart","floor":55,"turns":5}],"seed_played":"8945207463234730447","potions_obtained":[{"floor":1.0,"key":"Block Potion"},{"floor":11.0,"key":"Regen Potion"},{"floor":14.0,"key":"PowerPotion"},{"floor":22.0,"key":"SpeedPotion"},{"floor":27.0,"key":"LiquidBronze"},{"floor":28.0,"key":"SpeedPotion"},{"floor":31.0,"key":"Ancient Potion"},{"floor":33.0,"key":"Fruit Juice"},{"floor":35.0,"key":"Swift Potion"},{"floor":44.0,"key":"Energy Potion"}],"is_trial":false,"path_per_floor":["M","?","?","M","M","R","E","M","T","R","M","$","R","E","R","B",null,"M","M","?","?","M","R","E","R","T","E","M","T","M","E","R","B",null,"M","M","?","?","?","E","T","M","T","E","$","R","$","?","R","B",null,"R","$","E","B"],"character_chosen":"THE_SILENT","items_purchased":["Omamori","Toy Ornithopter","The Specimen","Cloak And Dagger"],"campfire_rested":3,"item_purchase_floors":[12,45,45,47],"current_hp_per_floor":[68,68,68,67,67,67,33,26,26,26,24,24,45,55,55,24,84,82,74,74,74,68,68,68,68,68,50,39,39,28,28,56,46,99,87,87,87,87,87,58,58,48,48,41,41,72,72,72,72,44,106,106,106,71,0],"gold":50,"neow_bonus":"ONE_RANDOM_RARE_CARD","is_prod":false,"is_daily":false,"chose_seed":false,"campfire_upgraded":6,"win_rate":0,"timestamp":1547420920,"path_taken":["M","?","?","?","M","R","E","?","T","R","M","$","R","E","R","BOSS","M","M","?","?","M","R","E","R","T","E","M","?","M","E","R","BOSS","M","M","?","?","?","E","?","?","T","E","$","R","$","?","R","BOSS","R","$","E","BOSS"],"build_version":"2019-01-10","purchased_purges":0,"victory":false,"max_hp_per_floor":[70,70,70,70,70,70,70,70,70,70,70,70,70,84,84,84,84,84,84,84,84,84,84,84,84,84,94,94,94,94,94,94,99,99,99,99,99,99,99,99,99,99,99,106,106,106,106,106,106,106,106,106,106,106,106],"card_choices":[{"not_picked":["Terror","Bane"],"picked":"Quick Slash","floor":1.0},{"not_picked":["Dagger Throw","PiercingWail"],"picked":"Escape Plan","floor":4.0},{"not_picked":["Blur","Finisher"],"picked":"Blade Dance","floor":5.0},{"not_picked":["Endless Agony","Heel Hook"],"picked":"Bullet Time","floor":7.0},{"not_picked":["Catalyst","Dodge and Roll"],"picked":"Sucker Punch","floor":8.0},{"not_picked":["Dodge and Roll","Outmaneuver"],"picked":"Blade Dance","floor":11.0},{"not_picked":["Choke","Terror"],"picked":"Dagger Spray","floor":14.0},{"not_picked":["Malaise","Night Terror"],"picked":"A Thousand Cuts","floor":16.0},{"not_picked":["Blade Dance","Predator+1"],"picked":"Accuracy","floor":18.0},{"not_picked":["Blur","Dodge and Roll","Dagger Throw+1"],"picked":"SKIP","floor":19.0},{"not_picked":["Dodge and Roll","Backflip"],"picked":"Infinite Blades+1","floor":22.0},{"not_picked":["Dagger Throw","Eviscerate+1"],"picked":"Dash","floor":24.0},{"not_picked":["Expertise","Prepared"],"picked":"Envenom","floor":27.0},{"not_picked":["Deflect+1","Tactician"],"picked":"Cloak And Dagger","floor":28.0},{"not_picked":["Outmaneuver","Calculated Gamble","Backflip"],"picked":"SKIP","floor":30.0},{"not_picked":["Flechettes","Poisoned Stab+1","All Out Attack"],"picked":"SKIP","floor":31.0},{"not_picked":["PiercingWail","Finisher","Endless Agony+1"],"picked":"SKIP","floor":35.0},{"not_picked":["Backflip+1","Caltrops+1"],"picked":"Noxious Fumes+1","floor":36.0},{"not_picked":["Swift Strike","PanicButton"],"picked":"Jack Of All Trades","floor":37.0},{"not_picked":["Riddle With Holes+1","Sucker Punch+1"],"picked":"Accuracy","floor":40.0},{"not_picked":["Flying Knee","Setup+1","Tactician+1"],"picked":"SKIP","floor":42.0},{"not_picked":["Prepared","Flying Knee+1"],"picked":"Cloak And Dagger","floor":44.0},{"not_picked":["Deadly Poison","PiercingWail","Cloak And Dagger"],"picked":"SKIP","floor":54.0}],"player_experience":378930,"relics_obtained":[{"floor":7.0,"key":"Paper Crane"},{"floor":14.0,"key":"Mango"},{"floor":24.0,"key":"Ice Cream"},{"floor":26.0,"key":"Tiny Chest"},{"floor":27.0,"key":"Pear"},{"floor":29.0,"key":"Snake Skull"},{"floor":31.0,"key":"Darkstone Periapt"},{"floor":40.0,"key":"Pocketwatch"},{"floor":41.0,"key":"Dream Catcher"},{"floor":43.0,"key":"Ornamental Fan"},{"floor":44.0,"key":"Strawberry"},{"floor":54.0,"key":"Blood Vial"}],"event_choices":[{"cards_removed":["Strike_G"],"damage_healed":0.0,"max_hp_gain":0.0,"max_hp_loss":0.0,"gold_gain":0.0,"event_name":"The Cleric","player_choice":"Card Removal","floor":2.0,"gold_loss":50.0,"damage_taken":0.0},{"cards_removed":["Defend_G"],"damage_healed":0.0,"max_hp_gain":0.0,"max_hp_loss":0.0,"gold_gain":0.0,"event_name":"Bonfire Elementals","player_choice":"Offered Basic","floor":3.0,"gold_loss":0.0,"damage_taken":0.0},{"damage_healed":0.0,"max_hp_gain":0.0,"max_hp_loss":0.0,"gold_gain":0.0,"event_name":"Drug Dealer","player_choice":"Inject Mutagens","floor":20.0,"gold_loss":0.0,"damage_taken":0.0,"relics_obtained":["MutagenicStrength"]},{"damage_healed":0.0,"max_hp_gain":0.0,"max_hp_loss":0.0,"gold_gain":0.0,"event_name":"Addict","player_choice":"Obtained Relic","floor":21.0,"gold_loss":85.0,"damage_taken":0.0,"relics_obtained":["Oddly Smooth Stone"]},{"damage_healed":0.0,"max_hp_gain":0.0,"max_hp_loss":0.0,"gold_gain":0.0,"event_name":"SensoryStone","player_choice":"Memory 1","floor":37.0,"gold_loss":0.0,"damage_taken":0.0},{"cards_removed":["Jack Of All Trades"],"damage_healed":0.0,"max_hp_gain":0.0,"max_hp_loss":0.0,"gold_gain":0.0,"event_name":"Falling","player_choice":"Removed Skill","floor":38.0,"gold_loss":0.0,"damage_taken":0.0},{"damage_healed":0.0,"max_hp_gain":0.0,"max_hp_loss":0.0,"gold_gain":0.0,"event_name":"Tomb of Lord Red Mask","player_choice":"Ignored","floor":39.0,"gold_loss":0.0,"damage_taken":0.0},{"cards_removed":["Underhanded Strike"],"damage_healed":0.0,"max_hp_gain":0.0,"max_hp_loss":0.0,"gold_gain":0.0,"event_name":"Purifier","player_choice":"Purged","floor":48.0,"gold_loss":0.0,"damage_taken":0.0}],"is_beta":false,"boss_relics":[{"not_picked":["White Beast Statue","Lizard Tail"],"picked":"Pandora\u0027s Box"},{"not_picked":["Busted Crown","Philosopher\u0027s Stone"],"picked":"Cursed Key"}],"items_purged_floors":[],"is_endless":false,"potions_floor_spawned":[1,11,14,22,27,28,31,33,35,44,54],"killed_by":"The Heart","ascension_level":0}