{"gold_per_floor":[14,14,14,14,29,63,63,78,78,78,106,123,91,103,103,204,204,214,233,233,250,94,94,113,133,133,133,133,33,33,61,61,156,156,170,187,203,222,0,25,25],"floor_reached":41,"playtime":1915,"items_purged":["Shame","Defend_B"],"score":476,"play_id":"7a8e9781-8931-49e2-8109-0a385032c65e","local_time":"20181127114836","is_ascension_mode":true,"campfire_choices":[{"data":"Dualcast","floor":7,"key":"SMITH"},{"floor":10,"key":"REST"},{"data":"Chaos","floor":15,"key":"SMITH"},{"data":"Consume","floor":23,"key":"SMITH"},{"floor":27,"key":"REST"},{"floor":30,"key":"REST"},{"data":"Thunder Strike","floor":32,"key":"SMITH"}],"neow_cost":"NO_GOLD","seed_source_timestamp":211563982708116,"circlet_count":0,"master_deck":["Defend_B","Defend_B","Zap","Dualcast+1","Consume+1","Steam","Chill","Ball Lightning","Cold Snap","Chaos+1","Thunder Strike+1","Defragment+1","Conserve Battery","Glacier","Ball Lightning+1","FTL","Melter","Buffer","Loop+1","Loop"],"relics":["Cracked Core","Sundial","Shuriken","Calipers","Empty Cage","Boot","Strawberry","Black Star","Red Mask","Kunai","Ornamental Fan"],"potions_floor_usage":[11,16,28,36,37,41],"damage_taken":[{"damage":1,"enemies":"Jaw Worm","floor":1,"turns":3},{"damage":0,"enemies":"Small Slimes","floor":5,"turns":3},{"damage":30,"enemies":"3 Sentries","floor":6,"turns":7},{"damage":0,"enemies":"Cultist","floor":8,"turns":3},{"damage":15,"enemies":"Lagavulin","floor":11,"turns":6},{"damage":8,"enemies":"Large Slime","floor":12,"turns":4},{"damage":0,"enemies":"2 Fungi Beasts","floor":14,"turns":3},{"damage":24,"enemies":"The Guardian","floor":16,"turns":9},{"damage":6,"enemies":"Spheric Guardian","floor":18,"turns":4},{"damage":24,"enemies":"2 Thieves","floor":19,"turns":4},{"damage":10,"enemies":"Snake Plant","floor":21,"turns":4},{"damage":15,"enemies":"Sentry and Sphere","floor":24,"turns":7},{"damage":5,"enemies":"Cultist and Chosen","floor":25,"turns":5},{"damage":9,"enemies":"Colosseum Slavers","floor":28,"turns":4},{"damage":16,"enemies":"Book of Stabbing","floor":31,"turns":7},{"damage":2,"enemies":"Champ","floor":33,"turns":10},{"damage":8,"enemies":"3 Darklings","floor":35,"turns":7},{"damage":29,"enemies":"3 Shapes","floor":36,"turns":5},{"damage":14,"enemies":"Transient","floor":37,"turns":5},{"damage":15,"enemies":"Spire Growth","floor":38,"turns":5},{"damage":28,"enemies":"Giant Head","floor":40,"turns":12},{"damage":3,"enemies":"4 Shapes","floor":41,"turns":1}],"seed_played":"930886105564513418","potions_obtained":[{"floor":6,"key":"Weak Potion"},{"floor":12,"key":"Weak Potion"},{"floor":14,"key":"SmokeBomb"},{"floor":16,"key":"FearPotion"},{"floor":18,"key":"Weak Potion"},{"floor":21,"key":"SteroidPotion"},{"floor":24,"key":"SkillPotion"},{"floor":31,"key":"Regen Potion"},{"floor":33,"key":"AttackPotion"},{"floor":36,"key":"LiquidBronze"}],"is_trial":false,"path_per_floor":["M","?","?","?","M","E","R","M","T","R","E","M","?","M","R","B",null,"M","M","?","M","$","R","M","M","T","R","?","$","R","E","R","B",null,"M","M","M","M","?","E","M"],"character_chosen":"DEFECT","items_purchased":["Glacier"],"campfire_rested":3,"item_purchase_floors":[22],"current_hp_per_floor":[74,67,67,67,67,37,37,37,37,59,44,36,36,36,36,12,75,69,45,45,35,35,35,20,15,15,37,28,28,50,41,41,39,82,74,45,45,30,30,2,0],"gold":25,"neow_bonus":"TRANSFORM_TWO_CARDS","is_prod":false,"is_daily":false,"chose_seed":false,"campfire_upgraded":4,"win_rate":0,"timestamp":1543319316,"path_taken":["M","?","?","?","M","E","R","?","T","R","E","M","?","M","R","BOSS","M","M","?","M","$","R","M","M","T","R","?","?","R","E","R","BOSS","M","M","M","M","?","E","M"],"build_version":"2018-11-15","purchased_purges":2,"victory":false,"max_hp_per_floor":[75,75,75,75,75,75,75,75,75,75,75,75,75,75,75,75,75,75,75,75,75,75,75,75,75,75,75,75,75,75,82,82,82,82,82,82,82,82,82,82,82],"card_choices":[{"not_picked":["Turbo","Streamline"],"picked":"Steam","floor":1},{"not_picked":["Stack","Turbo","Steam"],"picked":"SKIP","floor":5},{"not_picked":["All For One","Consume"],"picked":"Chill","floor":6},{"not_picked":["Stack","Barrage"],"picked":"Ball Lightning","floor":8},{"not_picked":["Darkness","All For One"],"picked":"Cold Snap","floor":11},{"not_picked":["Beam Cell","Consume","Sunder"],"picked":"SKIP","floor":12},{"not_picked":["Beam Cell","Steam"],"picked":"Chaos","floor":14},{"not_picked":["Creative AI","Biased Cognition"],"picked":"Thunder Strike","floor":16},{"not_picked":["Hologram","Undo"],"picked":"Defragment+1","floor":18},{"not_picked":["Coolheaded","Barrage"],"picked":"Conserve Battery","floor":19},{"not_picked":["Conserve Battery","Static Discharge+1","Turbo"],"picked":"SKIP","floor":21},{"not_picked":["Gash","Leap+1"],"picked":"Ball Lightning+1","floor":24},{"not_picked":["Beam Cell","Gash"],"picked":"FTL","floor":25},{"not_picked":["Ball Lightning","BootSequence"],"picked":"Melter","floor":31},{"not_picked":["Biased Cognition","Thunder Strike"],"picked":"Buffer","floor":33},{"not_picked":["Gash","Sweeping Beam+1","Lockon+1"],"picked":"SKIP","floor":35},{"not_picked":["Conserve Battery","Go for the Eyes+1"],"picked":"Loop+1","floor":36},{"not_picked":["Beam Cell","Cold Snap+1","Stack"],"picked":"SKIP","floor":37},{"not_picked":["Storm","Genetic Algorithm"],"picked":"Loop","floor":38},{"not_picked":["Consume+1","Rainbow","Compile Driver+1"],"picked":"SKIP","floor":40}],"player_experience":193130,"relics_obtained":[{"floor":6,"key":"Sundial"},{"floor":9,"key":"Shuriken"},{"floor":11,"key":"Calipers"},{"floor":31,"key":"Strawberry"},{"floor":40,"key":"Kunai"},{"floor":40,"key":"Ornamental Fan"}],"event_choices":[{"cards_removed":["Static Discharge"],"damage_healed":0,"gold_gain":0,"player_choice":"Card Removal","damage_taken":7,"max_hp_gain":0,"max_hp_loss":0,"event_name":"Golden Wing","floor":2,"gold_loss":0},{"damage_healed":0,"gold_gain":0,"player_choice":"Ignored","damage_taken":0,"max_hp_gain":0,"max_hp_loss":0,"event_name":"Liars Game","floor":3,"gold_loss":0},{"cards_removed":["Defend_B"],"damage_healed":0,"gold_gain":0,"player_choice":"Offered Basic","damage_taken":0,"max_hp_gain":0,"max_hp_loss":0,"event_name":"Bonfire Elementals","floor":4,"gold_loss":0},{"damage_healed":0,"gold_gain":0,"player_choice":"Left Gold","damage_taken":0,"max_hp_gain":0,"max_hp_loss":0,"event_name":"World of Goop","floor":13,"gold_loss":32},{"damage_healed":0,"gold_gain":0,"player_choice":"Stole Relic","damage_taken":0,"relics_obtained":["Boot"],"max_hp_gain":0,"max_hp_loss":0,"event_name":"Addict","floor":20,"gold_loss":0,"cards_obtained":["Shame"]},{"damage_healed":0,"gold_gain":0,"player_choice":"Fight","damage_taken":0,"max_hp_gain":0,"max_hp_loss":0,"event_name":"Colosseum","floor":28,"gold_loss":0},{"damage_healed":0,"gold_gain":0,"player_choice":"Fled From Nobs","damage_taken":0,"max_hp_gain":0,"max_hp_loss":0,"event_name":"Colosseum","floor":28,"gold_loss":0},{"damage_healed":0,"gold_gain":0,"player_choice":"Paid","damage_taken":0,"relics_obtained":["Red Mask"],"max_hp_gain":0,"max_hp_loss":0,"event_name":"Tomb of Lord Red Mask","floor":39,"gold_loss":222}],"is_beta":true,"boss_relics":[{"not_picked":["Tiny House","Fusion Hammer"],"picked":"Empty Cage"},{"not_picked":["Calling Bell","Astrolabe"],"picked":"Black Star"}],"items_purged_floors":[22,29],"is_endless":false,"potions_floor_spawned":[6,12,14,16,18,21,24,31,33,36],"killed_by":"4 Shapes","ascension_level":1}