{"gold_per_floor":[115,115,115,65,83,113,113,130,130,156,32,32],"floor_reached":12,"playtime":1392,"items_purged":[],"score":99,"play_id":"d5a22338-02d9-451a-8f4a-3319b64b9394","local_time":"20181129224130","is_ascension_mode":true,"campfire_choices":[{"data":"Zap","floor":7,"key":"SMITH"}],"neow_cost":"NONE","seed_source_timestamp":12079470469992,"circlet_count":0,"master_deck":["Strike_B","Strike_B","Defend_B","Defend_B","Defend_B","Defend_B","Zap+1","Dualcast+1","Chaos+1","Coolheaded","Barrage","Conserve Battery","Undo","Conserve Battery","Defragment","BootSequence","Leap"],"relics":["Cracked Core","Bird Faced Urn","The Courier","Du-Vu Doll","Shuriken"],"potions_floor_usage":[10],"damage_taken":[{"damage":6,"enemies":"Jaw Worm","floor":1,"turns":4},{"damage":5,"enemies":"Small Slimes","floor":5,"turns":2},{"damage":13,"enemies":"Lagavulin","floor":6,"turns":5},{"damage":0,"enemies":"2 Louse","floor":8,"turns":2},{"damage":9,"enemies":"3 Sentries","floor":10,"turns":8},{"damage":31,"enemies":"Gremlin Nob","floor":12,"turns":4}],"seed_played":"-1541277190598547710","potions_obtained":[{"floor":6,"key":"PowerPotion"},{"floor":10,"key":"Ancient Potion"}],"is_trial":false,"path_per_floor":["M","?","?","?","M","E","R","M","T","E","$","E"],"character_chosen":"DEFECT","items_purchased":["Defragment","BootSequence","Leap"],"campfire_rested":0,"item_purchase_floors":[11,11,11],"current_hp_per_floor":[69,57,42,42,37,24,24,24,24,17,17,0],"gold":32,"neow_bonus":"TRANSFORM_CARD","is_prod":false,"is_daily":false,"chose_seed":false,"campfire_upgraded":1,"win_rate":0,"timestamp":1543560090,"path_taken":["M","?","?","?","?","E","R","M","T","E","?","E"],"build_version":"2018-11-15","purchased_purges":0,"victory":false,"max_hp_per_floor":[75,75,75,75,75,75,75,75,75,75,75,75],"card_choices":[{"not_picked":["Streamline","Hologram"],"picked":"Coolheaded","floor":1},{"not_picked":["Hello World","Rebound"],"picked":"Barrage","floor":5},{"not_picked":["Thunder Strike","Ball Lightning"],"picked":"Conserve Battery","floor":6},{"not_picked":["Redo","Gash"],"picked":"Undo","floor":8},{"not_picked":["Rip and Tear","Ball Lightning"],"picked":"Conserve Battery","floor":10}],"player_experience":275840,"relics_obtained":[{"floor":6,"key":"The Courier"},{"floor":9,"key":"Du-Vu Doll"},{"floor":10,"key":"Shuriken"}],"event_choices":[{"damage_healed":0,"gold_gain":0,"player_choice":"Success","damage_taken":12,"relics_obtained":["Bird Faced Urn"],"max_hp_gain":0,"max_hp_loss":0,"event_name":"Scrap Ooze","floor":2,"gold_loss":0},{"damage_healed":0,"gold_gain":0,"player_choice":"Entered Light","damage_taken":15,"max_hp_gain":0,"max_hp_loss":0,"event_name":"Shining Light","floor":3,"gold_loss":0,"cards_upgraded":["Dualcast","Chaos"]},{"cards_removed":["Strike_B"],"damage_healed":0,"gold_gain":0,"player_choice":"Card Removal","damage_taken":0,"max_hp_gain":0,"max_hp_loss":0,"event_name":"The Cleric","floor":4,"gold_loss":50}],"is_beta":true,"boss_relics":[],"items_purged_floors":[],"is_endless":false,"potions_floor_spawned":[6,10],"killed_by":"Gremlin Nob","ascension_level":3}