{"gold_per_floor":[109,124,143,158,171,171,96,109,109,129,62,97,97,123,123,200,200,212,225,225,249,249,249,279,279,279,612,612,640,640,655,655,728,728,748,284,294,294,294,294],"floor_reached":40,"playtime":1625,"items_purged":["Strike_G","Strike_G"],"score":908,"play_id":"84d9ffa8-a6bc-41f1-9c73-887f44d91979","local_time":"20190311134447","is_ascension_mode":true,"campfire_choices":[{"data":"Neutralize","floor":6.0,"key":"SMITH"},{"floor":13.0,"key":"REST"},{"data":"A Thousand Cuts","floor":15.0,"key":"SMITH"},{"data":"Wraith Form v2","floor":23.0,"key":"SMITH"},{"floor":25.0,"key":"REST"},{"floor":28.0,"key":"REST"},{"floor":30.0,"key":"REST"},{"floor":32.0,"key":"REST"}],"neow_cost":"NONE","seed_source_timestamp":8284084345600,"circlet_count":0,"master_deck":["AscendersBane","Defend_G+1","Defend_G","Defend_G","Defend_G","Defend_G+1","Strike_G","Strike_G","Strike_G","Survivor","Neutralize+1","Flying Knee","Finisher","Choke+1","Flying Knee","Endless Agony","Sucker Punch","Underhanded Strike","All Out Attack","A Thousand Cuts+1","Wraith Form v2+1","Slice+1","Dash","Quick Slash+1","PiercingWail","Noxious Fumes","Leg Sweep","Corpse Explosion","Acrobatics","Dash","Purity"],"special_seed":0,"relics":["Runic Pyramid","Question Card","Bronze Scales","Strawberry","Sozu","Omamori","Incense Burner","The Courier","Old Coin","Whetstone","Busted Crown","War Paint","Oddly Smooth Stone","Juzu Bracelet","Molten Egg 2"],"potions_floor_usage":[],"damage_taken":[{"damage":1.0,"enemies":"Cultist","floor":1.0,"turns":4.0},{"damage":2.0,"enemies":"Small Slimes","floor":2.0,"turns":4.0},{"damage":6.0,"enemies":"2 Louse","floor":3.0,"turns":4.0},{"damage":1.0,"enemies":"Exordium Wildlife","floor":4.0,"turns":3.0},{"damage":8.0,"enemies":"Looter","floor":5.0,"turns":3.0},{"damage":5.0,"enemies":"3 Louse","floor":8.0,"turns":3.0},{"damage":11.0,"enemies":"Lots of Slimes","floor":10.0,"turns":5.0},{"damage":3.0,"enemies":"Gremlin Nob","floor":12.0,"turns":3.0},{"damage":15.0,"enemies":"3 Sentries","floor":14.0,"turns":6.0},{"damage":31.0,"enemies":"Slime Boss","floor":16.0,"turns":8.0},{"damage":23.0,"enemies":"2 Thieves","floor":18.0,"turns":5.0},{"damage":7.0,"enemies":"3 Byrds","floor":19.0,"turns":2.0},{"damage":11.0,"enemies":"Gremlin Leader","floor":24.0,"turns":5.0},{"damage":17.0,"enemies":"Book of Stabbing","floor":27.0,"turns":5.0},{"damage":31.0,"enemies":"Gremlin Leader","floor":29.0,"turns":7.0},{"damage":12.0,"enemies":"3 Cultists","floor":31.0,"turns":6.0},{"damage":26.0,"enemies":"Automaton","floor":33.0,"turns":10.0},{"damage":0.0,"enemies":"3 Shapes","floor":35.0,"turns":2.0},{"damage":0.0,"enemies":"Orb Walker","floor":37.0,"turns":4.0},{"damage":53,"enemies":"Giant Head","floor":40,"turns":10}],"seed_played":"-2396083629285534250","potions_obtained":[{"floor":3.0,"key":"SpeedPotion"},{"floor":10.0,"key":"Strength Potion"},{"floor":12.0,"key":"Ancient Potion"}],"is_trial":false,"path_per_floor":["M","M","M","M","M","R","$","M","T","M","?","E","R","E","R","B",null,"M","M","?","T","?","R","E","R","T","E","R","E","R","M","R","B",null,"M","$","M","?","?","E"],"character_chosen":"THE_SILENT","items_purchased":["War Paint","Oddly Smooth Stone","Juzu Bracelet"],"campfire_rested":5,"item_purchase_floors":[36,36,36],"current_hp_per_floor":[58,56,50,49,41,41,41,36,36,25,25,22,41,33,33,2,55,32,25,25,25,40,40,29,50,50,33,54,23,44,32,53,27,62,62,62,62,62,62,9],"gold":294,"neow_bonus":"BOSS_RELIC","is_prod":false,"is_daily":false,"chose_seed":false,"campfire_upgraded":3,"win_rate":0,"timestamp":1552311887,"path_taken":["M","M","M","M","M","R","$","?","T","M","?","E","R","E","R","BOSS","M","M","?","?","?","R","E","R","T","E","R","E","R","M","R","BOSS","M","$","M","?","?","E"],"build_version":"2019-01-23","purchased_purges":2,"victory":false,"max_hp_per_floor":[66,66,66,66,66,66,66,66,66,66,66,66,66,73,73,73,73,73,73,73,73,73,73,73,73,73,73,73,73,73,73,73,73,73,73,73,73,73,73,73],"card_choices":[{"not_picked":["Cloak And Dagger","Masterful Stab"],"picked":"Flying Knee","floor":1.0},{"not_picked":["Dodge and Roll","Riddle With Holes"],"picked":"Finisher","floor":2.0},{"not_picked":["Deadly Poison","Skewer"],"picked":"Choke","floor":3.0},{"not_picked":["Crippling Poison","Well Laid Plans"],"picked":"Flying Knee","floor":4.0},{"not_picked":["Prepared","Deadly Poison"],"picked":"Endless Agony","floor":5.0},{"not_picked":["Distraction","Masterful Stab"],"picked":"Sucker Punch","floor":8.0},{"not_picked":["Dagger Throw","Bane","Finisher"],"picked":"Underhanded Strike","floor":10.0},{"not_picked":["PiercingWail","Well Laid Plans","Escape Plan"],"picked":"All Out Attack","floor":12.0},{"not_picked":["Expertise","Underhanded Strike","Burst"],"picked":"A Thousand Cuts","floor":14.0},{"not_picked":["A Thousand Cuts","Venomology","Envenom"],"picked":"Wraith Form v2","floor":16.0},{"not_picked":["Prepared","Riddle With Holes","Flying Knee"],"picked":"Slice+1","floor":18.0},{"not_picked":["Cloak And Dagger","Outmaneuver","PiercingWail"],"picked":"Dash","floor":19.0},{"not_picked":["Escape Plan","Prepared","Sucker Punch"],"picked":"Quick Slash","floor":24.0},{"not_picked":["Sucker Punch","Reflex","Backflip"],"picked":"PiercingWail","floor":27.0},{"not_picked":["Backflip","Endless Agony","Outmaneuver"],"picked":"Noxious Fumes","floor":29.0},{"not_picked":["Calculated Gamble","Blade Dance","Dodge and Roll"],"picked":"Leg Sweep","floor":31.0},{"not_picked":["Grand Finale","Envenom","A Thousand Cuts"],"picked":"Corpse Explosion","floor":33.0},{"not_picked":["Flechettes+1"],"picked":"Acrobatics","floor":35.0},{"not_picked":["Outmaneuver"],"picked":"Dash","floor":37.0},{"not_picked":["Magnetism"],"picked":"Purity","floor":39.0}],"player_experience":1265877,"relics_obtained":[{"floor":9.0,"key":"Question Card"},{"floor":12.0,"key":"Bronze Scales"},{"floor":14.0,"key":"Strawberry"},{"floor":21.0,"key":"Omamori"},{"floor":24.0,"key":"Incense Burner"},{"floor":26.0,"key":"The Courier"},{"floor":27.0,"key":"Old Coin"},{"floor":29.0,"key":"Whetstone"},{"floor":38.0,"key":"Molten Egg 2"}],"event_choices":[{"damage_healed":0.0,"max_hp_gain":0.0,"max_hp_loss":0.0,"gold_gain":0.0,"event_name":"World of Goop","player_choice":"Left Gold","floor":11.0,"gold_loss":67.0,"damage_taken":0.0},{"damage_healed":0.0,"max_hp_gain":0.0,"max_hp_loss":0.0,"gold_gain":0.0,"event_name":"Ghosts","player_choice":"Ignored","floor":20.0,"gold_loss":0.0,"damage_taken":0.0},{"damage_healed":15.0,"max_hp_gain":0.0,"max_hp_loss":0.0,"gold_gain":0.0,"event_name":"The Library","player_choice":"Heal","floor":22.0,"gold_loss":0.0,"damage_taken":0.0},{"damage_healed":0.0,"max_hp_gain":0.0,"max_hp_loss":0.0,"gold_gain":0.0,"event_name":"Wheel of Change","player_choice":"Relic","floor":38.0,"gold_loss":0.0,"damage_taken":0.0},{"damage_healed":0.0,"max_hp_gain":0.0,"max_hp_loss":0.0,"gold_gain":0.0,"event_name":"SensoryStone","player_choice":"Memory 1","floor":39.0,"gold_loss":0.0,"damage_taken":0.0}],"is_beta":false,"boss_relics":[{"not_picked":["HoveringKite","Empty Cage"],"picked":"Sozu"},{"not_picked":["Pandora\u0027s Box","Velvet Choker"],"picked":"Busted Crown"}],"items_purged_floors":[7,36],"is_endless":false,"potions_floor_spawned":[3,10,12,16,19,24,27,33],"killed_by":"Giant Head","ascension_level":20}