{"gold_per_floor":[114,176,176,191,206,236,236,266,291,306,306,306,306,336,336,436,436,451,451,456,9,24,54,54,54],"floor_reached":25,"playtime":2908,"items_purged":["Pain"],"score":337,"play_id":"0bb77048-3133-4c74-94ae-c83ef9f2611e","local_time":"20181126212204","daily_mods":["Shiny","Diverse","Elite Swarm"],"is_ascension_mode":false,"campfire_choices":[{"data":"1","floor":7,"key":"LIFT"},{"floor":13,"key":"REST"},{"floor":15,"key":"REST"},{"floor":24,"key":"DIG"}],"neow_cost":"","seed_source_timestamp":919796324487,"circlet_count":0,"master_deck":["Multi-Cast","Hyperbeam","Thunder Strike","Biased Cognition","Machine Learning","Electrodynamics","Buffer","Rainbow","Seek","Meteor Strike","Echo Form","All For One","Reboot","Amplify","Creative AI","Fission","Core Surge","Venomology","Corpse Explosion","Malaise","Phantasmal Killer","Die Die Die","Adrenaline+1","Envenom","Doppelganger","Burst","Wraith Form v2","Tools of the Trade","Night Terror","Unload","After Image+1","Bullet Time","Storm of Steel","Glass Knife","A Thousand Cuts","Grand Finale","Double Tap","Demon Form","Bludgeon","Feed","Limit Break","Barricade","Fiend Fire+1","Dark Embrace","Berserk+1","Impervious","Juggernaut","Brutality","Reaper","Exhume","Offering","Immolate","Seeing Red","Loop","Seek","Berserk","Electrodynamics","Echo Form","Decay","Clumsy","Capacitor","Flex","Flex+1","Reboot"],"special_seed":17862,"relics":["Cracked Core","Girya","Juzu Bracelet","Bronze Scales","Vajra","Calling Bell","Oddly Smooth Stone","Shuriken","Torii","MutagenicStrength","Red Mask","Gambling Chip","Shovel","Dream Catcher"],"potions_floor_usage":[8,8,16,20,23,25],"damage_taken":[{"damage":11,"enemies":"Jaw Worm","floor":1,"turns":2},{"damage":3,"enemies":"Small Slimes","floor":4,"turns":4},{"damage":0,"enemies":"Cultist","floor":5,"turns":2},{"damage":0,"enemies":"Gremlin Nob","floor":6,"turns":2},{"damage":6,"enemies":"Lagavulin","floor":8,"turns":6},{"damage":17,"enemies":"Large Slime","floor":10,"turns":4},{"damage":11,"enemies":"Gremlin Nob","floor":14,"turns":3},{"damage":24,"enemies":"Hexaghost","floor":16,"turns":4},{"damage":6,"enemies":"3 Byrds","floor":18,"turns":2},{"damage":0,"enemies":"Masked Bandits","floor":20,"turns":2},{"damage":2,"enemies":"Chosen","floor":22,"turns":3},{"damage":47,"enemies":"Gremlin Leader","floor":23,"turns":4},{"damage":38,"enemies":"Slavers","floor":25,"turns":2}],"seed_played":"1382297416292303872","potions_obtained":[{"floor":1,"key":"Explosive Potion"},{"floor":4,"key":"FocusPotion"},{"floor":5,"key":"Weak Potion"},{"floor":10,"key":"FearPotion"},{"floor":22,"key":"EntropicBrew"},{"floor":23,"key":"Weak Potion"}],"is_trial":false,"path_per_floor":["M","?","?","M","M","E","R","E","T","M","?","?","R","E","R","B",null,"M","?","?","$","M","E","R","E"],"character_chosen":"DEFECT","items_purchased":["Gambling Chip","Flex","Swift Potion"],"campfire_rested":2,"item_purchase_floors":[21,21,21],"current_hp_per_floor":[64,64,64,61,61,61,61,55,55,38,23,23,45,34,56,32,75,69,69,75,75,76,32,32,0],"gold":54,"neow_bonus":"","is_prod":false,"is_daily":true,"chose_seed":false,"campfire_upgraded":0,"win_rate":0,"timestamp":1543296124,"path_taken":["M","?","?","?","M","E","R","E","T","M","?","?","R","E","R","BOSS","M","?","?","$","M","E","R","E"],"build_version":"2018-11-15","purchased_purges":1,"victory":false,"max_hp_per_floor":[75,75,75,75,75,75,75,75,75,75,75,75,75,75,75,75,75,75,75,75,75,78,81,81,81],"card_choices":[{"not_picked":["Shrug It Off","Infernal Blade"],"picked":"Seeing Red","floor":1},{"not_picked":["Flame Barrier","Tactician","Conserve Battery"],"picked":"SKIP","floor":4},{"not_picked":["Cold Snap","Flex"],"picked":"Loop","floor":5},{"not_picked":["Feed","Dark Embrace"],"picked":"Seek","floor":6},{"not_picked":["Exhume","All For One"],"picked":"Berserk","floor":8},{"not_picked":["Chill","PiercingWail","Deadly Poison"],"picked":"SKIP","floor":10},{"not_picked":["A Thousand Cuts","Berserk"],"picked":"Electrodynamics","floor":14},{"not_picked":["Rainbow","Night Terror"],"picked":"Echo Form","floor":16},{"not_picked":["Slice","Rampage"],"picked":"Capacitor","floor":18},{"not_picked":["Iron Wave","Acrobatics+1"],"picked":"Flex+1","floor":22},{"not_picked":["Limit Break","Phantasmal Killer"],"picked":"Reboot","floor":23}],"player_experience":258309,"relics_obtained":[{"floor":6,"key":"Girya"},{"floor":8,"key":"Juzu Bracelet"},{"floor":9,"key":"Bronze Scales"},{"floor":14,"key":"Vajra"},{"floor":17,"key":"Oddly Smooth Stone"},{"floor":17,"key":"Shuriken"},{"floor":17,"key":"Torii"},{"floor":20,"key":"Red Mask"},{"floor":23,"key":"Shovel"},{"floor":24,"key":"Dream Catcher"}],"event_choices":[{"damage_healed":0,"gold_gain":62,"player_choice":"Gained Gold","damage_taken":0,"max_hp_gain":0,"max_hp_loss":0,"event_name":"Golden Wing","floor":2,"gold_loss":0},{"damage_healed":0,"gold_gain":0,"player_choice":"Upgraded","damage_taken":0,"max_hp_gain":0,"max_hp_loss":0,"event_name":"Upgrade Shrine","floor":3,"gold_loss":0,"cards_upgraded":["After Image"]},{"damage_healed":0,"gold_gain":0,"player_choice":"Entered Light","damage_taken":15,"max_hp_gain":0,"max_hp_loss":0,"event_name":"Shining Light","floor":11,"gold_loss":0,"cards_upgraded":["Fiend Fire","Berserk"]},{"damage_healed":0,"gold_gain":0,"player_choice":"Grow","damage_taken":0,"max_hp_gain":0,"max_hp_loss":0,"event_name":"Living Wall","floor":12,"gold_loss":0,"cards_upgraded":["Adrenaline"]},{"damage_healed":0,"gold_gain":0,"player_choice":"Inject Mutagens","damage_taken":0,"relics_obtained":["MutagenicStrength"],"max_hp_gain":0,"max_hp_loss":0,"event_name":"Drug Dealer","floor":19,"gold_loss":0},{"damage_healed":0,"gold_gain":0,"player_choice":"Fought Bandits","damage_taken":0,"max_hp_gain":0,"max_hp_loss":0,"event_name":"Masked Bandits","floor":20,"gold_loss":0}],"is_beta":true,"boss_relics":[{"not_picked":["White Beast Statue","Runic Pyramid"],"picked":"Calling Bell"}],"items_purged_floors":[21],"is_endless":false,"potions_floor_spawned":[1,4,5,10,22,23],"killed_by":"Slavers","ascension_level":0}