{"gold_per_floor":[119,137,237,255,267,295,295,322,322,322,322,341,23,37,37,157,157,177,202,226,250,175,209,209,250,250,289,309,309,309,343,343,444,444,458,512,528,628,640,667,682,682,682,698,725,98,115,133,133,133],"floor_reached":51,"playtime":2058,"items_purged":["Strike_R","Decay"],"score":1097,"play_id":"c9049114-73a8-49b2-9595-1d08b22c447b","local_time":"20190302221438","is_ascension_mode":true,"campfire_choices":[{"data":"Bash","floor":7.0,"key":"SMITH"},{"floor":10.0,"key":"REST"},{"data":"Inflame","floor":15.0,"key":"SMITH"},{"floor":24.0,"key":"REST"},{"floor":30.0,"key":"REST"},{"data":"Offering","floor":32.0,"key":"SMITH"},{"data":"1","floor":49,"key":"LIFT"}],"neow_cost":"NONE","seed_source_timestamp":126881010049500,"circlet_count":0,"master_deck":["Strike_R","Defend_R","Defend_R","Defend_R","Bash+1","Dropkick+1","Fire Breathing+1","Offering+1","Shrug It Off","Shrug It Off","Inflame+1","Offering+1","Battle Trance+1","Twin Strike+1","Shrug It Off","Pummel","Twin Strike+1","Corruption+1","Limit Break","Flex+1","Flex+1"],"special_seed":0,"relics":["Astrolabe","Pear","Vajra","Bronze Scales","Bloody Idol","Membership Card","Pen Nib","Black Star","Frozen Egg 2","Sundial","The Courier","Ginger","Potion Belt","Question Card","Regal Pillow","Bag of Marbles","Mercury Hourglass","Cursed Key","Calipers","Girya","Dodecahedron","Oddly Smooth Stone","Pantograph","Letter Opener","Kunai","Happy Flower","MealTicket","Thread and Needle","Lantern","Mummified Hand","Boot"],"potions_floor_usage":[45,48,50],"damage_taken":[{"damage":6.0,"enemies":"Small Slimes","floor":1.0,"turns":1.0},{"damage":0.0,"enemies":"Cultist","floor":2.0,"turns":2.0},{"damage":6.0,"enemies":"Jaw Worm","floor":4.0,"turns":2.0},{"damage":6.0,"enemies":"2 Fungi Beasts","floor":5.0,"turns":2.0},{"damage":18.0,"enemies":"Lagavulin","floor":6.0,"turns":5.0},{"damage":13.0,"enemies":"3 Sentries","floor":8.0,"turns":5.0},{"damage":6.0,"enemies":"3 Louse","floor":12.0,"turns":2.0},{"damage":12.0,"enemies":"Blue Slaver","floor":14.0,"turns":3.0},{"damage":25.0,"enemies":"Hexaghost","floor":16.0,"turns":7.0},{"damage":12.0,"enemies":"3 Byrds","floor":18.0,"turns":2.0},{"damage":12.0,"enemies":"Shell Parasite","floor":19.0,"turns":1.0},{"damage":12.0,"enemies":"Centurion and Healer","floor":20.0,"turns":3.0},{"damage":12.0,"enemies":"Chosen and Byrds","floor":21.0,"turns":3.0},{"damage":12.0,"enemies":"Slavers","floor":23.0,"turns":4.0},{"damage":12.0,"enemies":"Book of Stabbing","floor":25.0,"turns":1.0},{"damage":12.0,"enemies":"Gremlin Leader","floor":27.0,"turns":2.0},{"damage":6.0,"enemies":"Snake Plant","floor":28.0,"turns":2.0},{"damage":20.0,"enemies":"Slavers","floor":31.0,"turns":4.0},{"damage":25.0,"enemies":"Collector","floor":33.0,"turns":4.0},{"damage":6.0,"enemies":"3 Shapes","floor":35.0,"turns":1.0},{"damage":12.0,"enemies":"2 Orb Walkers","floor":36.0,"turns":1.0},{"damage":6.0,"enemies":"Orb Walker","floor":37.0,"turns":1.0},{"damage":12.0,"enemies":"Mind Bloom Boss Battle","floor":38.0,"turns":1.0},{"damage":12.0,"enemies":"Jaw Worm Horde","floor":39.0,"turns":1.0},{"damage":12.0,"enemies":"Giant Head","floor":40.0,"turns":3.0},{"damage":12.0,"enemies":"Maw","floor":41.0,"turns":1.0},{"damage":12,"enemies":"Spire Growth","floor":44,"turns":1},{"damage":17,"enemies":"Reptomancer","floor":45,"turns":2},{"damage":6,"enemies":"Writhing Mass","floor":47,"turns":2},{"damage":0,"enemies":"3 Darklings","floor":48,"turns":2},{"damage":12,"enemies":"Awakened One","floor":50,"turns":2}],"seed_played":"2084424108493998865","potions_obtained":[{"floor":2.0,"key":"EntropicBrew"},{"floor":6.0,"key":"Swift Potion"},{"floor":8.0,"key":"Explosive Potion"},{"floor":21.0,"key":"Block Potion"},{"floor":23.0,"key":"Regen Potion"},{"floor":25.0,"key":"SkillPotion"},{"floor":31.0,"key":"GamblersBrew"},{"floor":35.0,"key":"FearPotion"},{"floor":37.0,"key":"PowerPotion"},{"floor":39.0,"key":"Dexterity Potion"},{"floor":44,"key":"Swift Potion"},{"floor":45,"key":"SpeedPotion"},{"floor":48,"key":"Swift Potion"}],"is_trial":false,"path_per_floor":["M","M","?","M","M","E","R","E","T","R","?","M","$","M","R","B",null,"M","M","M","M","?","E","R","E","T","E","M","?","R","E","R","B",null,"M","?","M","?","M","E","M","T","T","M","E","$","M","M","R","B",null],"character_chosen":"IRONCLAD","items_purchased":["Membership Card","Pen Nib","Kunai","Happy Flower","MealTicket","Thread and Needle","Lantern","Mummified Hand","Boot"],"campfire_rested":3,"item_purchase_floors":[13,13,46,46,46,46,46,46,46],"current_hp_per_floor":[74,74,74,68,62,54,54,41,41,68,46,40,40,37,37,12,90,78,66,54,42,42,30,57,45,45,33,27,27,69,54,54,34,90,89,82,81,74,67,60,53,53,53,46,34,34,33,38,38,51],"gold":133,"neow_bonus":"BOSS_RELIC","is_prod":false,"is_daily":false,"chose_seed":false,"campfire_upgraded":3,"win_rate":0,"timestamp":1551564878,"path_taken":["M","M","?","?","M","E","R","E","T","R","?","M","?","M","R","BOSS","M","M","M","M","?","E","R","E","T","E","M","?","R","E","R","BOSS","M","?","M","?","M","E","M","?","T","M","E","$","M","M","R","BOSS"],"build_version":"2019-01-23","purchased_purges":2,"victory":true,"max_hp_per_floor":[80,80,80,80,80,90,90,90,90,90,90,90,90,90,90,90,90,90,90,90,90,90,90,90,90,90,90,90,90,90,90,90,90,90,90,90,90,90,90,90,90,90,90,90,90,90,90,90,90,90],"card_choices":[{"not_picked":["Iron Wave","Warcry"],"picked":"Shrug It Off","floor":1.0},{"not_picked":["Wild Strike","Corruption"],"picked":"Shrug It Off","floor":2.0},{"not_picked":["Warcry","True Grit","Rage"],"picked":"SKIP","floor":4.0},{"not_picked":["Havoc","Sever Soul","True Grit"],"picked":"SKIP","floor":5.0},{"not_picked":["Anger","Hemokinesis","Havoc"],"picked":"SKIP","floor":6.0},{"not_picked":["Warcry","Rage","Flex"],"picked":"SKIP","floor":8.0},{"not_picked":["Heavy Blade","Reckless Charge"],"picked":"Inflame","floor":12.0},{"not_picked":["Clothesline","Brutality","Twin Strike"],"picked":"SKIP","floor":14.0},{"not_picked":["Demon Form","Fiend Fire"],"picked":"Offering","floor":16.0},{"not_picked":["Clash","Wild Strike","Searing Blow+1"],"picked":"SKIP","floor":18.0},{"not_picked":["Corruption","Thunderclap+1"],"picked":"Battle Trance+1","floor":19.0},{"not_picked":["Burning Pact","Feel No Pain+1","Shrug It Off"],"picked":"SKIP","floor":20.0},{"not_picked":["Second Wind+1","Clothesline+1"],"picked":"Twin Strike+1","floor":21.0},{"not_picked":["Pommel Strike","Iron Wave","Demon Form"],"picked":"SKIP","floor":23.0},{"not_picked":["Bloodletting","Evolve+1"],"picked":"Shrug It Off","floor":25.0},{"not_picked":["Reckless Charge","Iron Wave+1"],"picked":"Pummel","floor":27.0},{"not_picked":["Hemokinesis","Combust+1","Flame Barrier"],"picked":"Twin Strike+1","floor":28.0},{"not_picked":["Headbutt","Seeing Red","Feel No Pain+1"],"picked":"Corruption+1","floor":31.0},{"not_picked":["Exhume","Offering","Reaper"],"picked":"Limit Break","floor":33.0},{"not_picked":["Pommel Strike+1","Ghostly Armor+1","Corruption+1"],"picked":"Flex+1","floor":35.0},{"not_picked":["Body Slam+1","Battle Trance","Iron Wave"],"picked":"Flex+1","floor":37.0},{"not_picked":["Headbutt+1","Havoc","Fiend Fire","Fire Breathing+1"],"picked":"SKIP","floor":39.0},{"not_picked":["Hemokinesis","Fire Breathing+1","Warcry","Havoc"],"picked":"SKIP","floor":40.0},{"not_picked":["Pommel Strike+1","Reckless Charge","Metallicize+1","Wild Strike"],"picked":"SKIP","floor":41.0},{"not_picked":["Clash+1","Shockwave","Combust+1","Fire Breathing+1"],"picked":"SKIP","floor":44},{"not_picked":["Armaments","Anger","Double Tap","Seeing Red"],"picked":"SKIP","floor":45},{"not_picked":["Metallicize+1","Battle Trance","Shrug It Off","Anger+1"],"picked":"SKIP","floor":47},{"not_picked":["Evolve+1","Perfected Strike+1","Fire Breathing+1","Spot Weakness+1"],"picked":"SKIP","floor":48}],"player_experience":1219464,"relics_obtained":[{"floor":6.0,"key":"Pear"},{"floor":8.0,"key":"Vajra"},{"floor":9.0,"key":"Bronze Scales"},{"floor":23.0,"key":"Frozen Egg 2"},{"floor":23.0,"key":"Sundial"},{"floor":25.0,"key":"The Courier"},{"floor":25.0,"key":"Ginger"},{"floor":26.0,"key":"Potion Belt"},{"floor":27.0,"key":"Question Card"},{"floor":27.0,"key":"Regal Pillow"},{"floor":31.0,"key":"Bag of Marbles"},{"floor":31.0,"key":"Mercury Hourglass"},{"floor":36.0,"key":"Calipers"},{"floor":38.0,"key":"Girya"},{"floor":40.0,"key":"Dodecahedron"},{"floor":40.0,"key":"Oddly Smooth Stone"},{"floor":45,"key":"Pantograph"},{"floor":45,"key":"Letter Opener"}],"event_choices":[{"damage_healed":0.0,"max_hp_gain":0.0,"max_hp_loss":0.0,"gold_gain":100.0,"event_name":"Golden Shrine","player_choice":"Pray","floor":3.0,"gold_loss":0.0,"damage_taken":0.0},{"damage_healed":0.0,"max_hp_gain":0.0,"max_hp_loss":0.0,"gold_gain":0.0,"event_name":"Golden Idol","player_choice":"Take Damage","floor":11.0,"gold_loss":0.0,"damage_taken":22.0,"relics_obtained":["Golden Idol"]},{"cards_removed":["Strike_R"],"damage_healed":0.0,"max_hp_gain":0.0,"max_hp_loss":0.0,"gold_gain":0.0,"event_name":"Beggar","player_choice":"Gave Gold","floor":22.0,"gold_loss":75.0,"damage_taken":0.0},{"damage_healed":0.0,"max_hp_gain":0.0,"max_hp_loss":0.0,"gold_gain":0.0,"event_name":"Forgotten Altar","player_choice":"Gave Idol","floor":29.0,"relics_lost":["Golden Idol"],"gold_loss":0.0,"damage_taken":0.0,"relics_obtained":["Bloody Idol"]},{"damage_healed":0.0,"max_hp_gain":0.0,"max_hp_loss":0.0,"gold_gain":0.0,"event_name":"Mysterious Sphere","player_choice":"Fight","floor":36.0,"gold_loss":0.0,"damage_taken":0.0},{"damage_healed":0.0,"max_hp_gain":0.0,"max_hp_loss":0.0,"gold_gain":0.0,"event_name":"MindBloom","player_choice":"Fight","floor":38.0,"gold_loss":0.0,"damage_taken":0.0}],"is_beta":false,"boss_relics":[{"not_picked":["Coffee Dripper","Ectoplasm"],"picked":"Black Star"},{"not_picked":["Lizard Tail","Velvet Choker"],"picked":"Cursed Key"}],"items_purged_floors":[13,46],"is_endless":false,"potions_floor_spawned":[2,6,8,21,23,25,31,35,37,39,44,45,48],"ascension_level":1}