{"path_per_floor":["M","M","M","?","?","E","R","M","T","M","R","M","M","?","R","B",null,"M","?","M","M","$","R","?","R","T","E","M","M","M","E","R","B",null,"M","M","?","T","M","R","E","R","T","M","M","?","R","E","R","B"],"character_chosen":"IRONCLAD","items_purchased":["Master of Strategy","Bandage Up","Flex","Shrug It Off"],"gold_per_floor":[114,129,144,144,144,174,174,189,189,204,204,219,234,234,234,334,334,349,349,364,379,3,3,3,3,3,33,48,63,78,108,108,208,238,253,268,316,316,331,331,361,361,361,376,391,391,391,421,421,421],"floor_reached":51,"campfire_rested":0,"playtime":6819,"current_hp_per_floor":[80,80,80,80,86,71,71,71,77,75,75,75,73,61,61,74,92,100,100,85,75,75,75,75,75,75,80,79,83,88,92,92,62,113,112,111,109,115,111,111,119,119,127,119,124,124,124,125,125,121],"items_purged":[],"gold":421,"score":926,"play_id":"6015a97f-9c90-4740-8808-e831bac09336","local_time":"20180313234440","daily_mods":["Diverse","Cursed Run","Vintage"],"is_prod":false,"is_daily":true,"is_ascension_mode":false,"campfire_upgraded":5,"timestamp":1521009880,"path_taken":["M","M","M","?","?","E","R","M","T","M","R","M","M","?","R","BOSS","M","?","M","M","?","R","?","R","T","E","M","?","M","E","R","BOSS","M","M","?","?","M","R","E","R","T","M","M","?","R","E","R","BOSS"],"build_version":"2018-03-09","purchased_purges":0,"victory":true,"master_deck":["Strike_R+1","Defend_R","Defend_R+1","Defend_R","Bash","Poisoned Stab","Blur+1","Regret","Armaments+1","Doubt","Juggernaut","Immolate+1","Evolve+1","Rupture+1","Master of Strategy+1","Bandage Up+1","Flex+1","Shrug It Off+1","Body Slam+1","Searing Blow+3","Carnage","Writhe","Double Tap+1","Searing Blow+3","Anger+1","Writhe","Havoc+1","Armaments+1","Injury","Disarm+1","Clumsy"],"max_hp_per_floor":[80,80,80,80,86,86,86,86,92,92,92,92,92,92,92,92,92,102,102,102,102,102,102,102,102,102,102,102,102,102,102,102,108,113,113,113,113,119,119,119,119,119,127,127,127,127,127,127,127,133],"relics":["Cursed Key","Darkstone Periapt","Du-Vu Doll","Toxic Egg 2","Oddly Smooth Stone","Champion Belt","Shovel","Blue Candle","Anchor","Toolbox","Prayer Wheel","Kunai","Mercury Hourglass","Girya","Pen Nib","Omamori","Meat on the Bone","Astrolabe","Pear","War Paint","Charon\u0027s Ashes","Thread and Needle","Bottled Tornado","Vajra","Matryoshka","Sundial","Shuriken","Whetstone","Ice Cream","Tiny House","Mummified Hand","The Courier","Gambling Chip","Juzu Bracelet","Dead Branch","Calipers","Magic Flower","Singing Bowl","Ginger","Bottled Flame","Dream Catcher","Frozen Egg 2"],"card_choices":[{"not_picked":["Seeing Red","Battle Trance"],"picked":"Armaments"},{"not_picked":["Berserk","Reaper"],"picked":"Juggernaut"},{"not_picked":["Sever Soul","Flex"],"picked":"Body Slam"},{"not_picked":["Flame Barrier","Battle Trance"],"picked":"Searing Blow"},{"not_picked":["Warcry","Flex"],"picked":"Carnage"},{"not_picked":["Immolate","Reaper"],"picked":"Double Tap"},{"not_picked":["Pommel Strike","Warcry"],"picked":"Searing Blow"},{"not_picked":["Flex","Body Slam"],"picked":"Anger"},{"not_picked":["Clothesline","Anger"],"picked":"Havoc"},{"not_picked":["Perfected Strike","Searing Blow"],"picked":"Armaments"},{"not_picked":["Perfected Strike","Havoc"],"picked":"Disarm"}],"player_experience":92198,"potions_floor_usage":[6,16,16,31,31,33,50],"damage_taken":[{"damage":0,"enemies":"2 Louse","floor":1,"turns":2},{"damage":0,"enemies":"Small Slimes","floor":2,"turns":3},{"damage":0,"enemies":"Jaw Worm","floor":3,"turns":3},{"damage":15,"enemies":"3 Sentries","floor":6,"turns":8},{"damage":0,"enemies":"Looter","floor":8,"turns":3},{"damage":2,"enemies":"Large Slime","floor":10,"turns":6},{"damage":0,"enemies":"Blue Slaver","floor":12,"turns":2},{"damage":2,"enemies":"Exordium Wildlife","floor":13,"turns":3},{"damage":2,"enemies":"Slime Boss","floor":16,"turns":10},{"damage":2,"enemies":"3 Byrds","floor":18,"turns":4},{"damage":15,"enemies":"Spheric Guardian","floor":20,"turns":4},{"damage":10,"enemies":"Centurion and Healer","floor":21,"turns":4},{"damage":1,"enemies":"Slavers","floor":27,"turns":5},{"damage":7,"enemies":"Sentry and Sphere","floor":28,"turns":5},{"damage":2,"enemies":"Snecko","floor":29,"turns":4},{"damage":1,"enemies":"Snake Plant","floor":30,"turns":3},{"damage":2,"enemies":"Gremlin Leader","floor":31,"turns":5},{"damage":42,"enemies":"Automaton","floor":33,"turns":9},{"damage":1,"enemies":"Orb Walker","floor":35,"turns":2},{"damage":1,"enemies":"3 Shapes","floor":36,"turns":2},{"damage":2,"enemies":"Mysterious Sphere","floor":37,"turns":2},{"damage":4,"enemies":"3 Darklings","floor":39,"turns":2},{"damage":2,"enemies":"Giant Head","floor":41,"turns":4},{"damage":8,"enemies":"Maw","floor":44,"turns":2},{"damage":4,"enemies":"4 Shapes","floor":45,"turns":3},{"damage":2,"enemies":"2 Orb Walkers","floor":48,"turns":3},{"damage":12,"enemies":"Awakened One","floor":50,"turns":7}],"event_choices":[{"event_name":"The Cleric","player_choice":"Leave","floor":4,"damage_taken":0},{"event_name":"Big Fish","player_choice":"Box","floor":5,"damage_taken":0},{"event_name":"Scrap Ooze","player_choice":"success","floor":14,"damage_taken":12},{"event_name":"The Mausoleum","player_choice":"Yes","floor":19,"damage_taken":0},{"event_name":"Bonfire Elementals","player_choice":"BASIC","floor":24,"damage_taken":0},{"event_name":"Mysterious Sphere","player_choice":"Fight","floor":37,"damage_taken":0},{"event_name":"Purifier","player_choice":"One Purge","floor":46,"damage_taken":0}],"boss_relics":[{"not_picked":["Runic Dome","Sozu"],"picked":"Astrolabe"},{"not_picked":["Orrery","Black Star"],"picked":"Tiny House"}],"potions_floor_spawned":[1,6,8,13,21,29,31,41,44],"seed_played":"2308081983426786839","ascension_level":0,"is_trial":false}