{"gold_per_floor":[117,132,132,144,155,155,187,187,187,216,25,25,51,62,62,62],"floor_reached":16,"playtime":665,"items_purged":[],"score":240,"play_id":"80698f22-67f4-432b-8dc8-f3005cb6b989","local_time":"20190521223042","is_ascension_mode":true,"campfire_choices":[{"data":"Neutralize","floor":6.0,"key":"SMITH"},{"data":"Dash","floor":8.0,"key":"SMITH"},{"data":"Well Laid Plans","floor":12.0,"key":"SMITH"},{"data":"Infinite Blades","floor":15,"key":"SMITH"}],"neow_cost":"TEN_PERCENT_HP_LOSS","seed_source_timestamp":13834776215800,"circlet_count":0,"master_deck":["AscendersBane","Defend_G","Defend_G","Defend_G","Defend_G","Defend_G","Strike_G","Strike_G","Strike_G","Strike_G","Strike_G","Survivor","Neutralize+1","Dodge and Roll","Slice","Well Laid Plans+1","Endless Agony","Cloak And Dagger","Dash+1","Infinite Blades+1","Apotheosis+1","Choke","Deadly Poison+1"],"special_seed":0,"relics":["Ring of the Snake","Thread and Needle","Blood Vial","Bottled Tornado","Toxic Egg 2","Smiling Mask"],"potions_floor_usage":[],"damage_taken":[{"damage":0.0,"enemies":"Small Slimes","floor":1.0,"turns":4.0},{"damage":3.0,"enemies":"Cultist","floor":2.0,"turns":5.0},{"damage":0.0,"enemies":"Jaw Worm","floor":4.0,"turns":4.0},{"damage":0.0,"enemies":"3 Louse","floor":5.0,"turns":5.0},{"damage":14.0,"enemies":"3 Sentries","floor":7.0,"turns":16.0},{"damage":9.0,"enemies":"Lagavulin","floor":10.0,"turns":8.0},{"damage":12.0,"enemies":"Gremlin Nob","floor":13.0,"turns":5.0},{"damage":4,"enemies":"Blue Slaver","floor":14,"turns":3},{"damage":25,"enemies":"Slime Boss","floor":16,"turns":5}],"seed_played":"-6615908168675086809","potions_obtained":[{"floor":5.0,"key":"Ancient Potion"},{"floor":7.0,"key":"Fire Potion"}],"is_trial":false,"path_per_floor":["M","M","?","M","M","R","E","R","T","E","$","R","E","M","R","B"],"character_chosen":"THE_SILENT","items_purchased":["Apotheosis+1"],"campfire_rested":0,"item_purchase_floors":[11],"current_hp_per_floor":[59,56,56,56,56,56,42,42,42,35,35,35,25,23,23,0],"gold":62,"neow_bonus":"ONE_RARE_RELIC","is_prod":false,"is_daily":false,"chose_seed":false,"campfire_upgraded":4,"win_rate":0,"timestamp":1558474242,"path_taken":["M","M","?","?","?","R","E","R","T","E","$","R","E","M","R","BOSS"],"build_version":"2019-01-23","purchased_purges":0,"victory":false,"max_hp_per_floor":[60,60,60,60,60,60,60,60,60,60,60,60,60,60,60,60],"card_choices":[{"not_picked":["PiercingWail","Outmaneuver"],"picked":"Dodge and Roll","floor":1.0},{"not_picked":["Backflip","Crippling Poison"],"picked":"Slice","floor":2.0},{"not_picked":["Expertise","Deadly Poison"],"picked":"Endless Agony","floor":4.0},{"not_picked":["Slice","Acrobatics"],"picked":"Cloak And Dagger","floor":5.0},{"not_picked":["Endless Agony","Skewer"],"picked":"Dash","floor":7.0},{"not_picked":["Tactician","Acrobatics"],"picked":"Infinite Blades","floor":10.0},{"not_picked":["Bane","Reflex+1"],"picked":"Choke","floor":13.0},{"not_picked":["Tools of the Trade","Backstab"],"picked":"Deadly Poison+1","floor":14}],"player_experience":1376061,"relics_obtained":[{"floor":7.0,"key":"Blood Vial"},{"floor":9.0,"key":"Bottled Tornado"},{"floor":10.0,"key":"Toxic Egg 2"},{"floor":13.0,"key":"Smiling Mask"}],"event_choices":[{"damage_healed":0.0,"max_hp_gain":0.0,"max_hp_loss":0.0,"gold_gain":0.0,"event_name":"Match and Keep!","player_choice":"1 cards matched","floor":3.0,"gold_loss":0.0,"damage_taken":0.0,"cards_obtained":["Well Laid Plans"]}],"is_beta":false,"boss_relics":[],"items_purged_floors":[],"is_endless":false,"potions_floor_spawned":[5,7],"killed_by":"Slime Boss","ascension_level":20}