{"gold_per_floor":[111,111,81,95,109,135,135,163,163,177,190,207,207,238,238,335,385,405,405,405,415,70,95,0,0,24,24],"floor_reached":27,"playtime":2041,"items_purged":["Strike_B"],"score":365,"play_id":"56fa9b4c-e34a-4f77-973b-40237308b9e0","local_time":"20181201194910","is_ascension_mode":true,"campfire_choices":[{"floor":7,"key":"REST"},{"data":"Rainbow","floor":13,"key":"SMITH"},{"floor":15,"key":"REST"}],"neow_cost":"NONE","seed_source_timestamp":23845403524673,"circlet_count":0,"master_deck":["Strike_B","Strike_B","Strike_B","Defend_B","Defend_B","Defend_B","Defend_B","Zap+1","Dualcast","Blizzard","Storm+1","Undo+1","Defragment+1","Go for the Eyes","Capacitor+1","Sunder","Rainbow+1","Hologram","Fission","FTL","Reprogram+1","RitualDagger","White Noise","Apotheosis","FTL","Hologram","Stack"],"relics":["Cracked Core","Frozen Egg 2","PreservedInsect","Ancient Tea Set","Mercury Hourglass","Meat on the Bone","Tiny House","Potion Belt","Strawberry"],"potions_floor_usage":[6,6,6,14,16,21,25,27,27],"damage_taken":[{"damage":4,"enemies":"Jaw Worm","floor":1,"turns":3},{"damage":1,"enemies":"Cultist","floor":4,"turns":3},{"damage":0,"enemies":"Small Slimes","floor":5,"turns":3},{"damage":18,"enemies":"Gremlin Nob","floor":6,"turns":4},{"damage":25,"enemies":"Lagavulin","floor":8,"turns":4},{"damage":1,"enemies":"2 Fungi Beasts","floor":10,"turns":3},{"damage":1,"enemies":"Exordium Wildlife","floor":11,"turns":2},{"damage":4,"enemies":"Large Slime","floor":12,"turns":4},{"damage":0,"enemies":"Gremlin Nob","floor":14,"turns":2},{"damage":15,"enemies":"Hexaghost","floor":16,"turns":8},{"damage":27,"enemies":"Chosen","floor":18,"turns":5},{"damage":11,"enemies":"3 Byrds","floor":21,"turns":5},{"damage":29,"enemies":"Book of Stabbing","floor":23,"turns":4},{"damage":0,"enemies":"Gremlin Leader","floor":25,"turns":1},{"damage":36,"enemies":"Slavers","floor":27,"turns":2}],"seed_played":"6116668710919446105","potions_obtained":[{"floor":1,"key":"Strength Potion"},{"floor":3,"key":"AttackPotion"},{"floor":3,"key":"SkillPotion"},{"floor":4,"key":"SkillPotion"},{"floor":8,"key":"SteroidPotion"},{"floor":11,"key":"PowerPotion"},{"floor":14,"key":"SpeedPotion"},{"floor":17,"key":"SmokeBomb"},{"floor":18,"key":"Weak Potion"},{"floor":23,"key":"Strength Potion"}],"is_trial":false,"path_per_floor":["M","?","?","M","M","E","R","E","T","M","M","M","R","E","R","B",null,"M","?","?","M","$","E","?","E","T","E"],"character_chosen":"DEFECT","items_purchased":["Apotheosis","FTL","Hologram"],"campfire_rested":2,"item_purchase_floors":[22,22,22],"current_hp_per_floor":[71,53,53,52,52,34,56,31,31,30,29,25,25,25,47,44,80,53,38,32,33,33,16,16,28,35,0],"gold":24,"neow_bonus":"UPGRADE_CARD","is_prod":false,"is_daily":false,"chose_seed":false,"campfire_upgraded":1,"win_rate":0,"timestamp":1543722550,"path_taken":["M","?","?","M","?","E","R","E","T","?","M","M","R","E","R","BOSS","M","?","?","M","?","E","?","E","T","E"],"build_version":"2018-11-15","purchased_purges":1,"victory":false,"max_hp_per_floor":[75,75,75,75,75,75,75,75,75,75,75,75,75,75,75,75,80,80,85,85,85,85,85,85,85,92,92],"card_choices":[{"not_picked":["Melter","Compile Driver"],"picked":"Blizzard","floor":1},{"not_picked":["Rebound","Ball Lightning"],"picked":"Storm+1","floor":4},{"not_picked":["Beam Cell","Steam"],"picked":"Undo","floor":5},{"not_picked":["Undo","Rip and Tear"],"picked":"Defragment+1","floor":6},{"not_picked":["Ball Lightning","Lockon"],"picked":"Go for the Eyes","floor":8},{"not_picked":["Compile Driver","Consume"],"picked":"Capacitor+1","floor":10},{"not_picked":["Static Discharge+1","Gash"],"picked":"Sunder","floor":11},{"not_picked":["Gash","Hello World+1"],"picked":"Rainbow","floor":12},{"not_picked":["Reprogram","Stack"],"picked":"Hologram","floor":14},{"not_picked":["Meteor Strike","Hyperbeam"],"picked":"Fission","floor":16},{"not_picked":["Streamline","Go for the Eyes"],"picked":"FTL","floor":17},{"not_picked":["Hello World+1","Darkness"],"picked":"Reprogram+1","floor":18},{"not_picked":["Gash","Lockon"],"picked":"White Noise","floor":21},{"not_picked":["Rip and Tear","Scrape+1"],"picked":"Stack","floor":23}],"player_experience":281806,"relics_obtained":[{"floor":6,"key":"PreservedInsect"},{"floor":8,"key":"Ancient Tea Set"},{"floor":9,"key":"Mercury Hourglass"},{"floor":14,"key":"Meat on the Bone"},{"floor":23,"key":"Potion Belt"},{"floor":26,"key":"Strawberry"}],"event_choices":[{"damage_healed":0,"gold_gain":0,"player_choice":"Success","damage_taken":18,"relics_obtained":["Frozen Egg 2"],"max_hp_gain":0,"max_hp_loss":0,"event_name":"Scrap Ooze","floor":2,"gold_loss":0},{"damage_healed":0,"gold_gain":0,"player_choice":"Bought 2 Potions","damage_taken":0,"max_hp_gain":0,"max_hp_loss":0,"event_name":"The Woman in Blue","floor":3,"gold_loss":0},{"damage_healed":0,"gold_gain":0,"player_choice":"Shed Blood","damage_taken":20,"max_hp_gain":5,"max_hp_loss":0,"event_name":"Forgotten Altar","floor":19,"gold_loss":0},{"damage_healed":0,"gold_gain":0,"player_choice":"Joined the Cult","damage_taken":6,"max_hp_gain":0,"max_hp_loss":0,"event_name":"Nest","floor":20,"gold_loss":0,"cards_obtained":["RitualDagger"]},{"damage_healed":0,"gold_gain":0,"player_choice":"Paid Fearfully","damage_taken":0,"max_hp_gain":0,"max_hp_loss":0,"event_name":"Masked Bandits","floor":24,"gold_loss":95}],"is_beta":true,"boss_relics":[{"not_picked":["Ectoplasm","Lizard Tail"],"picked":"Tiny House"}],"items_purged_floors":[22],"is_endless":false,"potions_floor_spawned":[1,4,8,11,14,18,23,25],"killed_by":"Slavers","ascension_level":3}