{"gold_per_floor":[113,113,133,151,166,166,241,271,271,4,4,36,50,64,64,64],"floor_reached":16,"playtime":465,"items_purged":[],"score":224,"play_id":"0d2fc6ee-983e-4d32-9b9a-81c3dc02ee4b","local_time":"20190212224845","is_ascension_mode":true,"campfire_choices":[{"data":"Predator","floor":6,"key":"SMITH"},{"floor":11,"key":"REST"},{"floor":15,"key":"REST"}],"neow_cost":"NONE","seed_source_timestamp":94260666542100,"circlet_count":0,"master_deck":["AscendersBane","Defend_G","Defend_G","Defend_G","Defend_G","Defend_G","Strike_G","Strike_G","Strike_G","Strike_G","Strike_G","Survivor","Neutralize","Predator+1","Footwork","Poisoned Stab","Flying Knee","Slice","Crippling Poison","Noxious Fumes","Deflect"],"relics":["Ring of the Snake","Darkstone Periapt","Bottled Tornado","Ninja Scroll","Singing Bowl"],"potions_floor_usage":[12,16],"damage_taken":[{"damage":7,"enemies":"Small Slimes","floor":1,"turns":5},{"damage":0,"enemies":"Cultist","floor":3,"turns":3},{"damage":7,"enemies":"Jaw Worm","floor":4,"turns":4},{"damage":4,"enemies":"Blue Slaver","floor":5,"turns":6},{"damage":43,"enemies":"Lagavulin","floor":8,"turns":6},{"damage":12,"enemies":"Gremlin Nob","floor":12,"turns":4},{"damage":0,"enemies":"2 Fungi Beasts","floor":13,"turns":4},{"damage":0,"enemies":"Exordium Wildlife","floor":14,"turns":3},{"damage":38,"enemies":"Hexaghost","floor":16,"turns":9}],"seed_played":"-7442415184501257813","potions_obtained":[{"floor":1,"key":"LiquidBronze"},{"floor":8,"key":"Block Potion"},{"floor":13,"key":"AttackPotion"}],"is_trial":false,"path_per_floor":["M","?","M","M","M","R","?","E","T","$","R","E","M","M","R","B"],"character_chosen":"THE_SILENT","items_purchased":["Ninja Scroll"],"campfire_rested":2,"item_purchase_floors":[10],"current_hp_per_floor":[58,72,72,65,61,61,50,7,7,7,28,16,16,16,37,0],"gold":64,"neow_bonus":"TEN_PERCENT_HP_BONUS","is_prod":false,"is_daily":false,"chose_seed":false,"campfire_upgraded":1,"win_rate":0,"timestamp":1550011725,"path_taken":["M","?","M","?","M","R","?","E","T","?","R","E","M","M","R","BOSS"],"build_version":"2019-01-23","purchased_purges":0,"victory":false,"max_hp_per_floor":[72,72,72,72,72,72,72,72,72,72,72,72,72,72,72,72],"card_choices":[{"not_picked":["Flying Knee","Bane"],"picked":"Predator","floor":1},{"not_picked":["Infinite Blades","Bane"],"picked":"Footwork","floor":3},{"not_picked":["PiercingWail","Prepared"],"picked":"Poisoned Stab","floor":4},{"not_picked":["Poisoned Stab","Outmaneuver"],"picked":"Flying Knee","floor":5},{"not_picked":["Eviscerate","Concentrate"],"picked":"Slice","floor":8},{"not_picked":["A Thousand Cuts","Bane"],"picked":"Crippling Poison","floor":12},{"not_picked":["Sucker Punch","Outmaneuver"],"picked":"Noxious Fumes","floor":13},{"not_picked":["Slice","Underhanded Strike"],"picked":"Deflect","floor":14}],"player_experience":1206099,"relics_obtained":[{"floor":8,"key":"Darkstone Periapt"},{"floor":9,"key":"Bottled Tornado"},{"floor":12,"key":"Singing Bowl"}],"event_choices":[{"damage_healed":14,"gold_gain":0,"player_choice":"Full Heal","damage_taken":0,"max_hp_gain":0,"max_hp_loss":0,"event_name":"Wheel of Change","floor":2,"gold_loss":0},{"damage_healed":0,"gold_gain":75,"player_choice":"Gather Gold","damage_taken":11,"max_hp_gain":0,"max_hp_loss":0,"event_name":"World of Goop","floor":7,"gold_loss":0}],"is_beta":false,"boss_relics":[],"items_purged_floors":[],"is_endless":false,"potions_floor_spawned":[1,8,13],"killed_by":"Hexaghost","ascension_level":20}