{"gold_per_floor":[111,111,0,0,50,50,84,84,84,95,122,122,140,154,154,228,228,239,254,91,107,123,123,158,158,158,185,203,15,25,43,43,120,120,130,140,140,153,28,61,61,161,161,161,180,210,210,224,224,224],"floor_reached":50,"playtime":2350,"items_purged":["Strike_G","Strike_G","Strike_G"],"score":1379,"play_id":"c007df55-0e0f-4ada-a6f1-3cf053db8062","local_time":"20190430201100","is_ascension_mode":true,"campfire_choices":[{"data":"Neutralize","floor":6.0,"key":"SMITH"},{"data":"Footwork","floor":8.0,"key":"SMITH"},{"data":"Predator","floor":12.0,"key":"SMITH"},{"data":"Sucker Punch","floor":15.0,"key":"SMITH"},{"data":"Dash","floor":23.0,"key":"SMITH"},{"floor":25.0,"key":"REST"},{"floor":32.0,"key":"REST"},{"floor":41.0,"key":"REST"},{"floor":44.0,"key":"REST"},{"floor":47.0,"key":"RECALL"},{"floor":49.0,"key":"REST"}],"neow_cost":"NONE","seed_source_timestamp":0,"circlet_count":0,"master_deck":["AscendersBane","Defend_G","Defend_G","Defend_G","Defend_G","Defend_G","Strike_G","Survivor","Neutralize+1","Deflect","Footwork+1","Flying Knee","Sucker Punch+1","Predator+1","Corpse Explosion","Quick Slash+1","Dash+1","Slice","Caltrops","Adrenaline","Infinite Blades","Cloak And Dagger","Noxious Fumes","Blur","Deadly Poison","Burst","Deflect+1","Backflip+1","Crippling Poison+1","Leg Sweep+1","Endless Agony","Clumsy","Infinite Blades+1","Footwork+1","Catalyst","Phantasmal Killer"],"special_seed":0,"relics":["Ring of the Snake","NeowsBlessing","Oddly Smooth Stone","Darkstone Periapt","Shuriken","Cursed Key","Lantern","Dream Catcher","Ancient Tea Set","Sozu","Potion Belt","Dead Branch","Happy Flower"],"potions_floor_usage":[],"damage_taken":[{"damage":0.0,"enemies":"Jaw Worm","floor":1.0,"turns":1.0},{"damage":0.0,"enemies":"3 Sentries","floor":7.0,"turns":2.0},{"damage":0.0,"enemies":"Small Slimes","floor":10.0,"turns":1.0},{"damage":15.0,"enemies":"Lagavulin","floor":11.0,"turns":14.0},{"damage":0.0,"enemies":"Cultist","floor":13.0,"turns":3.0},{"damage":6.0,"enemies":"Gremlin Gang","floor":14.0,"turns":5.0},{"damage":0.0,"enemies":"The Guardian","floor":16.0,"turns":13.0},{"damage":10.0,"enemies":"2 Thieves","floor":18.0,"turns":3.0},{"damage":0.0,"enemies":"Chosen","floor":19.0,"turns":6.0},{"damage":0.0,"enemies":"Centurion and Healer","floor":21.0,"turns":6.0},{"damage":0.0,"enemies":"3 Cultists","floor":22.0,"turns":2.0},{"damage":20.0,"enemies":"Gremlin Leader","floor":24.0,"turns":8.0},{"damage":8.0,"enemies":"Slavers","floor":27.0,"turns":6.0},{"damage":18.0,"enemies":"Shelled Parasite and Fungi","floor":28.0,"turns":6.0},{"damage":0.0,"enemies":"Centurion and Healer","floor":30.0,"turns":5.0},{"damage":0.0,"enemies":"Snake Plant","floor":31.0,"turns":4.0},{"damage":53.0,"enemies":"Champ","floor":33.0,"turns":12.0},{"damage":2.0,"enemies":"3 Shapes","floor":35.0,"turns":3.0},{"damage":4.0,"enemies":"Orb Walker","floor":36.0,"turns":3.0},{"damage":3.0,"enemies":"Writhing Mass","floor":38.0,"turns":8.0},{"damage":37.0,"enemies":"Giant Head","floor":40.0,"turns":10.0},{"damage":8.0,"enemies":"Mind Bloom Boss Battle","floor":42.0,"turns":7.0},{"damage":3.0,"enemies":"Maw","floor":45.0,"turns":7.0},{"damage":0.0,"enemies":"Nemesis","floor":46.0,"turns":7.0},{"damage":0.0,"enemies":"4 Shapes","floor":48.0,"turns":2.0},{"damage":65,"enemies":"Awakened One","floor":50,"turns":3}],"seed_played":"5818611660793167232","potions_obtained":[{"floor":7.0,"key":"AttackPotion"},{"floor":10.0,"key":"SteroidPotion"},{"floor":11.0,"key":"AttackPotion"},{"floor":16.0,"key":"EssenceOfSteel"},{"floor":21.0,"key":"FairyPotion"},{"floor":22.0,"key":"Strength Potion"}],"is_trial":false,"path_per_floor":["M","?","$","?","?","R","E","R","T","M","E","R","M","M","R","B",null,"M","M","$","M","M","R","E","R","T","E","M","$","M","M","R","B",null,"M","M","?","M","$","E","R","?","T","R","M","E","R","M","R","B"],"character_chosen":"THE_SILENT","items_purchased":["Footwork","Lantern","Noxious Fumes"],"campfire_rested":5,"item_purchase_floors":[3,20,29],"current_hp_per_floor":[59,52,52,52,52,52,52,52,52,52,37,37,37,31,31,31,57,47,47,47,47,47,47,27,46,46,38,20,20,20,20,39,6,51,49,45,45,42,42,5,23,15,21,41,38,38,38,38,58,0],"gold":224,"neow_bonus":"THREE_ENEMY_KILL","is_prod":false,"is_daily":false,"chose_seed":false,"campfire_upgraded":5,"win_rate":0,"timestamp":1556651460,"path_taken":["M","?","$","?","?","R","E","R","T","M","E","R","M","M","R","BOSS","M","M","$","M","M","R","E","R","T","E","?","$","?","M","R","BOSS","M","M","?","M","$","E","R","?","T","R","?","E","R","M","R","BOSS"],"build_version":"2019-01-23","purchased_purges":3,"victory":false,"max_hp_per_floor":[66,66,66,66,66,66,66,66,66,66,66,66,66,66,66,66,66,66,66,66,66,66,66,66,66,66,66,66,66,66,66,66,66,66,66,66,63,63,63,63,63,63,69,69,69,69,69,69,69,69],"card_choices":[{"not_picked":["Underhanded Strike","PiercingWail"],"picked":"Deflect","floor":1.0},{"not_picked":["Infinite Blades","Outmaneuver"],"picked":"Flying Knee","floor":7.0},{"not_picked":["Backflip","Acrobatics"],"picked":"Sucker Punch","floor":10.0},{"not_picked":["Underhanded Strike","Riddle With Holes"],"picked":"Predator","floor":11.0},{"not_picked":["Expertise","Underhanded Strike","Burst"],"picked":"SKIP","floor":13.0},{"not_picked":["Acrobatics","Prepared","Finisher"],"picked":"SKIP","floor":14.0},{"not_picked":["Glass Knife","Bullet Time"],"picked":"Corpse Explosion","floor":16.0},{"not_picked":["Backflip","Prepared"],"picked":"Quick Slash+1","floor":18.0},{"not_picked":["Backflip","Flying Knee","Dagger Throw"],"picked":"SKIP","floor":19.0},{"not_picked":["Skewer","Acrobatics"],"picked":"Dash","floor":21.0},{"not_picked":["Bane+1","Outmaneuver"],"picked":"Slice","floor":22.0},{"not_picked":["Dash","Flying Knee"],"picked":"Caltrops","floor":24.0},{"not_picked":["PiercingWail","Sucker Punch"],"picked":"Adrenaline","floor":25.0},{"not_picked":["Bouncing Flask","Sucker Punch+1"],"picked":"Infinite Blades","floor":27.0},{"not_picked":["Setup","Prepared"],"picked":"Cloak And Dagger","floor":28.0},{"not_picked":["Prepared","Expertise"],"picked":"Blur","floor":30.0},{"not_picked":["Wraith Form v2","Outmaneuver"],"picked":"Deadly Poison","floor":31.0},{"not_picked":["Bullet Time","Tools of the Trade"],"picked":"Burst","floor":33.0},{"not_picked":["Bane","Underhanded Strike","Reflex+1"],"picked":"SKIP","floor":35.0},{"not_picked":["Heel Hook","Endless Agony"],"picked":"Deflect+1","floor":36.0},{"not_picked":["Prepared","Quick Slash+1"],"picked":"Backflip+1","floor":38.0},{"not_picked":["Skewer","Sucker Punch+1"],"picked":"Crippling Poison+1","floor":40.0},{"not_picked":["Slice","Reflex+1"],"picked":"Leg Sweep+1","floor":41.0},{"not_picked":["Flying Knee+1","Dash"],"picked":"Endless Agony","floor":42.0},{"not_picked":["Dodge and Roll+1","PiercingWail"],"picked":"Infinite Blades+1","floor":45.0},{"not_picked":["All Out Attack","Deadly Poison"],"picked":"Footwork+1","floor":46.0},{"not_picked":["Backstab","Caltrops"],"picked":"Catalyst","floor":48.0},{"not_picked":["PiercingWail","Deadly Poison"],"picked":"Phantasmal Killer","floor":49.0}],"player_experience":1325257,"relics_obtained":[{"floor":7.0,"key":"Oddly Smooth Stone"},{"floor":9.0,"key":"Darkstone Periapt"},{"floor":11.0,"key":"Shuriken"},{"floor":24.0,"key":"Dream Catcher"},{"floor":27.0,"key":"Ancient Tea Set"},{"floor":40.0,"key":"Potion Belt"},{"floor":42.0,"key":"Dead Branch"},{"floor":46.0,"key":"Happy Flower"}],"event_choices":[{"cards_removed":["Strike_G"],"damage_healed":0.0,"max_hp_gain":0.0,"max_hp_loss":0.0,"gold_gain":0.0,"event_name":"Golden Wing","player_choice":"Card Removal","floor":2.0,"gold_loss":0.0,"damage_taken":7.0},{"damage_healed":0.0,"max_hp_gain":0.0,"max_hp_loss":0.0,"gold_gain":0.0,"event_name":"Golden Idol","player_choice":"Ignored","floor":4.0,"gold_loss":0.0,"damage_taken":0.0},{"damage_healed":0.0,"max_hp_gain":0.0,"max_hp_loss":0.0,"gold_gain":50.0,"event_name":"Golden Shrine","player_choice":"Pray","floor":5.0,"gold_loss":0.0,"damage_taken":0.0},{"damage_healed":0.0,"max_hp_gain":0.0,"max_hp_loss":3.0,"gold_gain":0.0,"event_name":"Winding Halls","player_choice":"Max HP","floor":37.0,"gold_loss":0.0,"damage_taken":0.0},{"damage_healed":0.0,"max_hp_gain":0.0,"max_hp_loss":0.0,"gold_gain":0.0,"event_name":"MindBloom","player_choice":"Fight","floor":42.0,"gold_loss":0.0,"damage_taken":0.0}],"is_beta":false,"boss_relics":[{"not_picked":["Calling Bell","WristBlade"],"picked":"Cursed Key"},{"not_picked":["White Beast Statue","Orrery"],"picked":"Sozu"}],"items_purged_floors":[3,29,39],"is_endless":false,"potions_floor_spawned":[7,10,11,16,21,22,24,31,42,45,46],"killed_by":"Awakened One","ascension_level":20}