{"gold_per_floor":[111,111,111,8,26,26,54,70,70,70,82,112,112,125,125,229,229,243,243,260,57,57,86,6,18,18,18,37,37,50,67,67,172,172,187,207,23,39,59,59,59,59,59,73,101,101,116,16,16,16],"floor_reached":51,"playtime":3002,"items_purged":["Strike_B","Defend_B","Recycle+1"],"score":1068,"play_id":"0f2a2371-0b94-4fbb-896d-017ccc959ec7","local_time":"20190514101039","is_ascension_mode":true,"campfire_choices":[{"data":"Dualcast","floor":6.0,"key":"SMITH"},{"floor":10.0,"key":"DIG"},{"floor":13.0,"key":"DIG"},{"floor":15.0,"key":"DIG"},{"floor":27.0,"key":"REST"},{"floor":32.0,"key":"DIG"},{"floor":40.0,"key":"DIG"},{"floor":42.0,"key":"DIG"},{"floor":49.0,"key":"DIG"}],"neow_cost":"NONE","seed_source_timestamp":2982486492677558,"circlet_count":0,"master_deck":["Strike_B+1","Strike_B","Strike_B","Defend_B","Defend_B","Zap+1","Dualcast+1","Cold Snap","Loop","Cold Snap","Beam Cell","Fission","Echo Form","Conserve Battery","Leap","FTL","FTL","Ball Lightning+1","Defragment","Self Repair"],"special_seed":0,"relics":["FrozenCore","NeowsBlessing","The Courier","Shovel","Shuriken","Kunai","Bag of Marbles","Gremlin Horn","Sundial","Fusion Hammer","MutagenicStrength","Tiny Chest","Singing Bowl","Pantograph","Unceasing Top","Bronze Scales","Blood Vial","Toxic Egg 2","Mercury Hourglass","Symbiotic Virus","Pear"],"potions_floor_usage":[],"damage_taken":[{"damage":0.0,"enemies":"Jaw Worm","floor":1.0,"turns":1.0},{"damage":0.0,"enemies":"2 Louse","floor":5.0,"turns":1.0},{"damage":0.0,"enemies":"Gremlin Nob","floor":7.0,"turns":1.0},{"damage":0.0,"enemies":"Cultist","floor":8.0,"turns":3.0},{"damage":0.0,"enemies":"Exordium Wildlife","floor":11.0,"turns":3.0},{"damage":18.0,"enemies":"Lagavulin","floor":12.0,"turns":5.0},{"damage":9.0,"enemies":"Looter","floor":14.0,"turns":2.0},{"damage":13.0,"enemies":"Hexaghost","floor":16.0,"turns":10.0},{"damage":20.0,"enemies":"2 Thieves","floor":18.0,"turns":4.0},{"damage":22.0,"enemies":"3 Byrds","floor":20.0,"turns":5.0},{"damage":13.0,"enemies":"Gremlin Leader","floor":23.0,"turns":7.0},{"damage":0.0,"enemies":"3 Cultists","floor":25.0,"turns":5.0},{"damage":0.0,"enemies":"Sentry and Sphere","floor":28.0,"turns":4.0},{"damage":28.0,"enemies":"Snake Plant","floor":30.0,"turns":4.0},{"damage":3.0,"enemies":"Snecko","floor":31.0,"turns":5.0},{"damage":10.0,"enemies":"Automaton","floor":33.0,"turns":7.0},{"damage":15.0,"enemies":"3 Shapes","floor":35.0,"turns":4.0},{"damage":23.0,"enemies":"Orb Walker","floor":36.0,"turns":6.0},{"damage":0.0,"enemies":"Maw","floor":38.0,"turns":6.0},{"damage":0.0,"enemies":"4 Shapes","floor":39.0,"turns":7.0},{"damage":13.0,"enemies":"Transient","floor":44.0,"turns":5.0},{"damage":1.0,"enemies":"Reptomancer","floor":45.0,"turns":5.0},{"damage":3.0,"enemies":"3 Darklings","floor":47.0,"turns":4.0},{"damage":40,"enemies":"Awakened One","floor":50,"turns":8}],"seed_played":"4629834325627100127","potions_obtained":[{"floor":1.0,"key":"GamblersBrew"},{"floor":5.0,"key":"SkillPotion"},{"floor":7.0,"key":"SkillPotion"},{"floor":14.0,"key":"Block Potion"},{"floor":23.0,"key":"FocusPotion"},{"floor":25.0,"key":"Ancient Potion"},{"floor":28.0,"key":"FocusPotion"},{"floor":30.0,"key":"Explosive Potion"},{"floor":31.0,"key":"EssenceOfSteel"},{"floor":35.0,"key":"Poison Potion"},{"floor":38.0,"key":"Swift Potion"},{"floor":44.0,"key":"SmokeBomb"}],"is_trial":false,"path_per_floor":["M","?","?","$","M","R","E","M","T","R","M","E","R","M","R","B",null,"M","?","M","$","?","E","$","M","T","R","M","$","M","M","R","B",null,"M","M","$","M","M","R","$","R","T","M","E","?","M","$","R","B",null],"character_chosen":"DEFECT","items_purchased":["Cold Snap","Loop","FTL","Tiny Chest","Self Repair","Bronze Scales"],"campfire_rested":1,"item_purchase_floors":[4,4,21,21,37,37],"current_hp_per_floor":[68,53,53,53,53,53,53,53,53,53,53,35,35,26,26,13,60,40,40,18,18,18,5,5,7,7,30,32,32,4,3,3,20,67,54,31,31,40,49,49,49,49,49,47,57,57,65,65,75,69],"gold":16,"neow_bonus":"THREE_ENEMY_KILL","is_prod":false,"is_daily":false,"chose_seed":false,"campfire_upgraded":1,"win_rate":0,"timestamp":1557853839,"path_taken":["M","?","?","$","M","R","E","M","T","R","M","E","R","?","R","BOSS","M","?","M","$","?","E","$","M","T","R","M","?","M","M","R","BOSS","M","?","$","M","M","R","?","R","T","M","E","?","M","$","R","BOSS"],"build_version":"2019-01-23","purchased_purges":3,"victory":true,"max_hp_per_floor":[75,75,75,75,75,75,75,75,75,75,75,75,75,75,75,75,75,75,75,75,75,75,75,75,77,77,77,79,79,79,81,81,83,83,85,85,85,87,89,89,89,89,89,91,93,93,95,95,105,105],"card_choices":[{"not_picked":["Genetic Algorithm","Compile Driver","Reprogram"],"picked":"SKIP","floor":1.0},{"not_picked":["Darkness","Stack","Compile Driver"],"picked":"SKIP","floor":5.0},{"not_picked":["Storm","Beam Cell"],"picked":"Cold Snap","floor":7.0},{"not_picked":["Rebound","Stack","Cold Snap"],"picked":"SKIP","floor":8.0},{"not_picked":["Sweeping Beam","Leap"],"picked":"Beam Cell","floor":11.0},{"not_picked":["Sweeping Beam","Recycle","Steam"],"picked":"SKIP","floor":12.0},{"not_picked":["Sweeping Beam","Compile Driver"],"picked":"Fission","floor":14.0},{"not_picked":["Electrodynamics","All For One"],"picked":"Echo Form","floor":16.0},{"not_picked":["Stack","Ball Lightning+1"],"picked":"Conserve Battery","floor":18.0},{"not_picked":["Doom and Gloom","Beam Cell"],"picked":"Leap","floor":20.0},{"not_picked":["Stack","Steam"],"picked":"FTL","floor":23.0},{"not_picked":["Redo","Beam Cell","Sunder+1"],"picked":"Singing Bowl","floor":25.0},{"not_picked":["Leap","White Noise","Rip and Tear"],"picked":"Singing Bowl","floor":28.0},{"not_picked":["Streamline+1","Seek"],"picked":"Ball Lightning+1","floor":30.0},{"not_picked":["Go for the Eyes","Beam Cell","Doom and Gloom"],"picked":"Singing Bowl","floor":31.0},{"not_picked":["Reboot","Amplify","Buffer"],"picked":"Singing Bowl","floor":33.0},{"not_picked":["Steam","Cold Snap+1","Stack+1"],"picked":"Singing Bowl","floor":35.0},{"not_picked":["Cold Snap","Redo+1"],"picked":"Defragment","floor":36.0},{"not_picked":["Skim+1","Sweeping Beam+1","Barrage"],"picked":"Singing Bowl","floor":38.0},{"not_picked":["Sunder","Steam","Streamline"],"picked":"Singing Bowl","floor":39.0},{"not_picked":["Redo+1","Machine Learning","Tempest+1"],"picked":"Singing Bowl","floor":44.0},{"not_picked":["Beam Cell","Steam+1","Seek+1"],"picked":"Singing Bowl","floor":45.0},{"not_picked":["Barrage","Redo+1","Scrape+1"],"picked":"Singing Bowl","floor":47.0}],"player_experience":493862,"relics_obtained":[{"floor":7.0,"key":"Shovel"},{"floor":9.0,"key":"Shuriken"},{"floor":10.0,"key":"Kunai"},{"floor":12.0,"key":"Bag of Marbles"},{"floor":13.0,"key":"Gremlin Horn"},{"floor":15.0,"key":"Sundial"},{"floor":23.0,"key":"Singing Bowl"},{"floor":26.0,"key":"Pantograph"},{"floor":32.0,"key":"Unceasing Top"},{"floor":40.0,"key":"Blood Vial"},{"floor":42.0,"key":"Toxic Egg 2"},{"floor":43.0,"key":"Mercury Hourglass"},{"floor":45.0,"key":"Symbiotic Virus"},{"floor":49.0,"key":"Pear"}],"event_choices":[{"damage_healed":0.0,"max_hp_gain":0.0,"max_hp_loss":0.0,"gold_gain":0.0,"event_name":"Shining Light","player_choice":"Entered Light","floor":2.0,"gold_loss":0.0,"damage_taken":15.0,"cards_upgraded":["Strike_B","Zap"]},{"damage_healed":0.0,"max_hp_gain":0.0,"max_hp_loss":0.0,"gold_gain":0.0,"event_name":"WeMeetAgain","player_choice":"Gave Potion","floor":3.0,"gold_loss":0.0,"damage_taken":0.0,"relics_obtained":["The Courier"]},{"damage_healed":0.0,"max_hp_gain":0.0,"max_hp_loss":0.0,"gold_gain":0.0,"event_name":"Drug Dealer","player_choice":"Inject Mutagens","floor":19.0,"gold_loss":0.0,"damage_taken":0.0,"relics_obtained":["MutagenicStrength"]},{"damage_healed":0.0,"max_hp_gain":0.0,"max_hp_loss":0.0,"gold_gain":0.0,"event_name":"Beggar","player_choice":"Ignored","floor":22.0,"gold_loss":0.0,"damage_taken":0.0},{"damage_healed":0.0,"max_hp_gain":0.0,"max_hp_loss":0.0,"gold_gain":0.0,"cards_transformed":["Defend_B"],"event_name":"Transmorgrifier","player_choice":"Transformed","floor":46.0,"gold_loss":0.0,"damage_taken":0.0,"cards_obtained":["Recycle"]}],"is_beta":false,"boss_relics":[{"not_picked":["Busted Crown","Ectoplasm"],"picked":"Fusion Hammer"},{"not_picked":["Coffee Dripper","Runic Pyramid"],"picked":"FrozenCore"}],"items_purged_floors":[21,24,48],"is_endless":false,"potions_floor_spawned":[1,5,7,14,23,25,28,30,31,35,38,44],"ascension_level":8}