{"gold_per_floor":[18,18,29,29,48,82,82,113,140,65,125,125,139,152,152,273,273,273],"floor_reached":18,"playtime":1698,"items_purged":["Defend_R"],"score":170,"play_id":"e87dc775-6930-4c44-9db9-2d8eeb064cf8","local_time":"20190329021818","is_ascension_mode":false,"campfire_choices":[{"data":"Feel No Pain","floor":7,"key":"SMITH"},{"floor":15,"key":"REST"}],"neow_cost":"NO_GOLD","seed_source_timestamp":26213992841465,"circlet_count":0,"master_deck":["Strike_R+1","Strike_R","Strike_R","Strike_R","Strike_R","Defend_R","Defend_R","Defend_R","Bash","Dark Shackles","Blind","Burning Pact","Heavy Blade+1","Pummel","Feel No Pain+1","Rage","Second Wind","Headbutt","Fiend Fire"],"relics":["Burning Blood","Golden Idol","Bronze Scales","Whetstone","Happy Flower","Black Star"],"potions_floor_usage":[6,6,8],"damage_taken":[{"damage":5,"enemies":"Jaw Worm","floor":1,"turns":4},{"damage":5,"enemies":"2 Louse","floor":3,"turns":3},{"damage":0,"enemies":"Small Slimes","floor":5,"turns":3},{"damage":20,"enemies":"Gremlin Nob","floor":6,"turns":5},{"damage":24,"enemies":"3 Sentries","floor":8,"turns":7},{"damage":12,"enemies":"Exordium Thugs","floor":13,"turns":5},{"damage":6,"enemies":"Blue Slaver","floor":14,"turns":4},{"damage":24,"enemies":"Slime Boss","floor":16,"turns":15},{"damage":0,"enemies":"2 Thieves","floor":18,"turns":1}],"seed_played":"-4533260715098664087","potions_obtained":[{"floor":1,"key":"EssenceOfSteel"},{"floor":3,"key":"Strength Potion"},{"floor":6,"key":"SkillPotion"},{"floor":14,"key":"PowerPotion"}],"is_trial":false,"path_per_floor":["M","?","M","?","M","E","R","E","T","$","?","?","M","M","R","B",null,"M"],"character_chosen":"IRONCLAD","items_purchased":[],"campfire_rested":1,"item_purchase_floors":[],"current_hp_per_floor":[80,85,85,79,79,65,65,47,47,47,47,47,41,41,64,46,79,79],"gold":273,"neow_bonus":"RANDOM_COLORLESS_2","is_prod":false,"is_daily":false,"chose_seed":false,"campfire_upgraded":1,"win_rate":0,"timestamp":1553840298,"path_taken":["M","?","M","?","M","E","R","E","T","$","?","?","M","?","R","BOSS","M"],"build_version":"2019-01-23","purchased_purges":1,"victory":false,"max_hp_per_floor":[80,85,85,79,79,79,79,79,79,79,79,79,79,79,79,79,79,79],"card_choices":[{"not_picked":["Sever Soul","Rupture"],"picked":"Burning Pact","floor":1},{"not_picked":["Searing Blow","Cleave"],"picked":"Heavy Blade","floor":3},{"not_picked":["Cleave","Clothesline"],"picked":"Pummel","floor":5},{"not_picked":["Blood for Blood","Twin Strike"],"picked":"Feel No Pain","floor":6},{"not_picked":["Searing Blow","Intimidate"],"picked":"Rage","floor":8},{"not_picked":["Bloodletting","Rampage"],"picked":"Second Wind","floor":13},{"not_picked":["Perfected Strike","Twin Strike"],"picked":"Headbutt","floor":14},{"not_picked":["Brutality","Limit Break"],"picked":"Fiend Fire","floor":16}],"player_experience":43074,"relics_obtained":[{"floor":6,"key":"Bronze Scales"},{"floor":8,"key":"Whetstone"},{"floor":9,"key":"Happy Flower"}],"event_choices":[{"damage_healed":0,"gold_gain":0,"player_choice":"Donut","damage_taken":0,"max_hp_gain":5,"max_hp_loss":0,"event_name":"Big Fish","floor":2,"gold_loss":0},{"damage_healed":0,"gold_gain":0,"player_choice":"Lose Max HP","damage_taken":0,"relics_obtained":["Golden Idol"],"max_hp_gain":0,"max_hp_loss":6,"event_name":"Golden Idol","floor":4,"gold_loss":0},{"damage_healed":0,"gold_gain":60,"player_choice":"Gained Gold","damage_taken":0,"max_hp_gain":0,"max_hp_loss":0,"event_name":"Golden Wing","floor":11,"gold_loss":0},{"damage_healed":0,"gold_gain":0,"player_choice":"Ignored","damage_taken":0,"max_hp_gain":0,"max_hp_loss":0,"event_name":"Liars Game","floor":12,"gold_loss":0}],"is_beta":false,"boss_relics":[{"not_picked":["Fusion Hammer","Sozu"],"picked":"Black Star"}],"items_purged_floors":[10],"is_endless":false,"potions_floor_spawned":[1,3,6,14],"killed_by":"2 Thieves","ascension_level":0}