{"gold_per_floor":[112,29,104,26,42,77,87,87,87,87,104,104,114,132,132,231,231,248,261,361,12,23,23,34,45,45,45,22,22,36,71,71,173,173,190,203,203,220,234,234,254,264,264,264,53,53,53,66,66,66],"floor_reached":50,"playtime":2389,"items_purged":["Strike_B"],"score":493,"play_id":"f79a048a-b473-4e16-aafd-45f3fee82bce","local_time":"20181114194639","is_ascension_mode":false,"campfire_choices":[{"data":"Defragment","floor":8,"key":"SMITH"},{"data":"Coolheaded","floor":10,"key":"SMITH"},{"data":"Dualcast","floor":15,"key":"SMITH"},{"floor":23,"key":"REST"},{"floor":27,"key":"REST"},{"floor":29,"key":"REST"},{"floor":32,"key":"REST"},{"floor":40,"key":"REST"},{"floor":44,"key":"REST"},{"floor":49,"key":"REST"}],"neow_cost":"NONE","seed_source_timestamp":4905446558032,"circlet_count":0,"master_deck":["Strike_B","Strike_B","Strike_B","Defend_B","Defend_B","Defend_B","Defend_B","Zap","Dualcast+1","Coolheaded+1","Bandage Up","Defragment+1","Streamline","Sweeping Beam+1","Self Repair","Amplify","Redo+1","Leap","Bandage Up","Hologram","Coolheaded","Defragment","Leap","Electrodynamics","Creative AI","Conserve Battery","Flash of Steel","Hologram","All For One"],"relics":["FrozenCore","NeowsBlessing","Dodecahedron","Pear","Fusion Hammer","Bottled Tornado","Blood Vial","Omamori","Mummified Hand"],"potions_floor_usage":[16,39,41,48,50,50,50],"damage_taken":[{"damage":0,"enemies":"Cultist","floor":1,"turns":1},{"damage":0,"enemies":"2 Louse","floor":5,"turns":1},{"damage":0,"enemies":"Gremlin Nob","floor":6,"turns":1},{"damage":7,"enemies":"Small Slimes","floor":7,"turns":3},{"damage":8,"enemies":"Red Slaver","floor":11,"turns":3},{"damage":0,"enemies":"Large Slime","floor":13,"turns":5},{"damage":3,"enemies":"Blue Slaver","floor":14,"turns":4},{"damage":42,"enemies":"Hexaghost","floor":16,"turns":10},{"damage":0,"enemies":"Chosen","floor":18,"turns":5},{"damage":22,"enemies":"2 Thieves","floor":19,"turns":4},{"damage":12,"enemies":"Cultist and Chosen","floor":22,"turns":6},{"damage":21,"enemies":"Snake Plant","floor":24,"turns":4},{"damage":4,"enemies":"Sentry and Sphere","floor":25,"turns":6},{"damage":18,"enemies":"Shelled Parasite and Fungi","floor":30,"turns":8},{"damage":70,"enemies":"Gremlin Leader","floor":31,"turns":11},{"damage":11,"enemies":"Collector","floor":33,"turns":12},{"damage":0,"enemies":"3 Shapes","floor":35,"turns":6},{"damage":2,"enemies":"Orb Walker","floor":36,"turns":4},{"damage":34,"enemies":"4 Shapes","floor":38,"turns":7},{"damage":1,"enemies":"Sphere and 2 Shapes","floor":39,"turns":8},{"damage":4,"enemies":"Transient","floor":41,"turns":5},{"damage":10,"enemies":"Jaw Worm Horde","floor":42,"turns":4},{"damage":7,"enemies":"3 Darklings","floor":48,"turns":5},{"damage":99,"enemies":"Awakened One","floor":50,"turns":7}],"seed_played":"3309140164918579830","potions_obtained":[{"floor":1,"key":"Dexterity Potion"},{"floor":5,"key":"SteroidPotion"},{"floor":7,"key":"SneckoOil"},{"floor":22,"key":"SpeedPotion"},{"floor":24,"key":"SteroidPotion"},{"floor":35,"key":"EntropicBrew"},{"floor":38,"key":"Block Potion"},{"floor":39,"key":"FocusPotion"},{"floor":42,"key":"Swift Potion"}],"is_trial":false,"path_per_floor":["M","$","?","$","M","E","M","R","T","R","M","?","M","M","R","B",null,"M","M","?","$","M","R","M","M","T","R","$","R","M","E","R","B",null,"M","M","?","M","M","R","M","M","T","R","$","?","?","M","R","B"],"character_chosen":"DEFECT","items_purchased":["Bandage Up","Defragment","Bottled Tornado","Bandage Up","Leap","All For One"],"campfire_rested":7,"item_purchase_floors":[2,4,21,21,28,45],"current_hp_per_floor":[75,75,68,68,68,68,65,65,75,75,71,71,75,83,83,50,85,85,74,74,74,77,85,71,82,82,85,85,85,82,29,54,60,85,85,85,85,62,78,85,85,79,79,85,85,81,81,81,81,0],"gold":66,"neow_bonus":"THREE_ENEMY_KILL","is_prod":false,"is_daily":false,"chose_seed":false,"campfire_upgraded":3,"win_rate":0,"timestamp":1542224799,"path_taken":["M","$","?","$","?","E","M","R","T","R","M","?","M","M","R","BOSS","M","?","?","$","M","R","?","M","T","R","$","R","M","E","R","BOSS","M","M","?","M","M","R","M","M","T","R","$","?","?","M","R","BOSS"],"build_version":"2018-11-13","purchased_purges":1,"victory":false,"max_hp_per_floor":[75,75,75,75,75,75,75,75,85,85,85,85,85,85,85,85,85,85,85,85,85,85,85,85,85,85,85,85,85,85,85,85,85,85,85,85,85,85,85,85,85,85,85,85,85,81,81,81,81,81],"card_choices":[{"not_picked":["Reprogram","Barrage"],"picked":"Coolheaded","floor":1},{"not_picked":["Rip and Tear","Barrage"],"picked":"Streamline","floor":5},{"not_picked":["Gash","Barrage","Compile Driver"],"picked":"SKIP","floor":6},{"not_picked":["Lockon","Streamline","Doom and Gloom"],"picked":"SKIP","floor":7},{"not_picked":["Biased Cognition","Skim"],"picked":"Sweeping Beam","floor":11},{"not_picked":["Double Energy","Sweeping Beam"],"picked":"Self Repair","floor":13},{"not_picked":["Compile Driver","Go for the Eyes","Barrage"],"picked":"SKIP","floor":14},{"not_picked":["Buffer","Multi-Cast"],"picked":"Amplify","floor":16},{"not_picked":["Aggregate+1","Stack"],"picked":"Redo+1","floor":18},{"not_picked":["Hologram","Gash+1"],"picked":"Leap","floor":19},{"not_picked":["Rebound","Loop"],"picked":"Hologram","floor":22},{"not_picked":["Melter","Undo+1"],"picked":"Coolheaded","floor":24},{"not_picked":["Ball Lightning","Leap"],"picked":"Defragment","floor":25},{"not_picked":["Sweeping Beam","Stack+1","Streamline"],"picked":"SKIP","floor":30},{"not_picked":["Sweeping Beam","Chaos+1"],"picked":"Electrodynamics","floor":31},{"not_picked":["Amplify","All For One"],"picked":"Creative AI","floor":33},{"not_picked":["Skim","Ball Lightning+1","Coolheaded"],"picked":"SKIP","floor":35},{"not_picked":["Stack","Sweeping Beam+1"],"picked":"Conserve Battery","floor":36},{"not_picked":["Trip","Mind Blast"],"picked":"Flash of Steel","floor":37},{"not_picked":["Capacitor","Gash+1"],"picked":"Hologram","floor":38},{"not_picked":["Conserve Battery","Steam Power","Fusion+1"],"picked":"SKIP","floor":39},{"not_picked":["Gash","Steam","Sweeping Beam"],"picked":"SKIP","floor":41},{"not_picked":["Redo+1","Leap+1","Beam Cell"],"picked":"SKIP","floor":42},{"not_picked":["Leap","Capacitor+1","Sweeping Beam+1"],"picked":"SKIP","floor":48}],"player_experience":171106,"relics_obtained":[{"floor":6,"key":"Dodecahedron"},{"floor":9,"key":"Pear"},{"floor":26,"key":"Blood Vial"},{"floor":31,"key":"Omamori"},{"floor":43,"key":"Mummified Hand"}],"event_choices":[{"damage_healed":0,"gold_gain":75,"player_choice":"Touch","damage_taken":7,"max_hp_gain":0,"max_hp_loss":0,"event_name":"FaceTrader","floor":3,"gold_loss":0},{"damage_healed":0,"gold_gain":0,"player_choice":"Forge","damage_taken":0,"max_hp_gain":0,"max_hp_loss":0,"event_name":"Accursed Blacksmith","floor":12,"gold_loss":0,"cards_upgraded":["Sweeping Beam"]},{"damage_healed":0,"gold_gain":100,"player_choice":"Pray","damage_taken":0,"max_hp_gain":0,"max_hp_loss":0,"event_name":"Golden Shrine","floor":20,"gold_loss":0},{"damage_healed":0,"gold_gain":0,"player_choice":"Memory 1","damage_taken":0,"max_hp_gain":0,"max_hp_loss":0,"event_name":"SensoryStone","floor":37,"gold_loss":0},{"damage_healed":0,"gold_gain":0,"player_choice":"Max HP","damage_taken":0,"max_hp_gain":0,"max_hp_loss":4,"event_name":"Winding Halls","floor":46,"gold_loss":0},{"damage_healed":0,"gold_gain":0,"player_choice":"Ignored","damage_taken":0,"max_hp_gain":0,"max_hp_loss":0,"event_name":"SecretPortal","floor":47,"gold_loss":0}],"is_beta":true,"boss_relics":[{"not_picked":["Coffee Dripper","Orrery"],"picked":"Fusion Hammer"},{"not_picked":["Black Star","Runic Dome"],"picked":"FrozenCore"}],"items_purged_floors":[45],"is_endless":false,"potions_floor_spawned":[1,5,7,13,14,22,24,25,33,35,38,39,42],"killed_by":"Awakened One","ascension_level":0}