{"gold_per_floor":[119,132,148,158,178,178,209,209,255,273,34,34,46,79,79,156,156,172,172,172,186,198,198],"floor_reached":23,"playtime":680,"items_purged":["Strike_R"],"score":410,"play_id":"af67b7e6-56b7-47b2-b61d-178d11212669","local_time":"20190308201730","is_ascension_mode":true,"campfire_choices":[{"data":"Uppercut","floor":6.0,"key":"SMITH"},{"data":"Bash","floor":8.0,"key":"SMITH"},{"data":"Immolate","floor":12.0,"key":"SMITH"},{"data":"Shockwave","floor":15.0,"key":"SMITH"}],"neow_cost":"NONE","seed_source_timestamp":639448657606500,"circlet_count":0,"master_deck":["AscendersBane","Strike_R+1","Strike_R+1","Strike_R+1","Strike_R+1","Defend_R+1","Defend_R+1","Defend_R+1","Defend_R+1","Bash+1","Flex","Rampage","Uppercut+1","Pommel Strike","Cleave","Pommel Strike","Immolate+1","Shockwave+1","Feed","Limit Break","Limit Break","Second Wind"],"special_seed":0,"relics":["Burning Blood","Art of War","Centennial Puzzle","Pantograph","Philosopher\u0027s Stone"],"potions_floor_usage":[22],"damage_taken":[{"damage":0.0,"enemies":"2 Louse","floor":1.0,"turns":2.0},{"damage":6.0,"enemies":"Jaw Worm","floor":2.0,"turns":5.0},{"damage":7.0,"enemies":"Cultist","floor":3.0,"turns":4.0},{"damage":14.0,"enemies":"Exordium Thugs","floor":4.0,"turns":5.0},{"damage":18.0,"enemies":"Lots of Slimes","floor":5.0,"turns":5.0},{"damage":15.0,"enemies":"Lagavulin","floor":7.0,"turns":3.0},{"damage":0.0,"enemies":"Large Slime","floor":10.0,"turns":4.0},{"damage":8.0,"enemies":"Blue Slaver","floor":13.0,"turns":2.0},{"damage":5.0,"enemies":"3 Sentries","floor":14.0,"turns":2.0},{"damage":56.0,"enemies":"The Guardian","floor":16.0,"turns":10.0},{"damage":24,"enemies":"Shell Parasite","floor":18,"turns":3},{"damage":1,"enemies":"Chosen","floor":21,"turns":3},{"damage":29,"enemies":"Snake Plant","floor":22,"turns":3},{"damage":35,"enemies":"Gremlin Leader","floor":23,"turns":2}],"seed_played":"-6263653198681963750","potions_obtained":[{"floor":0.0,"key":"SkillPotion"},{"floor":0.0,"key":"SteroidPotion"},{"floor":1.0,"key":"Ancient Potion"},{"floor":3.0,"key":"Strength Potion"},{"floor":10.0,"key":"GamblersBrew"},{"floor":14.0,"key":"Dexterity Potion"},{"floor":21,"key":"BloodPotion"}],"is_trial":false,"path_per_floor":["M","M","M","M","M","R","E","R","T","M","$","R","M","E","R","B",null,"M","?","?","M","M","E"],"character_chosen":"IRONCLAD","items_purchased":["Immolate"],"campfire_rested":0,"item_purchase_floors":[11],"current_hp_per_floor":[74,74,73,65,53,53,44,44,44,50,50,50,48,49,49,24,62,44,44,44,49,33,0],"gold":198,"neow_bonus":"THREE_SMALL_POTIONS","is_prod":false,"is_daily":false,"chose_seed":false,"campfire_upgraded":4,"win_rate":0,"timestamp":1552076250,"path_taken":["M","M","M","M","M","R","E","R","T","M","$","R","M","E","R","BOSS","M","?","?","M","?","E"],"build_version":"2019-01-23","purchased_purges":1,"victory":false,"max_hp_per_floor":[75,75,75,75,75,75,75,75,75,75,75,75,75,75,75,75,75,75,75,75,75,75,75],"card_choices":[{"not_picked":["Havoc","Clash","Second Wind"],"picked":"SKIP","floor":1.0},{"not_picked":["Shrug It Off","Clothesline"],"picked":"Flex","floor":2.0},{"not_picked":["Reckless Charge","Armaments"],"picked":"Rampage","floor":3.0},{"not_picked":["Thunderclap","Anger"],"picked":"Uppercut","floor":4.0},{"not_picked":["Havoc","Twin Strike"],"picked":"Pommel Strike","floor":5.0},{"not_picked":["Heavy Blade","Havoc"],"picked":"Cleave","floor":7.0},{"not_picked":["Uppercut","Clash"],"picked":"Pommel Strike","floor":10.0},{"not_picked":["Reckless Charge","Blood for Blood"],"picked":"Shockwave","floor":13.0},{"not_picked":["Flex","Iron Wave"],"picked":"Feed","floor":14.0},{"not_picked":["Dark Embrace","Feed"],"picked":"Limit Break","floor":16.0},{"not_picked":["Clothesline","Perfected Strike","Twin Strike"],"picked":"SKIP","floor":18},{"not_picked":["Wild Strike","Twin Strike","Berserk"],"picked":"SKIP","floor":21},{"not_picked":["Twin Strike","Corruption"],"picked":"Second Wind","floor":22}],"player_experience":1252582,"relics_obtained":[{"floor":7.0,"key":"Art of War"},{"floor":9.0,"key":"Centennial Puzzle"},{"floor":14.0,"key":"Pantograph"}],"event_choices":[{"damage_healed":0,"gold_gain":0,"player_choice":"Simplicity","damage_taken":0,"max_hp_gain":0,"max_hp_loss":0,"event_name":"Back to Basics","floor":19,"gold_loss":0,"cards_upgraded":["Strike_R","Strike_R","Strike_R","Strike_R","Defend_R","Defend_R","Defend_R","Defend_R"]},{"damage_healed":0,"gold_gain":0,"player_choice":"Copied","damage_taken":0,"max_hp_gain":0,"max_hp_loss":0,"event_name":"Duplicator","floor":20,"gold_loss":0,"cards_obtained":["Limit Break"]}],"is_beta":false,"boss_relics":[{"not_picked":["Runic Cube","Orrery"],"picked":"Philosopher\u0027s Stone"}],"items_purged_floors":[11],"is_endless":false,"potions_floor_spawned":[1,3,5,10,14,21],"killed_by":"Gremlin Leader","ascension_level":20}