{"gold_per_floor":[114,114,127,127,1,1,16,16,16,41,41,41,41,53,53,150,150,169,269,184,61,61,61,61,80,80,80,80,80,26,38,38,136,136,149,49,49,63,63,63,63,83,83,100,100,46,63,118,118,118],"floor_reached":51,"playtime":4662,"items_purged":["Defend_R","Strike_R","Strike_R"],"score":664,"play_id":"8fef0b71-12f7-4041-ac97-dc477a8485b5","local_time":"20190404190030","is_ascension_mode":false,"campfire_choices":[{"data":"Armaments","floor":6,"key":"SMITH"},{"data":"Rampage","floor":8,"key":"SMITH"},{"data":"Barricade","floor":11,"key":"SMITH"},{"data":"Iron Wave","floor":13,"key":"SMITH"},{"floor":15,"key":"REST"},{"data":"Metallicize","floor":23,"key":"SMITH"},{"floor":27,"key":"REST"},{"data":"Body Slam","floor":28,"key":"SMITH"},{"floor":32,"key":"REST"},{"data":"Defend_R","floor":40,"key":"SMITH"},{"data":"Headbutt","floor":41,"key":"SMITH"},{"data":"Disarm","floor":45,"key":"SMITH"},{"floor":49,"key":"REST"}],"neow_cost":"PERCENT_DAMAGE","seed_source_timestamp":281459097314486,"circlet_count":0,"master_deck":["Defend_R+1","Defend_R+1","Defend_R+1","Bash+1","Armaments+1","Iron Wave+1","Flex+1","Rampage+1","Barricade+1","Body Slam+1","Feed","Metallicize+1","Headbutt+1","Disarm+1","Rampage+1","Limit Break","Battle Trance+1","Entrench+1"],"relics":["Burning Blood","Mummified Hand","The Courier","War Paint","Mango","Sundial","Kunai","WingedGreaves","Velvet Choker","Mercury Hourglass","Champion Belt"],"potions_floor_usage":[10,19,25,33,33,33,33,50,50,50],"damage_taken":[{"damage":10,"enemies":"Jaw Worm","floor":1,"turns":5},{"damage":1,"enemies":"Cultist","floor":3,"turns":4},{"damage":4,"enemies":"2 Louse","floor":7,"turns":3},{"damage":22,"enemies":"3 Sentries","floor":10,"turns":8},{"damage":0,"enemies":"Looter","floor":14,"turns":4},{"damage":38,"enemies":"Hexaghost","floor":16,"turns":9},{"damage":0,"enemies":"Chosen","floor":18,"turns":5},{"damage":12,"enemies":"Colosseum Slavers","floor":19,"turns":7},{"damage":52,"enemies":"Colosseum Nobs","floor":19,"turns":9},{"damage":23,"enemies":"2 Thieves","floor":25,"turns":5},{"damage":12,"enemies":"Centurion and Healer","floor":31,"turns":6},{"damage":12,"enemies":"Automaton","floor":33,"turns":11},{"damage":9,"enemies":"3 Darklings","floor":35,"turns":6},{"damage":7,"enemies":"3 Shapes","floor":38,"turns":5},{"damage":18,"enemies":"3 Darklings","floor":42,"turns":6},{"damage":0,"enemies":"Transient","floor":44,"turns":5},{"damage":13,"enemies":"4 Shapes","floor":47,"turns":6},{"damage":43,"enemies":"2 Orb Walkers","floor":48,"turns":5},{"damage":28,"enemies":"Awakened One","floor":50,"turns":10}],"seed_played":"5811025066958559279","potions_obtained":[{"floor":3,"key":"SkillPotion"},{"floor":7,"key":"Ancient Potion"},{"floor":10,"key":"Fire Potion"},{"floor":18,"key":"SteroidPotion"},{"floor":25,"key":"EntropicBrew"},{"floor":38,"key":"Strength Potion"},{"floor":44,"key":"LiquidBronze"}],"is_trial":false,"path_per_floor":["M","?","M","?","$","R","M","R","T","E","R","?","R","M","R","B",null,"M","?","?","$","?","R","$","M","T","R","R","?","$","M","R","B",null,"M","$","?","M","?","R","R","M","T","M","R","$","M","?","R","B",null],"character_chosen":"IRONCLAD","items_purchased":["Flex","Headbutt","Disarm","Limit Break"],"campfire_rested":4,"item_purchase_floors":[5,21,30,46],"current_hp_per_floor":[52,52,57,62,62,62,64,64,64,48,48,41,41,47,72,40,85,89,54,54,54,54,54,54,37,37,68,68,68,68,62,93,87,106,103,103,101,100,100,100,100,88,88,94,94,94,87,50,80,58],"gold":118,"neow_bonus":"REMOVE_TWO","is_prod":false,"is_daily":false,"chose_seed":false,"campfire_upgraded":9,"win_rate":0,"timestamp":1554418830,"path_taken":["M","?","?","?","$","R","M","R","T","E","R","?","R","M","R","BOSS","M","?","?","$","?","R","?","?","T","R","R","?","?","M","R","BOSS","M","$","?","M","?","R","R","M","T","M","R","$","?","?","R","BOSS"],"build_version":"2019-01-23","purchased_purges":3,"victory":true,"max_hp_per_floor":[80,80,80,85,85,85,85,85,85,85,85,85,85,85,85,85,85,89,106,106,106,106,106,106,106,106,106,106,106,106,106,106,106,106,106,106,101,101,101,101,101,101,101,101,101,101,101,101,101,101],"card_choices":[{"not_picked":["Clash","Sword Boomerang"],"picked":"Armaments","floor":1},{"not_picked":["Evolve","Sever Soul"],"picked":"Iron Wave","floor":3},{"not_picked":["Wild Strike","Perfected Strike"],"picked":"Rampage","floor":7},{"not_picked":["Havoc","Limit Break"],"picked":"Barricade","floor":10},{"not_picked":["Corruption","Clothesline"],"picked":"Body Slam","floor":14},{"not_picked":["Brutality","Exhume"],"picked":"Feed","floor":16},{"not_picked":["Twin Strike","Sword Boomerang"],"picked":"Metallicize","floor":18},{"not_picked":["Carnage","Thunderclap","Wild Strike"],"picked":"SKIP","floor":25},{"not_picked":["Warcry","Dropkick+1","Clash"],"picked":"SKIP","floor":31},{"not_picked":["Heavy Blade","Uppercut","Armaments+1"],"picked":"SKIP","floor":35},{"not_picked":["Whirlwind+1","Flex"],"picked":"Rampage+1","floor":38},{"not_picked":["Clash","Feed","Wild Strike"],"picked":"SKIP","floor":42},{"not_picked":["Warcry+1","Second Wind","Uppercut"],"picked":"SKIP","floor":44},{"not_picked":["Searing Blow","Cleave+1"],"picked":"Battle Trance+1","floor":47},{"not_picked":["Clash+1","Wild Strike+1"],"picked":"Entrench+1","floor":48}],"player_experience":95349,"relics_obtained":[{"floor":2,"key":"Mummified Hand"},{"floor":9,"key":"The Courier"},{"floor":10,"key":"War Paint"},{"floor":19,"key":"Mango"},{"floor":19,"key":"Sundial"},{"floor":26,"key":"WingedGreaves"},{"floor":43,"key":"Mercury Hourglass"},{"floor":48,"key":"Champion Belt"}],"event_choices":[{"damage_healed":0,"gold_gain":0,"player_choice":"Relic","damage_taken":0,"max_hp_gain":0,"max_hp_loss":0,"event_name":"Wheel of Change","floor":2,"gold_loss":0},{"damage_healed":0,"gold_gain":0,"player_choice":"Donut","damage_taken":0,"max_hp_gain":5,"max_hp_loss":0,"event_name":"Big Fish","floor":4,"gold_loss":0},{"cards_removed":["Strike_R"],"damage_healed":0,"gold_gain":0,"player_choice":"Card Removal","damage_taken":7,"max_hp_gain":0,"max_hp_loss":0,"event_name":"Golden Wing","floor":12,"gold_loss":0},{"damage_healed":0,"gold_gain":0,"player_choice":"Fight","damage_taken":0,"max_hp_gain":0,"max_hp_loss":0,"event_name":"Colosseum","floor":19,"gold_loss":0},{"damage_healed":0,"gold_gain":0,"player_choice":"Fought Nobs","damage_taken":0,"max_hp_gain":0,"max_hp_loss":0,"event_name":"Colosseum","floor":19,"gold_loss":0},{"damage_healed":0,"gold_gain":0,"player_choice":"Obtained Relic","damage_taken":0,"relics_obtained":["Kunai"],"max_hp_gain":0,"max_hp_loss":0,"event_name":"Addict","floor":20,"gold_loss":85},{"damage_healed":0,"gold_gain":0,"player_choice":"Ignored","damage_taken":0,"max_hp_gain":0,"max_hp_loss":0,"event_name":"The Mausoleum","floor":22,"gold_loss":0},{"damage_healed":0,"gold_gain":0,"player_choice":"Upgraded","damage_taken":0,"max_hp_gain":0,"max_hp_loss":0,"event_name":"Upgrade Shrine","floor":29,"gold_loss":0,"cards_upgraded":["Bash"]},{"damage_healed":0,"gold_gain":0,"player_choice":"Max HP","damage_taken":0,"max_hp_gain":0,"max_hp_loss":5,"event_name":"Winding Halls","floor":37,"gold_loss":0},{"damage_healed":0,"gold_gain":0,"player_choice":"Forge","damage_taken":0,"max_hp_gain":0,"max_hp_loss":0,"event_name":"Accursed Blacksmith","floor":39,"gold_loss":0,"cards_upgraded":["Defend_R"]},{"damage_healed":0,"gold_gain":0,"player_choice":"Fight","damage_taken":0,"max_hp_gain":0,"max_hp_loss":0,"event_name":"Mysterious Sphere","floor":48,"gold_loss":0}],"is_beta":false,"boss_relics":[{"not_picked":["Snecko Eye","Mark of Pain","Cursed Key"]},{"not_picked":["Astrolabe","Philosopher\u0027s Stone"],"picked":"Velvet Choker"}],"items_purged_floors":[5,21,36],"is_endless":false,"potions_floor_spawned":[3,7,10,18,19,25,38,44,48],"ascension_level":0}