{"gold_per_floor":[113,131,131,148,163,163,177,192,192,260,280,280],"floor_reached":12,"playtime":273,"items_purged":[],"score":152,"play_id":"febf077f-b272-4ff0-9d86-c02ed7151b22","local_time":"20190419184436","is_ascension_mode":true,"campfire_choices":[{"data":"Doom and Gloom","floor":6,"key":"SMITH"}],"neow_cost":"NONE","seed_source_timestamp":801588410567400,"circlet_count":0,"master_deck":["AscendersBane","Strike_B","Strike_B","Strike_B","Strike_B","Defend_B","Defend_B","Defend_B","Defend_B","Zap","Dualcast","Streamline","Defragment","Doom and Gloom+1","Conserve Battery","Tempest","Seek","Ball Lightning","Compile Driver"],"relics":["Runic Dome","SsserpentHead","Ginger"],"potions_floor_usage":[],"damage_taken":[{"damage":2,"enemies":"Cultist","floor":1,"turns":4},{"damage":0,"enemies":"2 Louse","floor":2,"turns":3},{"damage":2,"enemies":"Jaw Worm","floor":4,"turns":3},{"damage":1,"enemies":"Exordium Wildlife","floor":5,"turns":3},{"damage":4,"enemies":"3 Louse","floor":7,"turns":3},{"damage":0,"enemies":"Exordium Thugs","floor":8,"turns":3},{"damage":3,"enemies":"Blue Slaver","floor":10,"turns":3},{"damage":7,"enemies":"Large Slime","floor":11,"turns":4},{"damage":10,"enemies":"Gremlin Nob","floor":12,"turns":3}],"seed_played":"-2370765831705176537","potions_obtained":[{"floor":1,"key":"GamblersBrew"},{"floor":7,"key":"SteroidPotion"}],"is_trial":false,"path_per_floor":["M","M","?","M","M","R","M","M","T","M","M","E"],"character_chosen":"DEFECT","items_purchased":[],"campfire_rested":0,"item_purchase_floors":[],"current_hp_per_floor":[62,62,62,60,59,59,55,55,55,52,45,35],"gold":280,"neow_bonus":"BOSS_RELIC","is_prod":false,"is_daily":false,"chose_seed":false,"campfire_upgraded":1,"win_rate":0,"timestamp":1555695876,"path_taken":["M","?","?","M","M","R","M","M","T","?","M","E"],"build_version":"2019-01-23","purchased_purges":0,"victory":false,"max_hp_per_floor":[71,71,71,71,71,71,71,71,71,71,71,71],"card_choices":[{"not_picked":["Glacier","Self Repair"],"picked":"Streamline","floor":1},{"not_picked":["Stack","Ball Lightning"],"picked":"Defragment","floor":2},{"not_picked":["Barrage","Turbo"],"picked":"Doom and Gloom","floor":4},{"not_picked":["Rebound","Streamline"],"picked":"Conserve Battery","floor":5},{"not_picked":["Streamline","Gash"],"picked":"Tempest","floor":7},{"not_picked":["Static Discharge","Barrage"],"picked":"Seek","floor":8},{"not_picked":["Hologram","Stack"],"picked":"Ball Lightning","floor":10},{"not_picked":["Go for the Eyes","Steam"],"picked":"Compile Driver","floor":11}],"player_experience":1300337,"relics_obtained":[{"floor":9,"key":"Ginger"}],"event_choices":[{"damage_healed":0,"gold_gain":0,"player_choice":"Trade","damage_taken":0,"relics_obtained":["SsserpentHead"],"max_hp_gain":0,"max_hp_loss":0,"event_name":"FaceTrader","floor":3,"gold_loss":0}],"is_beta":false,"boss_relics":[],"items_purged_floors":[],"is_endless":false,"potions_floor_spawned":[1,7,8,11],"killed_by":"Gremlin Nob","ascension_level":20}