{"gold_per_floor":[363,72,88,100,100,131,131,131,131,181,181,193,207,237,237,237],"floor_reached":16,"playtime":568,"items_purged":["Strike_G"],"score":220,"play_id":"ceb501ae-dd7d-461a-8af9-b9bef0b5d64b","local_time":"20190506222742","is_ascension_mode":true,"campfire_choices":[{"floor":8.0,"key":"REST"},{"floor":11.0,"key":"REST"},{"data":"Blade Dance","floor":15.0,"key":"SMITH"}],"neow_cost":"PERCENT_DAMAGE","seed_source_timestamp":103240542353100,"circlet_count":0,"master_deck":["AscendersBane","Defend_G","Defend_G","Defend_G","Defend_G","Defend_G","Strike_G","Strike_G","Strike_G","Strike_G","Survivor","Neutralize+1","Heel Hook","Poisoned Stab","Poisoned Stab","Dagger Throw","Blade Dance+1","Heel Hook","Slice"],"special_seed":0,"relics":["Ring of the Snake","OrangePellets","Mango","Kunai","Potion Belt"],"potions_floor_usage":[],"damage_taken":[{"damage":11.0,"enemies":"Jaw Worm","floor":1.0,"turns":7.0},{"damage":0.0,"enemies":"Small Slimes","floor":3.0,"turns":4.0},{"damage":8.0,"enemies":"2 Louse","floor":4.0,"turns":3.0},{"damage":21.0,"enemies":"Lagavulin","floor":6.0,"turns":7.0},{"damage":1.0,"enemies":"Red Slaver","floor":12.0,"turns":4.0},{"damage":2.0,"enemies":"Exordium Wildlife","floor":13.0,"turns":4.0},{"damage":13.0,"enemies":"3 Sentries","floor":14.0,"turns":8.0},{"damage":61,"enemies":"Slime Boss","floor":16,"turns":6}],"seed_played":"-4023706348160619465","potions_obtained":[{"floor":1.0,"key":"Weak Potion"},{"floor":12.0,"key":"SkillPotion"}],"is_trial":false,"path_per_floor":["M","$","M","M","?","E","?","R","T","?","R","M","M","E","R","B"],"character_chosen":"THE_SILENT","items_purchased":["OrangePellets"],"campfire_rested":2,"item_purchase_floors":[2],"current_hp_per_floor":[33,33,33,25,25,18,18,42,42,42,66,65,63,50,50,0],"gold":237,"neow_bonus":"TWO_FIFTY_GOLD","is_prod":false,"is_daily":false,"chose_seed":false,"campfire_upgraded":1,"win_rate":0,"timestamp":1557178062,"path_taken":["M","$","M","M","?","E","?","R","T","?","R","M","M","E","R","BOSS"],"build_version":"2019-01-23","purchased_purges":1,"victory":false,"max_hp_per_floor":[66,66,66,66,66,80,80,80,80,80,80,80,80,80,80,80],"card_choices":[{"not_picked":["Accuracy","Catalyst"],"picked":"Heel Hook","floor":1.0},{"not_picked":["Slice","Cloak And Dagger"],"picked":"Poisoned Stab","floor":3.0},{"not_picked":["Masterful Stab","Prepared"],"picked":"Poisoned Stab","floor":4.0},{"not_picked":["Infinite Blades","Flying Knee"],"picked":"Dagger Throw","floor":6.0},{"not_picked":["Bane","PiercingWail"],"picked":"Blade Dance","floor":12.0},{"not_picked":["Reflex","Dagger Throw"],"picked":"Heel Hook","floor":13.0},{"not_picked":["Reflex","Eviscerate"],"picked":"Slice","floor":14.0}],"player_experience":1341494,"relics_obtained":[{"floor":6.0,"key":"Mango"},{"floor":9.0,"key":"Kunai"},{"floor":14.0,"key":"Potion Belt"}],"event_choices":[{"damage_healed":0.0,"max_hp_gain":0.0,"max_hp_loss":0.0,"gold_gain":0.0,"event_name":"Living Wall","player_choice":"Grow","floor":5.0,"gold_loss":0.0,"damage_taken":0.0,"cards_upgraded":["Neutralize"]},{"damage_healed":0.0,"max_hp_gain":0.0,"max_hp_loss":0.0,"gold_gain":0.0,"event_name":"Liars Game","player_choice":"Ignored","floor":7.0,"gold_loss":0.0,"damage_taken":0.0},{"damage_healed":0.0,"max_hp_gain":0.0,"max_hp_loss":0.0,"gold_gain":50.0,"event_name":"Golden Shrine","player_choice":"Pray","floor":10.0,"gold_loss":0.0,"damage_taken":0.0}],"is_beta":false,"boss_relics":[],"items_purged_floors":[2],"is_endless":false,"potions_floor_spawned":[1,12],"killed_by":"Slime Boss","ascension_level":20}