{"gold_per_floor":[115,130,55,55,66,66,66,101,124,124],"floor_reached":10,"playtime":335,"items_purged":["Clumsy"],"score":132,"play_id":"f2a93aed-e833-4c1e-a012-6d4d89e98bb0","local_time":"20190130234857","is_ascension_mode":true,"campfire_choices":[{"floor":6.0,"key":"REST"}],"neow_cost":"CURSE","seed_source_timestamp":130993136292674,"circlet_count":0,"master_deck":["AscendersBane","Defend_G+1","Defend_G+1","Defend_G","Defend_G","Defend_G","Strike_G","Strike_G","Strike_G","Strike_G","Strike_G","Survivor","Neutralize","Wraith Form v2+1","Backstab","Deflect","Poisoned Stab","Burst+1"],"special_seed":0,"relics":["Ring of the Snake","Snake Skull","Gremlin Horn","War Paint"],"potions_floor_usage":[8],"damage_taken":[{"damage":1.0,"enemies":"2 Louse","floor":1.0,"turns":5.0},{"damage":1.0,"enemies":"Jaw Worm","floor":2.0,"turns":4.0},{"damage":0.0,"enemies":"Small Slimes","floor":5.0,"turns":4.0},{"damage":44,"enemies":"Lagavulin","floor":8,"turns":9},{"damage":3,"enemies":"3 Sentries","floor":10,"turns":4}],"seed_played":"4563908267683919035","potions_obtained":[{"floor":2.0,"key":"Swift Potion"},{"floor":8,"key":"Energy Potion"}],"is_trial":false,"path_per_floor":["M","M","$","?","M","R","?","E","T","E"],"character_chosen":"THE_SILENT","items_purchased":[],"campfire_rested":1,"item_purchase_floors":[],"current_hp_per_floor":[58,57,57,37,37,56,51,7,7,4],"gold":124,"neow_bonus":"THREE_RARE_CARDS","is_prod":false,"is_daily":false,"chose_seed":false,"campfire_upgraded":0,"win_rate":0,"timestamp":1548892137,"path_taken":["M","M","$","?","M","R","?","E","T","E"],"build_version":"2019-01-23","purchased_purges":1,"victory":false,"max_hp_per_floor":[66,66,66,66,66,66,66,66,66,66],"card_choices":[{"not_picked":["Glass Knife","Phantasmal Killer"],"picked":"Wraith Form v2","floor":0.0},{"not_picked":["Outmaneuver","Deadly Poison"],"picked":"Backstab","floor":1.0},{"not_picked":["Outmaneuver","Caltrops"],"picked":"Deflect","floor":2.0},{"not_picked":["Dodge and Roll","Setup"],"picked":"Poisoned Stab","floor":5.0},{"not_picked":["Bane","Sucker Punch"],"picked":"Burst","floor":8}],"player_experience":1177481,"relics_obtained":[{"floor":8,"key":"Gremlin Horn"},{"floor":9,"key":"War Paint"}],"event_choices":[{"damage_healed":0.0,"max_hp_gain":0.0,"max_hp_loss":0.0,"gold_gain":0.0,"event_name":"Shining Light","player_choice":"Entered Light","floor":4.0,"gold_loss":0.0,"damage_taken":20.0,"cards_upgraded":["Wraith Form v2","Defend_G"]},{"damage_healed":0.0,"max_hp_gain":0.0,"max_hp_loss":0.0,"gold_gain":0.0,"event_name":"Scrap Ooze","player_choice":"Success","floor":7.0,"gold_loss":0.0,"damage_taken":5.0,"relics_obtained":["Snake Skull"]}],"is_beta":false,"boss_relics":[],"items_purged_floors":[3],"is_endless":false,"potions_floor_spawned":[2,8],"killed_by":"3 Sentries","ascension_level":20}