{"gold_per_floor":[113,188,85,98,98,123,123,141,141,170,170,170,183,201,201,299,299,317,37,217,234,246,246,273,283,329,341,372,407,166,200,200,300,300,310,324,10,26,26,56,68,80,173,202,214,261,288,310,322,334],"floor_reached":51,"playtime":5537,"items_purged":["Regret","Writhe","Injury"],"score":1121,"play_id":"73765904-ae4c-450b-8783-981d926b2beb","local_time":"20190504235129","is_ascension_mode":true,"campfire_choices":[{"data":"Zap","floor":7.0,"key":"SMITH"},{"data":"Cold Snap","floor":11.0,"key":"SMITH"},{"data":"Cold Snap","floor":15.0,"key":"SMITH"},{"data":"Biased Cognition","floor":23,"key":"SMITH"},{"data":"Glacier","floor":32,"key":"SMITH"},{"data":"Echo Form","floor":45,"key":"SMITH"},{"data":"Reboot","floor":49,"key":"SMITH"}],"neow_cost":"NONE","seed_source_timestamp":2164925866441615,"circlet_count":0,"master_deck":["Strike_B","Strike_B","Strike_B","Strike_B","Defend_B","Defend_B","Defend_B","Zap+1","Dualcast","Reboot+1","Glacier","Glacier+1","Cold Snap+1","Coolheaded+1","Double Energy+1","Chill+1","Cold Snap+1","Biased Cognition+1","Conserve Battery+1","Self Repair","Self Repair","Blizzard+1","Fission+1","Echo Form+1","Blizzard+1","Cold Snap+1","Violence+1","Chill+1","Capacitor+1"],"special_seed":0,"relics":["Cracked Core","FossilizedHelix","Toxic Egg 2","Vajra","Calling Bell","Regal Pillow","Molten Egg 2","Dead Branch","ClockworkSouvenir","Orichalcum","War Paint","Red Mask","Incense Burner","Bag of Preparation","Orrery","MawBank","Shuriken","StoneCalendar"],"potions_floor_usage":[22,24,24,24,29,31,46],"damage_taken":[{"damage":2.0,"enemies":"Jaw Worm","floor":1.0,"turns":4.0},{"damage":0.0,"enemies":"Cultist","floor":4.0,"turns":4.0},{"damage":22.0,"enemies":"Lagavulin","floor":6.0,"turns":11.0},{"damage":0.0,"enemies":"Small Slimes","floor":8.0,"turns":3.0},{"damage":0.0,"enemies":"3 Sentries","floor":10.0,"turns":12.0},{"damage":0.0,"enemies":"2 Fungi Beasts","floor":13.0,"turns":3.0},{"damage":0.0,"enemies":"Gremlin Gang","floor":14.0,"turns":5.0},{"damage":21.0,"enemies":"Hexaghost","floor":16.0,"turns":14.0},{"damage":0.0,"enemies":"Spheric Guardian","floor":18.0,"turns":4.0},{"damage":0,"enemies":"3 Byrds","floor":21,"turns":5},{"damage":6,"enemies":"Shelled Parasite and Fungi","floor":22,"turns":7},{"damage":0,"enemies":"Slavers","floor":24,"turns":8},{"damage":13,"enemies":"Cultist and Chosen","floor":25,"turns":10},{"damage":0,"enemies":"Snecko","floor":27,"turns":7},{"damage":0,"enemies":"Masked Bandits","floor":28,"turns":6},{"damage":11,"enemies":"Book of Stabbing","floor":29,"turns":7},{"damage":0,"enemies":"Gremlin Leader","floor":31,"turns":5},{"damage":1,"enemies":"Automaton","floor":33,"turns":15},{"damage":0,"enemies":"3 Shapes","floor":35,"turns":2},{"damage":0,"enemies":"3 Darklings","floor":36,"turns":3},{"damage":0,"enemies":"Maw","floor":38,"turns":8},{"damage":0,"enemies":"Giant Head","floor":40,"turns":11},{"damage":0,"enemies":"Spire Growth","floor":44,"turns":4},{"damage":10,"enemies":"Nemesis","floor":46,"turns":11},{"damage":0,"enemies":"4 Shapes","floor":47,"turns":4},{"damage":18,"enemies":"3 Darklings","floor":48,"turns":3},{"damage":0,"enemies":"Awakened One","floor":50,"turns":10}],"seed_played":"-4787372241244963197","potions_obtained":[{"floor":8.0,"key":"GamblersBrew"},{"floor":12.0,"key":"AttackPotion"},{"floor":12.0,"key":"AttackPotion"},{"floor":13.0,"key":"EntropicBrew"},{"floor":16.0,"key":"Weak Potion"},{"floor":24,"key":"Dexterity Potion"},{"floor":29,"key":"PowerPotion"},{"floor":33,"key":"Weak Potion"},{"floor":47,"key":"Weak Potion"}],"is_trial":false,"path_per_floor":["M","?","$","M","?","E","R","M","T","E","R","?","M","M","R","B",null,"M","$","?","M","M","R","E","M","T","M","?","E","$","E","R","B",null,"M","M","$","M","?","E","?","$","T","M","R","E","M","M","R","B",null],"character_chosen":"DEFECT","items_purchased":["Glacier","Cold Snap","ClockworkSouvenir","Fission+1","Violence+1"],"campfire_rested":0,"item_purchase_floors":[3,3,19,30,37],"current_hp_per_floor":[73,62,62,62,55,33,33,33,33,33,33,33,33,33,33,12,59,59,59,38,38,32,32,39,40,40,54,61,64,64,75,75,75,75,75,75,75,75,71,71,71,71,71,71,71,71,71,60,60,67],"gold":346,"neow_bonus":"ONE_RANDOM_RARE_CARD","is_prod":false,"is_daily":false,"chose_seed":false,"campfire_upgraded":7,"win_rate":0,"timestamp":1557039089,"path_taken":["M","?","$","M","?","E","R","?","T","E","R","?","?","M","R","BOSS","M","$","?","M","M","R","E","?","T","M","?","E","$","E","R","BOSS","M","M","$","M","?","E","?","$","T","?","R","E","M","M","R","BOSS"],"build_version":"2019-01-23","purchased_purges":3,"victory":true,"max_hp_per_floor":[75,75,75,75,75,75,75,75,75,75,75,75,75,75,75,75,75,75,75,75,75,75,75,75,75,75,75,75,75,75,75,75,75,75,75,75,75,75,71,71,71,71,71,71,71,71,71,71,71,71],"card_choices":[{"not_picked":["Rebound","Consume"],"picked":"Glacier","floor":1.0},{"not_picked":["Genetic Algorithm","Leap"],"picked":"Coolheaded","floor":4.0},{"not_picked":["Streamline","BootSequence","Beam Cell"],"picked":"SKIP","floor":6.0},{"not_picked":["Coolheaded","Steam Power"],"picked":"Double Energy","floor":8.0},{"not_picked":["Go for the Eyes","Stack+1","Coolheaded+1"],"picked":"SKIP","floor":10.0},{"not_picked":["Steam+1","Compile Driver"],"picked":"Chill+1","floor":13.0},{"not_picked":["Barrage","Fusion+1"],"picked":"Cold Snap","floor":14.0},{"not_picked":["Core Surge","Seek+1"],"picked":"Biased Cognition","floor":16.0},{"not_picked":["Compile Driver+1","Leap+1","Sweeping Beam+1"],"picked":"SKIP","floor":18.0},{"not_picked":["Hello World+1","Rebound+1"],"picked":"Conserve Battery+1","floor":21},{"not_picked":["Capacitor","Beam Cell+1"],"picked":"Self Repair","floor":22},{"not_picked":["Double Energy+1","Steam+1"],"picked":"Self Repair","floor":24},{"not_picked":["Beam Cell+1","Streamline+1"],"picked":"Blizzard+1","floor":25},{"not_picked":["Hello World","Heatsinks","Consume+1"],"picked":"SKIP","floor":27},{"not_picked":["BootSequence+1","Rebound+1","Streamline+1"],"picked":"SKIP","floor":29},{"not_picked":["Coolheaded+1","Beam Cell+1","Go for the Eyes+1"],"picked":"SKIP","floor":31},{"not_picked":["Biased Cognition","Machine Learning"],"picked":"Echo Form","floor":33},{"not_picked":["Force Field+1","Rebound+1"],"picked":"Blizzard+1","floor":34},{"not_picked":["Ball Lightning+1","Leap+1"],"picked":"Cold Snap+1","floor":34},{"not_picked":["Conserve Battery+1","Streamline+1","Chill+1"],"picked":"SKIP","floor":35},{"not_picked":["Chaos+1","Cold Snap+1","Barrage+1"],"picked":"SKIP","floor":36},{"not_picked":["Conserve Battery+1","Compile Driver+1","Turbo+1"],"picked":"SKIP","floor":38},{"not_picked":["White Noise+1","Turbo+1"],"picked":"Chill+1","floor":40},{"not_picked":["Ball Lightning+1","Hologram+1","Conserve Battery+1"],"picked":"SKIP","floor":44},{"not_picked":["Multi-Cast+1","Gash+1","Cold Snap+1"],"picked":"SKIP","floor":46},{"not_picked":["Auto Shields+1","Streamline+1","Lockon+1"],"picked":"SKIP","floor":47},{"not_picked":["Glacier+1","Hello World+1"],"picked":"Capacitor+1","floor":48}],"player_experience":472995,"relics_obtained":[{"floor":6.0,"key":"FossilizedHelix"},{"floor":9.0,"key":"Toxic Egg 2"},{"floor":10.0,"key":"Vajra"},{"floor":17.0,"key":"Regal Pillow"},{"floor":17.0,"key":"Molten Egg 2"},{"floor":17.0,"key":"Dead Branch"},{"floor":24,"key":"Orichalcum"},{"floor":26,"key":"War Paint"},{"floor":28,"key":"Red Mask"},{"floor":29,"key":"Incense Burner"},{"floor":31,"key":"Bag of Preparation"},{"floor":40,"key":"MawBank"},{"floor":43,"key":"Shuriken"},{"floor":46,"key":"StoneCalendar"}],"event_choices":[{"damage_healed":0.0,"max_hp_gain":0.0,"max_hp_loss":0.0,"gold_gain":75.0,"event_name":"World of Goop","player_choice":"Gather Gold","floor":2.0,"gold_loss":0.0,"damage_taken":11.0},{"damage_healed":0.0,"max_hp_gain":0.0,"max_hp_loss":0.0,"gold_gain":0.0,"event_name":"Wheel of Change","player_choice":"Damaged","floor":5.0,"gold_loss":0.0,"damage_taken":7.0},{"damage_healed":0.0,"max_hp_gain":0.0,"max_hp_loss":0.0,"gold_gain":0.0,"event_name":"Lab","player_choice":"Got Potions","floor":12.0,"gold_loss":0.0,"damage_taken":0.0},{"damage_healed":0.0,"max_hp_gain":0.0,"max_hp_loss":0.0,"gold_gain":180.0,"event_name":"Knowing Skull","player_choice":"GOLD GOLD ","floor":20.0,"potions_obtained":[],"gold_loss":0.0,"damage_taken":21.0,"cards_obtained":[]},{"damage_healed":0,"gold_gain":0,"player_choice":"Fought Bandits","damage_taken":0,"max_hp_gain":0,"max_hp_loss":0,"event_name":"Masked Bandits","floor":28,"gold_loss":0},{"damage_healed":0,"gold_gain":0,"player_choice":"Max HP","damage_taken":0,"max_hp_gain":0,"max_hp_loss":4,"event_name":"Winding Halls","floor":39,"gold_loss":0},{"cards_removed":["Defend_B"],"damage_healed":0,"gold_gain":0,"player_choice":"Offered Basic","damage_taken":0,"max_hp_gain":0,"max_hp_loss":0,"event_name":"Bonfire Elementals","floor":41,"gold_loss":0}],"is_beta":false,"boss_relics":[{"not_picked":["Busted Crown","Empty Cage"],"picked":"Calling Bell"},{"not_picked":["Runic Dome","Velvet Choker"],"picked":"Orrery"}],"items_purged_floors":[19,30,37],"is_endless":false,"potions_floor_spawned":[8,13,16,24,25,29,33,36,38,47,48],"ascension_level":5}