{"gold_per_floor":[112,112,128,128,140,140,168,180,180,180,180,355,355,118,118,213,213,225,55,55,55,72,72,83,113,163,163,174,40,40,40,40,40],"floor_reached":33,"playtime":1763,"items_purged":["Doubt","Decay"],"score":378,"play_id":"53b29a25-f25d-4919-af14-92d131297d11","local_time":"20190312105310","is_ascension_mode":true,"campfire_choices":[{"data":"Cloak And Dagger","floor":6,"key":"SMITH"},{"floor":11,"key":"REST"},{"floor":15,"key":"REST"},{"data":"Infinite Blades","floor":23,"key":"SMITH"},{"floor":27,"key":"REST"},{"data":"1","floor":32,"key":"LIFT"}],"neow_cost":"TEN_PERCENT_HP_LOSS","seed_source_timestamp":395845652059059,"circlet_count":0,"master_deck":["Defend_G+1","Defend_G+1","Defend_G+1","Defend_G+1","Defend_G+1","Strike_G+1","Strike_G+1","Strike_G+1","Strike_G+1","Survivor+1","Neutralize+1","Quick Slash","Flying Knee","Backstab","Cloak And Dagger+1","Cloak And Dagger","Infinite Blades+1","Good Instincts","Unload","Dagger Throw","Dagger Spray","Cloak And Dagger+1","Footwork+1"],"relics":["Ring of the Snake","Tough Bandages","CultistMask","WingedGreaves","Tingsha","Singing Bowl","Cursed Key","Juzu Bracelet","MutagenicStrength","Girya","Oddly Smooth Stone"],"potions_floor_usage":[16,33],"damage_taken":[{"damage":0,"enemies":"Jaw Worm","floor":1,"turns":5},{"damage":1,"enemies":"Cultist","floor":3,"turns":4},{"damage":0,"enemies":"2 Louse","floor":5,"turns":1},{"damage":29,"enemies":"Gremlin Nob","floor":7,"turns":4},{"damage":10,"enemies":"Gremlin Gang","floor":8,"turns":6},{"damage":37,"enemies":"Hexaghost","floor":16,"turns":15},{"damage":0,"enemies":"3 Byrds","floor":18,"turns":5},{"damage":0,"enemies":"Spheric Guardian","floor":22,"turns":2},{"damage":8,"enemies":"Centurion and Healer","floor":24,"turns":5},{"damage":38,"enemies":"Gremlin Leader","floor":25,"turns":7},{"damage":6,"enemies":"Shelled Parasite and Fungi","floor":28,"turns":4},{"damage":32,"enemies":"Champ","floor":33,"turns":11}],"seed_played":"-7942589410820850233","potions_obtained":[{"floor":1,"key":"Ancient Potion"},{"floor":8,"key":"GhostInAJar"},{"floor":22,"key":"Fire Potion"},{"floor":24,"key":"SpeedPotion"}],"is_trial":false,"path_per_floor":["M","?","M","?","M","R","E","M","T","?","R","?","T","$","R","B",null,"M","$","?","?","M","R","M","E","T","R","M","$","?","?","R","B"],"character_chosen":"THE_SILENT","items_purchased":["Infinite Blades","Good Instincts","Juzu Bracelet","Dagger Spray","Footwork"],"campfire_rested":3,"item_purchase_floors":[14,14,19,19,29],"current_hp_per_floor":[63,63,62,62,62,62,33,23,23,10,28,28,28,28,46,9,50,50,50,50,50,50,50,44,8,8,28,24,24,24,24,24,0],"gold":40,"neow_bonus":"ONE_RARE_RELIC","is_prod":false,"is_daily":false,"chose_seed":false,"campfire_upgraded":2,"win_rate":0,"timestamp":1552413190,"path_taken":["M","?","?","?","M","R","E","?","T","?","R","?","?","$","R","BOSS","M","$","?","?","M","R","M","E","T","R","M","$","?","?","R","BOSS"],"build_version":"2019-01-23","purchased_purges":2,"victory":false,"max_hp_per_floor":[63,63,63,63,63,63,63,63,63,63,63,63,63,63,63,63,63,63,63,63,63,63,63,65,67,67,67,69,69,69,69,69,69],"card_choices":[{"not_picked":["Accuracy","Outmaneuver"],"picked":"Quick Slash","floor":1},{"not_picked":["Dodge and Roll","Deadly Poison"],"picked":"Flying Knee","floor":3},{"not_picked":["Flying Knee","Blade Dance"],"picked":"Cloak And Dagger","floor":5},{"not_picked":["Concentrate","Deflect","Corpse Explosion"],"picked":"SKIP","floor":7},{"not_picked":["Blade Dance","PiercingWail"],"picked":"Cloak And Dagger","floor":8},{"not_picked":["Burst","Phantasmal Killer"],"picked":"Unload","floor":16},{"not_picked":["Eviscerate","Underhanded Strike"],"picked":"Dagger Throw","floor":18},{"not_picked":["Dodge and Roll","Bane"],"picked":"Cloak And Dagger+1","floor":22},{"not_picked":["Sucker Punch","Choke","Acrobatics"],"picked":"Singing Bowl","floor":24},{"not_picked":["Masterful Stab","Crippling Poison+1","Distraction"],"picked":"Singing Bowl","floor":25},{"not_picked":["All Out Attack","Venomology","Masterful Stab"],"picked":"Singing Bowl","floor":28}],"player_experience":426596,"relics_obtained":[{"floor":7,"key":"WingedGreaves"},{"floor":9,"key":"Tingsha"},{"floor":13,"key":"Singing Bowl"},{"floor":25,"key":"Girya"},{"floor":26,"key":"Oddly Smooth Stone"}],"event_choices":[{"damage_healed":0,"gold_gain":0,"player_choice":"Trade","damage_taken":0,"relics_obtained":["CultistMask"],"max_hp_gain":0,"max_hp_loss":0,"event_name":"FaceTrader","floor":2,"gold_loss":0},{"damage_healed":0,"gold_gain":0,"cards_transformed":["Strike_G"],"player_choice":"Transformed","damage_taken":0,"max_hp_gain":0,"max_hp_loss":0,"event_name":"Transmorgrifier","floor":4,"gold_loss":0,"cards_obtained":["Backstab"]},{"damage_healed":0,"gold_gain":0,"player_choice":"Entered Light","damage_taken":13,"max_hp_gain":0,"max_hp_loss":0,"event_name":"Shining Light","floor":10,"gold_loss":0,"cards_upgraded":["Strike_G","Survivor"]},{"damage_healed":0,"gold_gain":175,"player_choice":"AGREE","damage_taken":0,"max_hp_gain":0,"max_hp_loss":0,"event_name":"Liars Game","floor":12,"gold_loss":0,"cards_obtained":["Doubt"]},{"damage_healed":0,"gold_gain":0,"player_choice":"Inject Mutagens","damage_taken":0,"relics_obtained":["MutagenicStrength"],"max_hp_gain":0,"max_hp_loss":0,"event_name":"Drug Dealer","floor":20,"gold_loss":0},{"damage_healed":0,"gold_gain":0,"player_choice":"Forge","damage_taken":0,"max_hp_gain":0,"max_hp_loss":0,"event_name":"Accursed Blacksmith","floor":21,"gold_loss":0,"cards_upgraded":["Neutralize"]},{"damage_healed":0,"gold_gain":0,"player_choice":"Simplicity","damage_taken":0,"max_hp_gain":0,"max_hp_loss":0,"event_name":"Back to Basics","floor":30,"gold_loss":0,"cards_upgraded":["Defend_G","Defend_G","Defend_G","Defend_G","Defend_G","Strike_G","Strike_G","Strike_G"]},{"damage_healed":0,"gold_gain":0,"player_choice":"Upgraded","damage_taken":0,"max_hp_gain":0,"max_hp_loss":0,"event_name":"Upgrade Shrine","floor":31,"gold_loss":0,"cards_upgraded":["Footwork"]}],"is_beta":false,"boss_relics":[{"not_picked":["Sozu","Snecko Eye"],"picked":"Cursed Key"}],"items_purged_floors":[14,29],"is_endless":false,"potions_floor_spawned":[1,8,22,24],"killed_by":"Champ","ascension_level":9}