{"gold_per_floor":[109,124,139,139,151,151,151,151,151,151,161,191,202,222,222,301,301,317,153,153,153,166,200,200,200,200,227,227,61,61,93,93,93],"floor_reached":33,"playtime":1036,"items_purged":["Defend_G"],"score":631,"play_id":"c6864903-cf87-4736-ac94-694a2a790066","local_time":"20190421231119","is_ascension_mode":true,"campfire_choices":[{"data":"Predator","floor":6.0,"key":"SMITH"},{"data":"Neutralize","floor":10.0,"key":"SMITH"},{"floor":15.0,"key":"REST"},{"floor":24,"key":"REST"},{"floor":28,"key":"REST"},{"floor":30,"key":"REST"},{"floor":32,"key":"REST"}],"neow_cost":"NONE","seed_source_timestamp":989616965234000,"circlet_count":0,"master_deck":["AscendersBane","Defend_G","Defend_G","Defend_G","Defend_G","Survivor","Neutralize+1","Escape Plan","Slice","Predator+1","Deflect","Dagger Spray","Masterful Stab","Deadly Poison","Bullet Time","Adrenaline","Dash","Caltrops","Bouncing Flask","Dagger Throw+1","Backflip","Bite","Bite","Bite","Bite","Bite","Riddle With Holes+1","Dodge and Roll","Blade Dance","Dodge and Roll","Backflip"],"special_seed":0,"relics":["Ring of the Snake","Potion Belt","Ancient Tea Set","Dodecahedron","Sozu","Dream Catcher","Shuriken","Oddly Smooth Stone","Regal Pillow","Question Card"],"potions_floor_usage":[23,23],"damage_taken":[{"damage":7.0,"enemies":"Cultist","floor":1.0,"turns":6.0},{"damage":0.0,"enemies":"2 Louse","floor":2.0,"turns":5.0},{"damage":9.0,"enemies":"Jaw Worm","floor":3.0,"turns":4.0},{"damage":0.0,"enemies":"2 Fungi Beasts","floor":5.0,"turns":4.0},{"damage":1.0,"enemies":"3 Louse","floor":11.0,"turns":4.0},{"damage":36.0,"enemies":"Lagavulin","floor":12.0,"turns":7.0},{"damage":0.0,"enemies":"Large Slime","floor":13.0,"turns":4.0},{"damage":0.0,"enemies":"Blue Slaver","floor":14.0,"turns":3.0},{"damage":19.0,"enemies":"Hexaghost","floor":16.0,"turns":9.0},{"damage":15.0,"enemies":"Shell Parasite","floor":18.0,"turns":4.0},{"damage":23,"enemies":"2 Thieves","floor":22,"turns":5},{"damage":20,"enemies":"Book of Stabbing","floor":23,"turns":4},{"damage":47,"enemies":"Slavers","floor":27,"turns":6},{"damage":33,"enemies":"Book of Stabbing","floor":31,"turns":6},{"damage":55,"enemies":"Collector","floor":33,"turns":5}],"seed_played":"-246030738053180879","potions_obtained":[{"floor":1.0,"key":"EntropicBrew"},{"floor":3.0,"key":"Swift Potion"},{"floor":11.0,"key":"Swift Potion"},{"floor":14.0,"key":"SteroidPotion"}],"is_trial":false,"path_per_floor":["M","M","M","?","M","R","?","?","T","R","M","E","M","M","R","B",null,"M","$","?","?","M","E","R","?","T","E","R","$","R","E","R","B"],"character_chosen":"THE_SILENT","items_purchased":["Caltrops","Regal Pillow"],"campfire_rested":5,"item_purchase_floors":[19,29],"current_hp_per_floor":[52,52,43,43,43,43,43,43,43,43,42,6,6,6,25,6,51,36,36,36,49,26,18,37,37,37,4,17,17,45,15,43,0],"gold":93,"neow_bonus":"RANDOM_COMMON_RELIC","is_prod":false,"is_daily":false,"chose_seed":false,"campfire_upgraded":2,"win_rate":0,"timestamp":1555884679,"path_taken":["M","?","M","?","?","R","?","?","T","R","M","E","M","M","R","BOSS","M","$","?","?","M","E","R","?","T","E","R","?","R","E","R","BOSS"],"build_version":"2019-01-23","purchased_purges":1,"victory":false,"max_hp_per_floor":[66,66,66,66,66,66,66,66,66,66,66,66,66,66,66,66,66,66,66,66,66,66,66,66,46,46,46,46,46,46,46,46,46],"card_choices":[{"not_picked":["Terror","Bane"],"picked":"Escape Plan","floor":1.0},{"not_picked":["Accuracy","Underhanded Strike"],"picked":"Slice","floor":2.0},{"not_picked":["Finisher","Dodge and Roll"],"picked":"Predator","floor":3.0},{"not_picked":["Flechettes","Blur"],"picked":"Deflect","floor":5.0},{"not_picked":["Poisoned Stab","Underhanded Strike"],"picked":"Dagger Spray","floor":11.0},{"not_picked":["Escape Plan","Underhanded Strike"],"picked":"Masterful Stab","floor":12.0},{"not_picked":["Deflect","Slice"],"picked":"Deadly Poison","floor":13.0},{"not_picked":["Bane","Slice"],"picked":"Bullet Time","floor":14.0},{"not_picked":["Phantasmal Killer","Night Terror"],"picked":"Adrenaline","floor":16.0},{"not_picked":["Deadly Poison","Expertise"],"picked":"Dash","floor":18.0},{"not_picked":["Dodge and Roll","Well Laid Plans"],"picked":"Bouncing Flask","floor":22},{"not_picked":["Deadly Poison","Predator"],"picked":"Dagger Throw+1","floor":23},{"not_picked":["Blur","Heel Hook"],"picked":"Backflip","floor":24},{"not_picked":["Deflect","Poisoned Stab+1"],"picked":"Riddle With Holes+1","floor":27},{"not_picked":["Well Laid Plans","Eviscerate+1"],"picked":"Dodge and Roll","floor":28},{"not_picked":["Dodge and Roll","Underhanded Strike"],"picked":"Blade Dance","floor":30},{"not_picked":["Bane","Prepared"],"picked":"Dodge and Roll","floor":31},{"not_picked":["Prepared","PiercingWail","Flying Knee+1"],"picked":"Backflip","floor":32}],"player_experience":1309889,"relics_obtained":[{"floor":9.0,"key":"Ancient Tea Set"},{"floor":12.0,"key":"Dodecahedron"},{"floor":23,"key":"Dream Catcher"},{"floor":26,"key":"Shuriken"},{"floor":27,"key":"Oddly Smooth Stone"},{"floor":31,"key":"Question Card"}],"event_choices":[{"cards_removed":["Strike_G"],"damage_healed":0.0,"max_hp_gain":0.0,"max_hp_loss":0.0,"gold_gain":0.0,"event_name":"Bonfire Elementals","player_choice":"Offered Basic","floor":4.0,"gold_loss":0.0,"damage_taken":0.0},{"damage_healed":0.0,"max_hp_gain":0.0,"max_hp_loss":0.0,"gold_gain":0.0,"event_name":"Dead Adventurer","player_choice":"Searched \u00270\u0027 times","floor":7.0,"gold_loss":0.0,"damage_taken":0.0},{"damage_healed":0.0,"max_hp_gain":0.0,"max_hp_loss":0.0,"gold_gain":0.0,"event_name":"Liars Game","player_choice":"Ignored","floor":8.0,"gold_loss":0.0,"damage_taken":0.0},{"damage_healed":0,"gold_gain":0,"player_choice":"Ignored","damage_taken":0,"max_hp_gain":0,"max_hp_loss":0,"event_name":"The Mausoleum","floor":20,"gold_loss":0},{"damage_healed":13,"gold_gain":0,"player_choice":"Heal","damage_taken":0,"max_hp_gain":0,"max_hp_loss":0,"event_name":"The Library","floor":21,"gold_loss":0},{"damage_healed":0,"gold_gain":0,"player_choice":"Became a vampire","damage_taken":0,"max_hp_gain":0,"max_hp_loss":20,"event_name":"Vampires","floor":25,"gold_loss":0,"cards_obtained":["Bite","Bite","Bite","Bite","Bite"]}],"is_beta":false,"boss_relics":[{"not_picked":["Coffee Dripper","Black Star"],"picked":"Sozu"}],"items_purged_floors":[19],"is_endless":false,"potions_floor_spawned":[1,3,11,14,22,27,31],"killed_by":"Collector","ascension_level":20}