{"gold_per_floor":[12,12,33,58,133,133,133,133,160,175,175,219,219,240,240,334,334,358,358,378,92,92],"floor_reached":22,"playtime":707,"items_purged":["Strike_R"],"score":368,"play_id":"ddf8a5dc-ec02-4380-8d12-bac5d369fe72","local_time":"20190510230756","is_ascension_mode":true,"campfire_choices":[{"data":"Uppercut","floor":6,"key":"SMITH"},{"floor":8,"key":"REST"},{"data":"Offering","floor":11,"key":"SMITH"},{"floor":13,"key":"REST"},{"data":"Demon Form","floor":15,"key":"SMITH"}],"neow_cost":"NO_GOLD","seed_source_timestamp":97283354945800,"circlet_count":0,"master_deck":["AscendersBane","Strike_R","Strike_R","Defend_R","Defend_R+1","Defend_R","Defend_R","Bash","Uppercut+1","Flex","Iron Wave","Offering+1","Spot Weakness","Pommel Strike","Demon Form+1","Pummel","Reaper","Anger+1","Searing Blow+1","Bloodletting+1","Armaments+1","Armaments+1","Ghostly Armor"],"relics":["Burning Blood","Prayer Wheel","Golden Idol","WarpedTongs","Strawberry","Omamori","Astrolabe","War Paint","Bag of Preparation"],"potions_floor_usage":[10,22],"damage_taken":[{"damage":9,"enemies":"2 Louse","floor":1,"turns":4},{"damage":4,"enemies":"Small Slimes","floor":3,"turns":4},{"damage":6,"enemies":"Cultist","floor":4,"turns":3},{"damage":14,"enemies":"Lots of Slimes","floor":10,"turns":6},{"damage":26,"enemies":"Lagavulin","floor":12,"turns":6},{"damage":15,"enemies":"2 Fungi Beasts","floor":14,"turns":3},{"damage":36,"enemies":"Slime Boss","floor":16,"turns":4},{"damage":6,"enemies":"Chosen","floor":18,"turns":2},{"damage":37,"enemies":"Shell Parasite","floor":20,"turns":4},{"damage":35,"enemies":"Sentry and Sphere","floor":22,"turns":5}],"seed_played":"3783594475506801858","potions_obtained":[{"floor":3,"key":"Block Potion"},{"floor":4,"key":"Fire Potion"},{"floor":12,"key":"EntropicBrew"}],"is_trial":false,"path_per_floor":["M","?","M","M","?","R","?","R","T","M","R","E","R","M","R","B",null,"M","?","M","$","M"],"character_chosen":"IRONCLAD","items_purchased":["Bag of Preparation","Ghostly Armor"],"campfire_rested":2,"item_purchase_floors":[21,21],"current_hp_per_floor":[65,39,41,41,30,30,30,52,59,51,51,31,55,46,46,16,66,66,66,35,35,0],"gold":92,"neow_bonus":"ONE_RARE_RELIC","is_prod":false,"is_daily":false,"chose_seed":false,"campfire_upgraded":3,"win_rate":0,"timestamp":1557526076,"path_taken":["M","?","M","M","?","R","?","R","T","M","R","E","R","M","R","BOSS","M","?","M","$","M"],"build_version":"2019-01-23","purchased_purges":1,"victory":false,"max_hp_per_floor":[75,75,75,75,75,75,75,75,82,82,82,82,82,82,82,82,82,82,82,82,82,82],"card_choices":[{"not_picked":["Clash","Disarm"],"picked":"Uppercut","floor":1},{"not_picked":["Intimidate","Sword Boomerang"],"picked":"Flex","floor":1},{"not_picked":["Anger","Cleave"],"picked":"Iron Wave","floor":3},{"not_picked":["Headbutt","Wild Strike"],"picked":"Offering","floor":3},{"not_picked":["Ghostly Armor","Flex"],"picked":"Spot Weakness","floor":4},{"not_picked":["Headbutt","Flex","Perfected Strike"],"picked":"SKIP","floor":4},{"not_picked":["Headbutt","Twin Strike"],"picked":"Pommel Strike","floor":10},{"not_picked":["True Grit","Sword Boomerang","Blood for Blood"],"picked":"SKIP","floor":10},{"not_picked":["Searing Blow","Sword Boomerang"],"picked":"Demon Form","floor":12},{"not_picked":["Body Slam","Flex"],"picked":"Pummel","floor":14},{"not_picked":["Sword Boomerang","Headbutt","Reckless Charge"],"picked":"SKIP","floor":14},{"not_picked":["Dark Embrace","Fiend Fire"],"picked":"Reaper","floor":16},{"not_picked":["True Grit","Rampage+1"],"picked":"Bloodletting","floor":18},{"not_picked":["Second Wind","True Grit"],"picked":"Armaments+1","floor":18},{"not_picked":["Blood for Blood","Body Slam"],"picked":"Armaments+1","floor":20},{"not_picked":["Pommel Strike","Uppercut","Fire Breathing"],"picked":"SKIP","floor":20}],"player_experience":1350051,"relics_obtained":[{"floor":9,"key":"Strawberry"},{"floor":12,"key":"Omamori"}],"event_choices":[{"damage_healed":0,"gold_gain":0,"player_choice":"Take Damage","damage_taken":26,"relics_obtained":["Golden Idol"],"max_hp_gain":0,"max_hp_loss":0,"event_name":"Golden Idol","floor":2,"gold_loss":0},{"damage_healed":0,"gold_gain":75,"player_choice":"Gather Gold","damage_taken":11,"max_hp_gain":0,"max_hp_loss":0,"event_name":"World of Goop","floor":5,"gold_loss":0},{"damage_healed":0,"gold_gain":0,"player_choice":"Rummage","damage_taken":0,"relics_obtained":["WarpedTongs"],"max_hp_gain":0,"max_hp_loss":0,"event_name":"Accursed Blacksmith","floor":7,"gold_loss":0,"cards_obtained":["Pain"]},{"damage_healed":0,"gold_gain":0,"player_choice":"Gave Potion","damage_taken":0,"relics_obtained":["War Paint"],"max_hp_gain":0,"max_hp_loss":0,"event_name":"WeMeetAgain","floor":19,"gold_loss":0}],"is_beta":false,"boss_relics":[{"not_picked":["Coffee Dripper","Mark of Pain"],"picked":"Astrolabe"}],"items_purged_floors":[21],"is_endless":false,"potions_floor_spawned":[3,4,12],"killed_by":"Sentry and Sphere","ascension_level":20}