{"gold_per_floor":[113,38,55,55,5,5,34,34,34,59,121,159,190,127,139,226,238,265,288,327,351,363],"floor_reached":22,"playtime":679,"items_purged":["Strike_B"],"score":458,"play_id":"432e6834-3fb7-4686-94b2-157d070d86c1","local_time":"20190119160241","is_ascension_mode":true,"campfire_choices":[{"data":"Ball Lightning","floor":6.0,"key":"SMITH"},{"data":"Defragment","floor":8.0,"key":"SMITH"},{"floor":15.0,"key":"REST"}],"neow_cost":"NONE","seed_source_timestamp":15907464670326,"circlet_count":0,"master_deck":["AscendersBane","Strike_B","Strike_B","Defend_B","Defend_B","Defend_B","Defend_B","Zap","Dualcast","Ball Lightning","Gash","Ball Lightning+1","Defragment+1","Stack","Steam","Buffer","All For One","Go for the Eyes","Coolheaded","Steam+1","Ball Lightning"],"special_seed":0,"relics":["Cracked Core","NeowsBlessing","Juzu Bracelet","Potion Belt","Du-Vu Doll","MawBank","Bottled Tornado","Cursed Key"],"potions_floor_usage":[21,22],"damage_taken":[{"damage":0.0,"enemies":"Small Slimes","floor":1.0,"turns":1.0},{"damage":0.0,"enemies":"2 Louse","floor":3.0,"turns":1.0},{"damage":0.0,"enemies":"Gremlin Nob","floor":7.0,"turns":1.0},{"damage":20.0,"enemies":"Lagavulin","floor":10.0,"turns":6.0},{"damage":10.0,"enemies":"3 Sentries","floor":12.0,"turns":5.0},{"damage":0.0,"enemies":"Cultist","floor":13.0,"turns":3.0},{"damage":31.0,"enemies":"The Guardian","floor":16.0,"turns":10.0},{"damage":27.0,"enemies":"2 Thieves","floor":18.0,"turns":4.0},{"damage":2.0,"enemies":"Shell Parasite","floor":19.0,"turns":4.0},{"damage":12.0,"enemies":"Snake Plant","floor":20.0,"turns":3.0},{"damage":10,"enemies":"Centurion and Healer","floor":21,"turns":6},{"damage":5,"enemies":"Cultist and Chosen","floor":22,"turns":3}],"seed_played":"8460891434924784339","potions_obtained":[{"floor":1.0,"key":"Poison Potion"},{"floor":3.0,"key":"EssenceOfSteel"},{"floor":10.0,"key":"Block Potion"},{"floor":12.0,"key":"LiquidBronze"},{"floor":19.0,"key":"LiquidBronze"},{"floor":20.0,"key":"PowerPotion"}],"is_trial":false,"path_per_floor":["M","$","M","?","$","R","E","R","T","E","?","E","M","?","R","B",null,"M","M","M","M","M"],"character_chosen":"DEFECT","items_purchased":["Ball Lightning"],"campfire_rested":1,"item_purchase_floors":[5],"current_hp_per_floor":[64,64,64,46,46,46,46,46,46,26,26,16,16,16,37,6,55,28,26,14,4,0],"gold":363,"neow_bonus":"THREE_ENEMY_KILL","is_prod":false,"is_daily":false,"chose_seed":false,"campfire_upgraded":2,"win_rate":0,"timestamp":1547913761,"path_taken":["M","$","M","?","$","R","E","R","T","E","?","E","M","?","R","BOSS","M","M","M","M","M"],"build_version":"2019-01-17v2","purchased_purges":1,"victory":false,"max_hp_per_floor":[71,71,71,71,71,71,71,71,71,71,71,71,71,71,71,71,71,71,71,71,71,71],"card_choices":[{"not_picked":["Go for the Eyes","Stack"],"picked":"Ball Lightning","floor":1.0},{"not_picked":["Redo","Rebound"],"picked":"Gash","floor":3.0},{"not_picked":["Go for the Eyes","Tempest"],"picked":"Defragment","floor":7.0},{"not_picked":["Barrage","Steam"],"picked":"Stack","floor":10.0},{"not_picked":["Consume","Lockon"],"picked":"Steam","floor":12.0},{"not_picked":["Storm","Ball Lightning"],"picked":"Buffer","floor":13.0},{"not_picked":["Thunder Strike","Hyperbeam"],"picked":"All For One","floor":16.0},{"not_picked":["Hello World","Genetic Algorithm"],"picked":"Go for the Eyes","floor":18.0},{"not_picked":["Conserve Battery","Doom and Gloom"],"picked":"Coolheaded","floor":19.0},{"not_picked":["Reprogram","Leap"],"picked":"Steam+1","floor":20.0},{"not_picked":["Leap","Beam Cell"],"picked":"Ball Lightning","floor":21}],"player_experience":1155430,"relics_obtained":[{"floor":7.0,"key":"Potion Belt"},{"floor":9.0,"key":"Du-Vu Doll"},{"floor":10.0,"key":"MawBank"},{"floor":12.0,"key":"Bottled Tornado"}],"event_choices":[{"damage_healed":0.0,"max_hp_gain":0.0,"max_hp_loss":0.0,"gold_gain":0.0,"event_name":"Scrap Ooze","player_choice":"Success","floor":4.0,"gold_loss":0.0,"damage_taken":18.0,"relics_obtained":["Juzu Bracelet"]},{"damage_healed":0.0,"max_hp_gain":0.0,"max_hp_loss":0.0,"gold_gain":50.0,"event_name":"Golden Shrine","player_choice":"Pray","floor":11.0,"gold_loss":0.0,"damage_taken":0.0},{"cards_removed":["Strike_B"],"damage_healed":0.0,"max_hp_gain":0.0,"max_hp_loss":0.0,"gold_gain":0.0,"event_name":"The Cleric","player_choice":"Card Removal","floor":14.0,"gold_loss":75.0,"damage_taken":0.0}],"is_beta":false,"boss_relics":[{"not_picked":["Sozu","Runic Pyramid"],"picked":"Cursed Key"}],"items_purged_floors":[2],"is_endless":false,"potions_floor_spawned":[1,3,10,12,19,20],"killed_by":"Cultist and Chosen","ascension_level":20}