{"gold_per_floor":[110,128,30,80,91,91,107,107,107,135,149,160,180,191,191,191],"floor_reached":16,"playtime":582,"items_purged":[],"score":212,"play_id":"cc95c591-5a4a-421b-a79b-84434bdc03cf","local_time":"20190504180525","is_ascension_mode":true,"campfire_choices":[{"data":"Neutralize","floor":6.0,"key":"SMITH"},{"data":"Skewer","floor":8.0,"key":"SMITH"},{"floor":15,"key":"REST"}],"neow_cost":"NONE","seed_source_timestamp":1214733217800,"circlet_count":0,"master_deck":["AscendersBane","Defend_G","Defend_G","Defend_G","Defend_G","Defend_G","Strike_G","Strike_G","Strike_G","Strike_G","Strike_G","Survivor","Neutralize+1","Blade Dance","Backstab","Infinite Blades","Flying Knee","Quick Slash","Skewer+1","Deflect","Sucker Punch","Storm of Steel","Slice","Accuracy"],"special_seed":0,"relics":["Black Star","Unceasing Top","Turnip","Regal Pillow"],"potions_floor_usage":[14],"damage_taken":[{"damage":1.0,"enemies":"2 Louse","floor":1.0,"turns":3.0},{"damage":2.0,"enemies":"Cultist","floor":2.0,"turns":4.0},{"damage":4.0,"enemies":"Jaw Worm","floor":5.0,"turns":3.0},{"damage":2.0,"enemies":"Exordium Wildlife","floor":7.0,"turns":3.0},{"damage":30.0,"enemies":"3 Sentries","floor":10.0,"turns":11.0},{"damage":11,"enemies":"3 Louse","floor":11,"turns":2},{"damage":5,"enemies":"Lots of Slimes","floor":12,"turns":5},{"damage":2,"enemies":"Blue Slaver","floor":13,"turns":2},{"damage":1,"enemies":"Exordium Wildlife","floor":14,"turns":4},{"damage":36,"enemies":"The Guardian","floor":16,"turns":10}],"seed_played":"-6032993867859997013","potions_obtained":[{"floor":1.0,"key":"SpeedPotion"},{"floor":5.0,"key":"GhostInAJar"},{"floor":7.0,"key":"FearPotion"}],"is_trial":false,"path_per_floor":["M","M","$","?","M","R","M","R","T","E","M","M","M","M","R","B"],"character_chosen":"THE_SILENT","items_purchased":["Infinite Blades","Flying Knee"],"campfire_rested":1,"item_purchase_floors":[3,3],"current_hp_per_floor":[58,56,56,56,52,52,50,50,50,20,9,4,2,1,35,0],"gold":191,"neow_bonus":"BOSS_RELIC","is_prod":false,"is_daily":false,"chose_seed":false,"campfire_upgraded":2,"win_rate":0,"timestamp":1556989525,"path_taken":["M","M","$","?","M","R","M","R","T","E","M","M","?","M","R","BOSS"],"build_version":"2019-01-23","purchased_purges":0,"victory":false,"max_hp_per_floor":[66,66,66,66,66,66,66,66,66,66,66,66,66,66,66,66],"card_choices":[{"not_picked":["Setup","Bane"],"picked":"Blade Dance","floor":1.0},{"not_picked":["Expertise","Well Laid Plans"],"picked":"Backstab","floor":2.0},{"not_picked":["Acrobatics","Flying Knee"],"picked":"Quick Slash","floor":5.0},{"not_picked":["Blade Dance","Cloak And Dagger"],"picked":"Skewer","floor":7.0},{"not_picked":["Masterful Stab","Acrobatics"],"picked":"Deflect","floor":10.0},{"not_picked":["Reflex","Flying Knee"],"picked":"Sucker Punch","floor":11},{"not_picked":["Dagger Spray","Backflip"],"picked":"Storm of Steel","floor":12},{"not_picked":["Poisoned Stab","Blade Dance"],"picked":"Slice","floor":13},{"not_picked":["PiercingWail","Backflip"],"picked":"Accuracy","floor":14}],"player_experience":1332499,"relics_obtained":[{"floor":9.0,"key":"Unceasing Top"},{"floor":10.0,"key":"Turnip"},{"floor":10.0,"key":"Regal Pillow"}],"event_choices":[{"damage_healed":0.0,"max_hp_gain":0.0,"max_hp_loss":0.0,"gold_gain":50.0,"event_name":"Golden Shrine","player_choice":"Pray","floor":4.0,"gold_loss":0.0,"damage_taken":0.0}],"is_beta":false,"boss_relics":[],"items_purged_floors":[],"is_endless":false,"potions_floor_spawned":[1,5,7],"killed_by":"The Guardian","ascension_level":20}