{"gold_per_floor":[118,118,118,133,147,147,180,180,180,180,180,211,211,247,247,336,336,356,306,321,89,109,109,109,122,122,122,47,66,66,104,104,104],"floor_reached":33,"playtime":1346,"items_purged":["Strike_G","Strike_G"],"score":522,"play_id":"dc791d5f-7aae-424f-bdfe-9b08c12171a2","local_time":"20190210175009","is_ascension_mode":true,"campfire_choices":[{"data":"Skewer","floor":6.0,"key":"SMITH"},{"data":"Flying Knee","floor":8.0,"key":"SMITH"},{"data":"Dagger Throw","floor":11.0,"key":"SMITH"},{"floor":15.0,"key":"REST"},{"floor":23.0,"key":"REST"},{"floor":27.0,"key":"REST"},{"floor":30,"key":"RECALL"},{"data":"Survivor","floor":32,"key":"SMITH"}],"neow_cost":"NONE","seed_source_timestamp":1466396768716,"circlet_count":0,"master_deck":["AscendersBane","Defend_G+1","Defend_G+1","Defend_G+1","Defend_G+1","Defend_G+1","Strike_G+1","Strike_G+1","Survivor+1","Neutralize+1","Flying Knee+1","Skewer+1","Dagger Throw","Dagger Throw+1","Bullet Time","Predator+1","Burst","Quick Slash+1","Flying Knee+1","Predator+1"],"special_seed":0,"relics":["Eternal Feather","Pocketwatch","Matryoshka","Molten Egg 2","The Courier","Darkstone Periapt","Golden Idol","Smiling Mask","Sozu","ClockworkSouvenir","PreservedInsect","Incense Burner","Red Mask"],"potions_floor_usage":[33],"damage_taken":[{"damage":2.0,"enemies":"Small Slimes","floor":1.0,"turns":4.0},{"damage":0.0,"enemies":"2 Louse","floor":4.0,"turns":3.0},{"damage":4.0,"enemies":"Jaw Worm","floor":5.0,"turns":4.0},{"damage":29.0,"enemies":"3 Sentries","floor":7.0,"turns":9.0},{"damage":17.0,"enemies":"Lagavulin","floor":12.0,"turns":6.0},{"damage":6.0,"enemies":"Gremlin Nob","floor":14.0,"turns":3.0},{"damage":8.0,"enemies":"Slime Boss","floor":16.0,"turns":8.0},{"damage":14.0,"enemies":"3 Byrds","floor":18.0,"turns":5.0},{"damage":20.0,"enemies":"Shell Parasite","floor":20.0,"turns":4.0},{"damage":6.0,"enemies":"Centurion and Healer","floor":22.0,"turns":5.0},{"damage":13.0,"enemies":"Snecko","floor":25.0,"turns":4.0},{"damage":0,"enemies":"3 Cultists","floor":29,"turns":4},{"damage":0,"enemies":"Masked Bandits","floor":31,"turns":3},{"damage":74,"enemies":"Collector","floor":33,"turns":10}],"seed_played":"-6630075820608061110","potions_obtained":[{"floor":12.0,"key":"Fruit Juice"},{"floor":16.0,"key":"AttackPotion"}],"is_trial":false,"path_per_floor":["M","?","?","M","M","R","E","R","T","T","R","E","?","E","R","B",null,"M","$","M","$","M","R","?","M","T","R","?","M","R","?","R","B"],"character_chosen":"THE_SILENT","items_purchased":["ClockworkSouvenir"],"campfire_rested":3,"item_purchase_floors":[21],"current_hp_per_floor":[57,57,57,57,53,62,33,42,42,42,51,34,16,10,40,32,61,47,47,27,27,21,54,54,41,41,71,71,71,71,71,71,0],"gold":104,"neow_bonus":"BOSS_RELIC","is_prod":false,"is_daily":false,"chose_seed":false,"campfire_upgraded":4,"win_rate":0,"timestamp":1549821009,"path_taken":["M","?","?","M","M","R","E","R","T","?","R","E","?","E","R","BOSS","M","$","M","$","M","R","?","M","T","R","?","M","R","?","R","BOSS"],"build_version":"2019-01-23","purchased_purges":2,"victory":false,"max_hp_per_floor":[66,66,66,66,66,66,66,66,66,66,66,66,71,71,71,71,71,71,71,71,71,71,71,71,71,71,71,71,71,71,71,71,71],"card_choices":[{"not_picked":["Blade Dance","Noxious Fumes"],"picked":"Flying Knee","floor":1.0},{"not_picked":["Caltrops","Poisoned Stab"],"picked":"Skewer","floor":4.0},{"not_picked":["Outmaneuver","Calculated Gamble"],"picked":"Dagger Throw","floor":5.0},{"not_picked":["Flechettes","Poisoned Stab"],"picked":"Dagger Throw","floor":7.0},{"not_picked":["Flying Knee+1","Envenom"],"picked":"Bullet Time","floor":12.0},{"not_picked":["Dodge and Roll","Masterful Stab+1"],"picked":"Predator+1","floor":14.0},{"not_picked":["Venomology","A Thousand Cuts"],"picked":"Burst","floor":16.0},{"not_picked":["Slice+1","PiercingWail"],"picked":"Quick Slash+1","floor":18.0},{"not_picked":["Tactician","Blur","Phantasmal Killer"],"picked":"SKIP","floor":20.0},{"not_picked":["Quick Slash+1","Calculated Gamble"],"picked":"Flying Knee+1","floor":22.0},{"not_picked":["Prepared","Envenom"],"picked":"Predator+1","floor":25.0},{"not_picked":["Cloak And Dagger","Distraction","Tactician"],"picked":"SKIP","floor":29}],"player_experience":1199292,"relics_obtained":[{"floor":7.0,"key":"Pocketwatch"},{"floor":9.0,"key":"Matryoshka"},{"floor":10.0,"key":"Molten Egg 2"},{"floor":10.0,"key":"The Courier"},{"floor":12.0,"key":"Darkstone Periapt"},{"floor":14.0,"key":"Smiling Mask"},{"floor":26.0,"key":"PreservedInsect"},{"floor":26.0,"key":"Incense Burner"},{"floor":31,"key":"Red Mask"}],"event_choices":[{"damage_healed":0.0,"max_hp_gain":0.0,"max_hp_loss":0.0,"gold_gain":0.0,"event_name":"Living Wall","player_choice":"Grow","floor":2.0,"gold_loss":0.0,"damage_taken":0.0,"cards_upgraded":["Neutralize"]},{"damage_healed":0.0,"max_hp_gain":0.0,"max_hp_loss":0.0,"gold_gain":0.0,"event_name":"Liars Game","player_choice":"Ignored","floor":3.0,"gold_loss":0.0,"damage_taken":0.0},{"damage_healed":0.0,"max_hp_gain":0.0,"max_hp_loss":0.0,"gold_gain":0.0,"event_name":"Golden Idol","player_choice":"Take Damage","floor":13.0,"gold_loss":0.0,"damage_taken":23.0,"relics_obtained":["Golden Idol"]},{"damage_healed":0.0,"max_hp_gain":0.0,"max_hp_loss":0.0,"gold_gain":0.0,"event_name":"Back to Basics","player_choice":"Simplicity","floor":24.0,"gold_loss":0.0,"damage_taken":0.0,"cards_upgraded":["Defend_G","Defend_G","Defend_G","Defend_G","Defend_G","Strike_G","Strike_G","Strike_G"]},{"cards_removed":["Strike_G"],"damage_healed":0.0,"max_hp_gain":0.0,"max_hp_loss":0.0,"gold_gain":0.0,"event_name":"Beggar","player_choice":"Gave Gold","floor":28.0,"gold_loss":75.0,"damage_taken":0.0},{"damage_healed":0,"gold_gain":0,"player_choice":"Fought Bandits","damage_taken":0,"max_hp_gain":0,"max_hp_loss":0,"event_name":"Masked Bandits","floor":31,"gold_loss":0}],"is_beta":false,"boss_relics":[{"not_picked":["Philosopher\u0027s Stone","Fusion Hammer"],"picked":"Sozu"}],"items_purged_floors":[19,21],"is_endless":false,"potions_floor_spawned":[12,16,20,25,31],"killed_by":"Collector","ascension_level":20}