{"gold_per_floor":[116,132,57,20,31,31,63,76,76,404,418,418,446,446,446,446],"floor_reached":16,"playtime":501,"items_purged":[],"score":240,"play_id":"7d69958b-9f79-422f-bd66-bac201e17700","local_time":"20190308224200","is_ascension_mode":true,"campfire_choices":[{"data":"Rupture","floor":6.0,"key":"SMITH"},{"floor":12.0,"key":"REST"},{"floor":15.0,"key":"REST"}],"neow_cost":"NONE","seed_source_timestamp":648330594407900,"circlet_count":0,"master_deck":["AscendersBane","Strike_R","Strike_R","Strike_R","Strike_R","Defend_R","Defend_R","Defend_R","Defend_R","Bash","Flex","Twin Strike","Hemokinesis","Rupture+1","True Grit","Bloodletting","Carnage","Pommel Strike","Burning Pact","Reaper"],"special_seed":0,"relics":["Burning Blood","Bag of Marbles","Strawberry","The Courier","Old Coin","Centennial Puzzle"],"potions_floor_usage":[16],"damage_taken":[{"damage":7.0,"enemies":"Cultist","floor":1.0,"turns":5.0},{"damage":4.0,"enemies":"Jaw Worm","floor":2.0,"turns":4.0},{"damage":1.0,"enemies":"2 Louse","floor":5.0,"turns":2.0},{"damage":41.0,"enemies":"Lagavulin","floor":7.0,"turns":5.0},{"damage":11.0,"enemies":"Red Slaver","floor":8.0,"turns":3.0},{"damage":21.0,"enemies":"3 Sentries","floor":10.0,"turns":8.0},{"damage":4.0,"enemies":"3 Louse","floor":11.0,"turns":2.0},{"damage":38.0,"enemies":"Lagavulin","floor":13.0,"turns":6.0},{"damage":56,"enemies":"The Guardian","floor":16,"turns":5}],"seed_played":"-7072803097254921104","potions_obtained":[{"floor":1.0,"key":"Poison Potion"},{"floor":7.0,"key":"Fire Potion"},{"floor":10.0,"key":"PowerPotion"}],"is_trial":false,"path_per_floor":["M","M","?","$","M","R","E","M","T","E","M","R","E","?","R","B"],"character_chosen":"IRONCLAD","items_purchased":["Hemokinesis"],"campfire_rested":2,"item_purchase_floors":[4],"current_hp_per_floor":[67,69,69,69,74,74,46,41,41,26,28,52,20,20,44,0],"gold":446,"neow_bonus":"RANDOM_COMMON_RELIC","is_prod":false,"is_daily":false,"chose_seed":false,"campfire_upgraded":1,"win_rate":0,"timestamp":1552084920,"path_taken":["M","?","?","$","M","R","E","M","T","E","M","R","E","?","R","BOSS"],"build_version":"2019-01-23","purchased_purges":0,"victory":false,"max_hp_per_floor":[75,75,75,75,75,75,82,82,82,82,82,82,82,82,82,82],"card_choices":[{"not_picked":["Reckless Charge","Warcry"],"picked":"Flex","floor":1.0},{"not_picked":["Evolve","Havoc"],"picked":"Twin Strike","floor":2.0},{"not_picked":["Perfected Strike","Corruption"],"picked":"Rupture","floor":5.0},{"not_picked":["Heavy Blade","Corruption","Entrench"],"picked":"SKIP","floor":7.0},{"not_picked":["Thunderclap","Perfected Strike"],"picked":"True Grit","floor":8.0},{"not_picked":["Armaments","Flex"],"picked":"Bloodletting","floor":10.0},{"not_picked":["Corruption","Fire Breathing"],"picked":"Carnage","floor":11.0},{"not_picked":["Flex","Juggernaut"],"picked":"Pommel Strike","floor":13.0}],"player_experience":1255070,"relics_obtained":[{"floor":7.0,"key":"Strawberry"},{"floor":9.0,"key":"The Courier"},{"floor":10.0,"key":"Old Coin"},{"floor":13.0,"key":"Centennial Puzzle"}],"event_choices":[{"cards_removed":["Strike_R"],"damage_healed":0.0,"max_hp_gain":0.0,"max_hp_loss":0.0,"gold_gain":0.0,"event_name":"The Cleric","player_choice":"Card Removal","floor":3.0,"gold_loss":75.0,"damage_taken":0.0},{"damage_healed":0.0,"max_hp_gain":0.0,"max_hp_loss":0.0,"gold_gain":0.0,"event_name":"Match and Keep!","player_choice":"2 cards matched","floor":14.0,"gold_loss":0.0,"damage_taken":0.0,"cards_obtained":["Burning Pact","Reaper"]}],"is_beta":false,"boss_relics":[],"items_purged_floors":[],"is_endless":false,"potions_floor_spawned":[1,7,10],"killed_by":"The Guardian","ascension_level":20}