{"gold_per_floor":[118,43,60,75,87,118,193,210,236,236,236,266,266,11,11,112,112,132,132,147,158,174,174,203,203,203,229,229,258,4,0,0,96,96,108,119,119,1118,1128,1162,1162,1162,1216,1216,1230,2,37,54,54,54],"floor_reached":51,"playtime":6557,"items_purged":["Pain","Parasite","Normality"],"score":989,"play_id":"3f656cdb-9b03-4bc6-acb8-6e3bdf8f6c25","local_time":"20181213162621","is_ascension_mode":true,"campfire_choices":[{"data":"Zap","floor":11,"key":"SMITH"},{"data":"Genetic Algorithm","floor":13,"key":"SMITH"},{"floor":15,"key":"REST"},{"data":"Consume","floor":23,"key":"SMITH"},{"data":"Dualcast","floor":25,"key":"SMITH"},{"floor":28,"key":"REST"},{"floor":32,"key":"REST"},{"floor":41,"key":"REST"},{"floor":44,"key":"REST"},{"data":"Apotheosis","floor":49,"key":"SMITH"}],"neow_cost":"CURSE","seed_source_timestamp":912549943629,"circlet_count":0,"master_deck":["Strike_B","Strike_B","Strike_B","Strike_B+1","Defend_B","Defend_B","Defend_B","Defend_B+1","Zap+1","Dualcast+1","Capacitor","Glacier","Ball Lightning","Sunder","Conserve Battery","Consume+1","Genetic Algorithm+1","Defragment","Reinforced Body","Streamline+1","Seek","Self Repair","Cold Snap","Self Repair","Redo","Steam","Electrodynamics","Conserve Battery","Ball Lightning","Defragment+1","Hologram","Buffer","FTL","BootSequence","Thunder Strike","Aggregate+1","Defragment","Madness","Apotheosis+1","Finesse+1","Normality","Cold Snap+1","Stack+1","Self Repair","All For One","Creative AI","Chill+1"],"relics":["Cracked Core","Boot","Blood Vial","Smiling Mask","Orrery","Potion Belt","Juzu Bracelet","Shuriken","Whetstone","The Courier","Chemical X","Philosopher\u0027s Stone","Ornamental Fan","Toxic Egg 2","Ancient Tea Set","Membership Card","War Paint","Regal Pillow","Bronze Scales","Letter Opener","Mummified Hand","Bird Faced Urn","Bag of Marbles","Gremlin Horn","Orichalcum","Dead Branch","Ginger","Darkstone Periapt"],"potions_floor_usage":[12,16,22,24,33,40,45,47,50,50,50,50,50,50,50,50,50,50],"damage_taken":[{"damage":14,"enemies":"Jaw Worm","floor":1,"turns":3},{"damage":2,"enemies":"2 Louse","floor":3,"turns":3},{"damage":4,"enemies":"Small Slimes","floor":4,"turns":3},{"damage":1,"enemies":"2 Fungi Beasts","floor":5,"turns":4},{"damage":22,"enemies":"3 Sentries","floor":6,"turns":6},{"damage":5,"enemies":"Looter","floor":8,"turns":3},{"damage":11,"enemies":"Gremlin Nob","floor":12,"turns":3},{"damage":5,"enemies":"The Guardian","floor":16,"turns":11},{"damage":32,"enemies":"3 Byrds","floor":18,"turns":6},{"damage":19,"enemies":"Chosen","floor":20,"turns":5},{"damage":6,"enemies":"3 Cultists","floor":21,"turns":4},{"damage":8,"enemies":"Snecko","floor":22,"turns":5},{"damage":18,"enemies":"Gremlin Leader","floor":24,"turns":5},{"damage":55,"enemies":"Slavers","floor":27,"turns":8},{"damage":25,"enemies":"Book of Stabbing","floor":29,"turns":10},{"damage":18,"enemies":"Champ","floor":33,"turns":12},{"damage":27,"enemies":"3 Darklings","floor":35,"turns":7},{"damage":0,"enemies":"3 Shapes","floor":36,"turns":5},{"damage":0,"enemies":"Maw","floor":39,"turns":10},{"damage":54,"enemies":"Reptomancer","floor":40,"turns":6},{"damage":46,"enemies":"Spire Growth","floor":45,"turns":7},{"damage":9,"enemies":"Giant Head","floor":47,"turns":7},{"damage":44,"enemies":"Writhing Mass","floor":48,"turns":5},{"damage":0,"enemies":"Time Eater","floor":50,"turns":9}],"seed_played":"5364220608381041050","potions_obtained":[{"floor":5,"key":"Poison Potion"},{"floor":6,"key":"Block Potion"},{"floor":18,"key":"FocusPotion"},{"floor":20,"key":"FocusPotion"},{"floor":29,"key":"AttackPotion"},{"floor":33,"key":"Swift Potion"},{"floor":36,"key":"AttackPotion"},{"floor":45,"key":"GamblersBrew"},{"floor":48,"key":"EntropicBrew"}],"is_trial":false,"path_per_floor":["M","$","M","M","M","E","?","M","T","?","R","E","R","$","R","B",null,"M","?","M","M","M","R","E","R","T","E","R","E","$","?","R","B",null,"M","M","?","?","M","E","R","T","T","R","M","$","E","M","R","B",null],"character_chosen":"DEFECT","items_purchased":["Defragment","Reinforced Body","Streamline","Chemical X","FTL","BootSequence","Membership Card","War Paint","Self Repair","Regal Pillow","Bronze Scales","Letter Opener","Mummified Hand","Bird Faced Urn","Bag of Marbles","Gremlin Horn","All For One","Orichalcum","Dead Branch","Ginger"],"campfire_rested":5,"item_purchase_floors":[14,14,14,30,30,30,46,46,46,46,46,46,46,46,46,46,46,46,46,46],"current_hp_per_floor":[75,75,73,69,68,46,35,30,30,52,52,43,43,43,68,65,86,68,68,65,68,69,69,67,67,67,21,46,37,37,37,62,60,86,73,86,76,76,86,32,57,57,57,82,52,52,86,57,57,86],"gold":54,"neow_bonus":"TWENTY_PERCENT_HP_BONUS","is_prod":false,"is_daily":false,"chose_seed":false,"campfire_upgraded":5,"win_rate":0,"timestamp":1544747181,"path_taken":["M","$","M","M","M","E","?","M","T","?","R","E","R","$","R","BOSS","M","?","M","M","M","R","E","R","T","E","R","E","$","?","R","BOSS","M","M","?","?","M","E","R","?","T","R","M","$","E","M","R","BOSS"],"build_version":"2018-12-12","purchased_purges":3,"victory":true,"max_hp_per_floor":[89,89,89,89,89,89,89,89,89,89,89,89,89,86,86,86,86,86,86,86,86,86,86,86,86,86,86,86,86,86,86,86,86,86,86,86,86,86,86,86,86,86,86,86,86,86,86,86,86,86],"card_choices":[{"not_picked":["Conserve Battery","Compile Driver"],"picked":"Capacitor","floor":1},{"not_picked":["Cold Snap","Self Repair"],"picked":"Glacier","floor":3},{"not_picked":["Rebound","Static Discharge"],"picked":"Ball Lightning","floor":4},{"not_picked":["Gash","Go for the Eyes"],"picked":"Sunder","floor":5},{"not_picked":["Rebound","Redo"],"picked":"Conserve Battery","floor":6},{"not_picked":["Recycle","Compile Driver"],"picked":"Consume","floor":8},{"not_picked":["Machine Learning","Auto Shields"],"picked":"Genetic Algorithm","floor":12},{"not_picked":["Rainbow","Core Surge"],"picked":"Seek","floor":16},{"not_picked":["Stack","Streamline"],"picked":"Self Repair","floor":17},{"not_picked":["Hologram","Steam"],"picked":"Cold Snap","floor":17},{"not_picked":["Coolheaded","Sweeping Beam"],"picked":"Self Repair","floor":17},{"not_picked":["Turbo","Rebound"],"picked":"Redo","floor":17},{"not_picked":["Rebound","Darkness"],"picked":"Steam","floor":17},{"not_picked":["Steam","Glacier+1"],"picked":"Electrodynamics","floor":18},{"not_picked":["Consume","Beam Cell"],"picked":"Conserve Battery","floor":20},{"not_picked":["Sweeping Beam","Blizzard"],"picked":"Ball Lightning","floor":21},{"not_picked":["Turbo+1","Hologram"],"picked":"Defragment+1","floor":22},{"not_picked":["Rebound","Gash"],"picked":"Hologram","floor":24},{"not_picked":["Redo","Genetic Algorithm"],"picked":"Buffer","floor":27},{"not_picked":["Skim","Gash","Consume"],"picked":"SKIP","floor":29},{"not_picked":["Electrodynamics","Buffer"],"picked":"Thunder Strike","floor":33},{"not_picked":["Redo+1","Conserve Battery"],"picked":"Aggregate+1","floor":35},{"not_picked":["Chill","Streamline"],"picked":"Defragment","floor":36},{"not_picked":["Dramatic Entrance","Dark Shackles"],"picked":"Madness","floor":37},{"not_picked":["Forethought","Blind"],"picked":"Apotheosis","floor":37},{"not_picked":["Jack Of All Trades","The Bomb"],"picked":"Finesse","floor":37},{"not_picked":["Barrage","Redo+1"],"picked":"Cold Snap+1","floor":39},{"not_picked":["Static Discharge+1","Beam Cell+1"],"picked":"Stack+1","floor":40},{"not_picked":["Rebound","Beam Cell","Hello World+1"],"picked":"SKIP","floor":45},{"not_picked":["Streamline","Machine Learning"],"picked":"Creative AI","floor":47},{"not_picked":["Heatsinks+1","Loop+1"],"picked":"Chill+1","floor":48}],"player_experience":317567,"relics_obtained":[{"floor":6,"key":"Boot"},{"floor":9,"key":"Blood Vial"},{"floor":12,"key":"Smiling Mask"},{"floor":24,"key":"Juzu Bracelet"},{"floor":26,"key":"Shuriken"},{"floor":27,"key":"Whetstone"},{"floor":29,"key":"The Courier"},{"floor":40,"key":"Ornamental Fan"},{"floor":42,"key":"Toxic Egg 2"},{"floor":43,"key":"Ancient Tea Set"},{"floor":47,"key":"Darkstone Periapt"}],"event_choices":[{"damage_healed":0,"gold_gain":75,"player_choice":"Gather Gold","damage_taken":11,"max_hp_gain":0,"max_hp_loss":0,"event_name":"World of Goop","floor":7,"gold_loss":0},{"damage_healed":22,"gold_gain":0,"player_choice":"Healed and dodged fight","damage_taken":0,"max_hp_gain":0,"max_hp_loss":0,"event_name":"Mushrooms","floor":10,"gold_loss":0,"cards_obtained":["Parasite"]},{"damage_healed":0,"gold_gain":0,"player_choice":"Opened","damage_taken":0,"relics_obtained":["Potion Belt"],"max_hp_gain":0,"max_hp_loss":0,"event_name":"The Mausoleum","floor":19,"gold_loss":0},{"damage_healed":0,"gold_gain":0,"player_choice":"Paid Fearfully","damage_taken":0,"max_hp_gain":0,"max_hp_loss":0,"event_name":"Masked Bandits","floor":31,"gold_loss":4},{"damage_healed":0,"gold_gain":0,"player_choice":"Memory 3","damage_taken":10,"max_hp_gain":0,"max_hp_loss":0,"event_name":"SensoryStone","floor":37,"gold_loss":0},{"damage_healed":0,"gold_gain":999,"player_choice":"Gold","damage_taken":0,"max_hp_gain":0,"max_hp_loss":0,"event_name":"MindBloom","floor":38,"gold_loss":0,"cards_obtained":["Normality","Normality"]}],"is_beta":true,"boss_relics":[{"not_picked":["Runic Dome","Runic Pyramid"],"picked":"Orrery"},{"not_picked":["Coffee Dripper","White Beast Statue"],"picked":"Philosopher\u0027s Stone"}],"items_purged_floors":[2,14,46],"is_endless":false,"potions_floor_spawned":[5,6,18,20,29,33,36,45,48],"ascension_level":3}