{"gold_per_floor":[113,130,145,165,165,199,199,219,243,257,432,61,95,113,113,213,213,230,260,359,359,372,390,390],"floor_reached":24,"playtime":1804,"items_purged":["Doubt"],"score":284,"play_id":"6aa928f3-02dc-45d6-976d-8d3af76f47fe","local_time":"20190228103740","is_ascension_mode":true,"campfire_choices":[{"floor":7.0,"key":"REST"},{"floor":15.0,"key":"REST"}],"neow_cost":"NONE","seed_source_timestamp":0,"circlet_count":0,"master_deck":["Defend_G","Defend_G","Defend_G","Defend_G+1","Defend_G","Strike_G","Strike_G","Strike_G","Strike_G","Strike_G","Survivor","Neutralize","Footwork","Noxious Fumes","Bouncing Flask","Flying Knee+1","Envenom","Dash","Crippling Poison","Venomology","Poisoned Stab","Writhe","Cloak And Dagger","Terror","Escape Plan"],"special_seed":0,"relics":["Ring of the Snake","Pocketwatch","Oddly Smooth Stone","Blood Vial","Lantern","Sozu","Tiny Chest"],"potions_floor_usage":[],"damage_taken":[{"damage":1.0,"enemies":"2 Louse","floor":1.0,"turns":5.0},{"damage":9.0,"enemies":"Jaw Worm","floor":2.0,"turns":8.0},{"damage":1.0,"enemies":"Small Slimes","floor":3.0,"turns":4.0},{"damage":18.0,"enemies":"3 Louse","floor":4.0,"turns":5.0},{"damage":20.0,"enemies":"3 Sentries","floor":6.0,"turns":9.0},{"damage":0.0,"enemies":"Blue Slaver","floor":8.0,"turns":5.0},{"damage":15.0,"enemies":"Gremlin Gang","floor":10.0,"turns":4.0},{"damage":9.0,"enemies":"Lagavulin","floor":13.0,"turns":6.0},{"damage":15.0,"enemies":"Lots of Slimes","floor":14.0,"turns":3.0},{"damage":8.0,"enemies":"The Guardian","floor":16.0,"turns":9.0},{"damage":13,"enemies":"3 Byrds","floor":18,"turns":6},{"damage":2,"enemies":"Chosen","floor":22,"turns":5},{"damage":18,"enemies":"Sentry and Sphere","floor":23,"turns":5},{"damage":41,"enemies":"Slavers","floor":24,"turns":4}],"seed_played":"-674177730721620366","potions_obtained":[{"floor":1.0,"key":"SteroidPotion"},{"floor":3.0,"key":"GamblersBrew"},{"floor":8.0,"key":"Regen Potion"},{"floor":10.0,"key":"Dexterity Potion"},{"floor":14.0,"key":"Explosive Potion"},{"floor":16.0,"key":"SpeedPotion"}],"is_trial":false,"path_per_floor":["M","M","M","M","?","E","R","M","T","M","?","$","E","M","R","B",null,"M","?","?","?","M","M","E"],"character_chosen":"THE_SILENT","items_purchased":["Oddly Smooth Stone","Blood Vial"],"campfire_rested":2,"item_purchase_floors":[12,12],"current_hp_per_floor":[69,60,59,41,26,6,29,29,29,14,14,14,22,9,32,26,64,53,53,53,53,53,37,0],"gold":390,"neow_bonus":"TEN_PERCENT_HP_BONUS","is_prod":false,"is_daily":false,"chose_seed":false,"campfire_upgraded":0,"win_rate":0,"timestamp":1551379060,"path_taken":["M","M","M","M","?","E","R","M","T","M","?","$","E","M","R","BOSS","M","?","?","?","?","M","E"],"build_version":"2019-01-23","purchased_purges":1,"victory":false,"max_hp_per_floor":[77,77,77,77,77,77,77,77,77,77,77,77,77,77,77,77,77,77,77,77,77,77,77,77],"card_choices":[{"not_picked":["Dodge and Roll","Eviscerate"],"picked":"Footwork","floor":1.0},{"not_picked":["Reflex","Dodge and Roll"],"picked":"Noxious Fumes","floor":2.0},{"not_picked":["Flying Knee","Acrobatics"],"picked":"Bouncing Flask","floor":3.0},{"not_picked":["Quick Slash","Heel Hook"],"picked":"Flying Knee","floor":4.0},{"not_picked":["Outmaneuver","Blade Dance"],"picked":"Envenom","floor":6.0},{"not_picked":["Dagger Throw","Well Laid Plans"],"picked":"Dash","floor":8.0},{"not_picked":["Expertise","Backflip","Acrobatics"],"picked":"SKIP","floor":10.0},{"not_picked":["Backstab","Deflect"],"picked":"Crippling Poison","floor":13.0},{"not_picked":["Deadly Poison","Calculated Gamble","Quick Slash"],"picked":"SKIP","floor":14.0},{"not_picked":["Doppelganger","Wraith Form v2"],"picked":"Venomology","floor":16.0},{"not_picked":["Outmaneuver","Flying Knee+1"],"picked":"Poisoned Stab","floor":18},{"not_picked":["Bane+1","Flying Knee"],"picked":"Terror","floor":22},{"not_picked":["Leg Sweep","Dagger Throw"],"picked":"Escape Plan","floor":23}],"player_experience":405405,"relics_obtained":[{"floor":6.0,"key":"Pocketwatch"},{"floor":13.0,"key":"Lantern"}],"event_choices":[{"damage_healed":0.0,"max_hp_gain":0.0,"max_hp_loss":0.0,"gold_gain":0.0,"event_name":"Shining Light","player_choice":"Entered Light","floor":5.0,"gold_loss":0.0,"damage_taken":15.0,"cards_upgraded":["Flying Knee","Defend_G"]},{"damage_healed":0.0,"max_hp_gain":0.0,"max_hp_loss":0.0,"gold_gain":175.0,"event_name":"Liars Game","player_choice":"AGREE","floor":11.0,"gold_loss":0.0,"damage_taken":0.0,"cards_obtained":["Doubt"]},{"damage_healed":0,"gold_gain":0,"player_choice":"Opened","damage_taken":0,"relics_obtained":["Tiny Chest"],"max_hp_gain":0,"max_hp_loss":0,"event_name":"The Mausoleum","floor":19,"gold_loss":0,"cards_obtained":["Writhe"]},{"damage_healed":0,"gold_gain":99,"player_choice":"Stole From Cult","damage_taken":0,"max_hp_gain":0,"max_hp_loss":0,"event_name":"Nest","floor":20,"gold_loss":0},{"damage_healed":0,"gold_gain":0,"player_choice":"Read","damage_taken":0,"max_hp_gain":0,"max_hp_loss":0,"event_name":"The Library","floor":21,"gold_loss":0,"cards_obtained":["Cloak And Dagger"]}],"is_beta":false,"boss_relics":[{"not_picked":["Fusion Hammer","Pandora\u0027s Box"],"picked":"Sozu"}],"items_purged_floors":[12],"is_endless":false,"potions_floor_spawned":[1,3,8,10,14,16,18],"killed_by":"Slavers","ascension_level":7}