{"path_per_floor":["M","?","?","?","M","E","R","E","T","T","E","R","M","?","R","B",null,"M","M","$","M","?","E","R","?","T","M","M","R","M","E","R","B",null,"M","T","M","M","M","E","R","M","T","M","R","M","?","?","R"],"character_chosen":"IRONCLAD","items_purchased":["Intimidate","Rampage","Bandage Up","Lantern"],"gold_per_floor":[112,187,187,187,202,228,228,259,259,308,338,338,353,318,318,423,423,438,452,22,36,36,65,65,65,90,106,122,122,136,171,171,276,276,289,316,331,348,360,393,393,404,429,440,440,453,453,499,499],"floor_reached":50,"campfire_rested":5,"playtime":8482,"current_hp_per_floor":[80,69,69,69,61,33,57,18,32,32,30,60,66,91,91,58,101,91,69,69,56,56,30,60,60,60,66,72,72,67,31,61,41,101,76,76,48,30,30,23,65,59,59,45,59,65,70,44,58],"items_purged":["Defend_R"],"gold":499,"score":557,"play_id":"c06431b0-3318-4cb8-bd70-72c630bce1d3","is_prod":false,"is_daily":false,"is_ascension_mode":false,"campfire_upgraded":4,"path_taken":["M","?","?","?","?","E","R","E","T","?","E","R","M","?","R","BOSS","M","?","$","M","?","E","R","?","T","M","M","R","M","E","R","BOSS","M","?","M","M","M","E","R","M","T","M","R","M","?","?","R","BOSS"],"build_version":"2018-02-15-PROD1","purchased_purges":1,"victory":false,"master_deck":["Strike_R","Strike_R","Strike_R","Strike_R","Strike_R+1","Defend_R","Defend_R","Bash+1","Perfected Strike+1","Dual Wield+1","Headbutt","Battle Trance","Warcry","Rampage","Dark Embrace+1","Pommel Strike","Flex+1","Intimidate","Rampage","Bandage Up","Combust+1","Perfected Strike+1","Seeing Red+1","Shrug It Off+1","Bloodletting+1","Twin Strike","Clothesline+1","Anger+1","Berserk+1","Dual Wield+1","Flame Barrier+1","Anger+1","Perfected Strike+1","Iron Wave+1","Pummel","Battle Trance+1","Anger+1","Searing Blow"],"max_hp_per_floor":[80,80,80,80,80,80,80,80,94,94,101,101,101,101,101,101,101,101,101,101,101,101,101,101,101,101,101,101,101,101,101,101,101,101,101,101,101,101,101,101,101,101,101,101,101,101,101,101,101],"relics":["Burning Blood","Bag of Preparation","Whetstone","Mango","Orichalcum","Strawberry","Runic Pyramid","Lantern","Juzu Bracelet","Bag of Marbles","Dream Catcher","Eternal Feather","Pen Nib","Letter Opener","Happy Flower","Ginger"],"card_choices":[{"not_picked":["Thunderclap","Burning Pact"],"picked":"Perfected Strike"},{"not_picked":["Bloodletting","Sword Boomerang"],"picked":"Dual Wield"},{"not_picked":["Anger","Iron Wave"],"picked":"Headbutt"},{"not_picked":["Clothesline","Iron Wave"],"picked":"Battle Trance"},{"not_picked":["Shockwave","Battle Trance"],"picked":"Warcry"},{"not_picked":["Anger","True Grit"],"picked":"Rampage"},{"not_picked":["Barricade","Offering"],"picked":"Dark Embrace"},{"not_picked":["Rupture","True Grit"],"picked":"Pommel Strike"},{"not_picked":["Clash","Searing Blow"],"picked":"Flex"},{"not_picked":["Disarm","Pummel"],"picked":"Combust"},{"not_picked":["Battle Trance","Intimidate"],"picked":"Seeing Red"},{"not_picked":["True Grit","Thunderclap"],"picked":"Shrug It Off"},{"not_picked":["Body Slam","Reaper"],"picked":"Bloodletting"},{"not_picked":["Bloodletting","Clothesline"],"picked":"Twin Strike"},{"not_picked":["Blood for Blood","Power Through"],"picked":"Clothesline"},{"not_picked":["Clothesline","Cleave"],"picked":"Anger"},{"not_picked":["Double Tap","Feed"],"picked":"Berserk"},{"not_picked":["Twin Strike","Intimidate"],"picked":"Dual Wield"},{"not_picked":["Clash","Uppercut"],"picked":"Flame Barrier"},{"not_picked":["Twin Strike","Sword Boomerang"],"picked":"Anger"},{"not_picked":["Reckless Charge","True Grit"],"picked":"Perfected Strike"},{"not_picked":["Clothesline","Pummel"],"picked":"Iron Wave"},{"not_picked":["Body Slam","Dual Wield"],"picked":"Pummel"},{"not_picked":["Body Slam","Power Through"],"picked":"Battle Trance"},{"not_picked":["Headbutt","True Grit"],"picked":"Anger"},{"not_picked":["Impervious","True Grit"],"picked":"Perfected Strike"},{"not_picked":["Whirlwind","Clash"],"picked":"Searing Blow"}],"player_experience":0,"potions_floor_usage":[16,16,16,31,31,39,39,39,40,50],"damage_taken":[{"damage":6,"enemies":"2 Louse","floor":1,"turns":2},{"damage":14,"enemies":"Jaw Worm","floor":5,"turns":4},{"damage":34,"enemies":"Gremlin Nob","floor":6,"turns":5},{"damage":45,"enemies":"Lagavulin","floor":8,"turns":6},{"damage":15,"enemies":"Gremlin Nob","floor":11,"turns":4},{"damage":0,"enemies":"Small Slimes","floor":13,"turns":2},{"damage":39,"enemies":"The Guardian","floor":16,"turns":5},{"damage":16,"enemies":"Chosen","floor":18,"turns":4},{"damage":28,"enemies":"2 Thieves","floor":19,"turns":4},{"damage":23,"enemies":"Centurion and Healer","floor":21,"turns":5},{"damage":36,"enemies":"Slavers","floor":23,"turns":5},{"damage":0,"enemies":"Snake Plant","floor":27,"turns":1},{"damage":0,"enemies":"3 Cultists","floor":28,"turns":4},{"damage":15,"enemies":"Centurion and Healer","floor":30,"turns":4},{"damage":46,"enemies":"Gremlin Leader","floor":31,"turns":4},{"damage":30,"enemies":"Champ","floor":33,"turns":9},{"damage":35,"enemies":"3 Darklings","floor":35,"turns":5},{"damage":38,"enemies":"3 Shapes","floor":37,"turns":4},{"damage":24,"enemies":"Sphere and 2 Shapes","floor":38,"turns":4},{"damage":6,"enemies":"Maw","floor":39,"turns":5},{"damage":23,"enemies":"2 Orb Walkers","floor":40,"turns":4},{"damage":12,"enemies":"4 Shapes","floor":42,"turns":3},{"damage":20,"enemies":"3 Darklings","floor":44,"turns":4},{"damage":0,"enemies":"Sphere and 2 Shapes","floor":46,"turns":3},{"damage":32,"enemies":"Mysterious Sphere","floor":48,"turns":4},{"damage":64,"enemies":"Awakened One","floor":50,"turns":4}],"event_choices":[{"event_name":"World of Goop","player_choice":"Gather Gold","floor":2,"damage_taken":0},{"event_name":"Liars Game","player_choice":"disagreed","floor":3,"damage_taken":0},{"event_name":"Purifier","player_choice":"One Purge","floor":4,"damage_taken":0},{"event_name":"The Cleric","player_choice":"Healed","floor":14,"damage_taken":0},{"event_name":"Duplicator","player_choice":"One dupe","floor":22,"damage_taken":0},{"event_name":"Upgrade Shrine","player_choice":"Upgraded","floor":25,"damage_taken":0},{"event_name":"Bonfire Elementals","player_choice":"COMMON","floor":47,"damage_taken":0},{"event_name":"Mysterious Sphere","player_choice":"Fight","floor":48,"damage_taken":0}],"boss_relics":[{"not_picked":["Runic Dome","Philosopher\u0027s Stone"],"picked":"Runic Pyramid"},{"not_picked":["Tiny House","Orrery"],"picked":"Eternal Feather"}],"potions_floor_spawned":[8,11,13,16,19,27,33,35,39,42,48],"seed_played":"-5891843232257503086","killed_by":"Awakened One","ascension_level":0,"is_trial":false}