{"gold_per_floor":[111,21,21,39,39,39,65,79,104,124,124,158,168,180,180,280,280,300,300,57,57,57,88,88,102,102,115,30,30,58,58,58,154,154,172,172,272,117,117,149,163,163,163,192,210,133,144,157,157,157,157,157,5,38,38],"floor_reached":55,"playtime":4303,"items_purged":["Strike_G+1"],"score":803,"play_id":"3260b8e9-02b6-4911-967b-9da1b12f9ed5","local_time":"20190116051151","is_ascension_mode":false,"campfire_choices":[{"data":"Discovery","floor":6.0,"key":"SMITH"},{"data":"Sucker Punch","floor":15.0,"key":"SMITH"},{"floor":24.0,"key":"RECALL"},{"data":"After Image","floor":29.0,"key":"SMITH"},{"data":"Cloak And Dagger","floor":32.0,"key":"SMITH"},{"data":"Cloak And Dagger","floor":42.0,"key":"SMITH"},{"data":"Accuracy","floor":49.0,"key":"SMITH"},{"data":"Infinite Blades","floor":52,"key":"SMITH"}],"neow_cost":"NONE","seed_source_timestamp":43459149254492,"circlet_count":0,"master_deck":["Defend_G+1","Defend_G+1","Defend_G+1","Defend_G+1","Defend_G+1","Strike_G+1","Strike_G+1","Strike_G+1","Strike_G+1","Survivor+1","Neutralize+1","Cloak And Dagger+1","Discovery+1","Cloak And Dagger+1","Sucker Punch+1","Cloak And Dagger","Escape Plan","Escape Plan","After Image+1","Cloak And Dagger","Heel Hook","Blade Dance","Infinite Blades+1","Die Die Die","Master of Strategy","Cloak And Dagger+1","Accuracy+1","Accuracy"],"special_seed":0,"relics":["Ring of the Serpent","Bronze Scales","Bag of Preparation","Sling","Strawberry","Calipers","Singing Bowl","Mercury Hourglass","Red Mask","Juzu Bracelet","WristBlade","Turnip","Lantern","Anchor","Pen Nib","Pear","Happy Flower"],"potions_floor_usage":[55,55,55,55,55,55],"damage_taken":[{"damage":2.0,"enemies":"2 Louse","floor":1.0,"turns":4.0},{"damage":0.0,"enemies":"Cultist","floor":4.0,"turns":3.0},{"damage":25.0,"enemies":"Lagavulin","floor":7.0,"turns":10.0},{"damage":0.0,"enemies":"Jaw Worm","floor":8.0,"turns":3.0},{"damage":0.0,"enemies":"Exordium Wildlife","floor":10.0,"turns":4.0},{"damage":12.0,"enemies":"Gremlin Nob","floor":12.0,"turns":5.0},{"damage":0.0,"enemies":"2 Fungi Beasts","floor":13.0,"turns":3.0},{"damage":0.0,"enemies":"Looter","floor":14.0,"turns":3.0},{"damage":8.0,"enemies":"The Guardian","floor":16.0,"turns":12.0},{"damage":0.0,"enemies":"Spheric Guardian","floor":18.0,"turns":4.0},{"damage":31.0,"enemies":"Slavers","floor":23.0,"turns":6.0},{"damage":0.0,"enemies":"3 Byrds","floor":25.0,"turns":3.0},{"damage":3.0,"enemies":"3 Cultists","floor":27.0,"turns":7.0},{"damage":9.0,"enemies":"Masked Bandits","floor":30.0,"turns":4.0},{"damage":35.0,"enemies":"Champ","floor":33.0,"turns":14.0},{"damage":0.0,"enemies":"Orb Walker","floor":35.0,"turns":3.0},{"damage":17.0,"enemies":"Mind Bloom Boss Battle","floor":37.0,"turns":6.0},{"damage":15.0,"enemies":"Reptomancer","floor":40.0,"turns":6.0},{"damage":0.0,"enemies":"3 Darklings","floor":41.0,"turns":5.0},{"damage":0.0,"enemies":"Nemesis","floor":44.0,"turns":5.0},{"damage":0.0,"enemies":"Maw","floor":45.0,"turns":7.0},{"damage":0.0,"enemies":"Jaw Worm Horde","floor":47.0,"turns":3.0},{"damage":0.0,"enemies":"Sphere and 2 Shapes","floor":48.0,"turns":4.0},{"damage":36,"enemies":"Donu and Deca","floor":50,"turns":11},{"damage":18,"enemies":"Shield and Spear","floor":54,"turns":7},{"damage":106,"enemies":"The Heart","floor":55,"turns":8}],"seed_played":"-7933866205447418170","potions_obtained":[{"floor":8.0,"key":"SkillPotion"},{"floor":10.0,"key":"Strength Potion"},{"floor":14.0,"key":"PowerPotion"},{"floor":23.0,"key":"GamblersBrew"},{"floor":25.0,"key":"EntropicBrew"},{"floor":30.0,"key":"SteroidPotion"},{"floor":35.0,"key":"GhostInAJar"},{"floor":45.0,"key":"Regen Potion"}],"is_trial":false,"path_per_floor":["M","$","?","M","$","R","E","M","T","M","?","E","M","M","R","B",null,"M","?","$","?","?","E","R","M","T","M","?","R","?","T","R","B",null,"M","?","?","$","?","E","M","R","T","E","M","$","M","M","R","B",null,"R","$","E","B"],"character_chosen":"THE_SILENT","items_purchased":["Discovery","Sling","Cloak And Dagger","Lantern","Accuracy","Accuracy"],"campfire_rested":0,"item_purchase_floors":[2,20,20,38,46,53],"current_hp_per_floor":[75,75,77,77,77,77,52,52,52,52,37,25,25,25,25,17,77,77,77,77,77,84,53,53,53,53,50,50,50,43,43,43,8,86,88,88,73,73,73,60,62,62,62,72,74,74,76,78,78,42,105,105,105,89,0],"gold":38,"neow_bonus":"TEN_PERCENT_HP_BONUS","is_prod":false,"is_daily":false,"chose_seed":false,"campfire_upgraded":7,"win_rate":0,"timestamp":1547586711,"path_taken":["M","$","?","M","?","R","E","?","T","M","?","E","M","M","R","BOSS","M","?","$","?","?","E","R","M","T","M","?","R","?","?","R","BOSS","M","?","?","$","?","E","M","R","T","E","M","$","M","M","R","BOSS","R","$","E","BOSS"],"build_version":"2019-01-10","purchased_purges":1,"victory":false,"max_hp_per_floor":[77,77,77,77,77,77,77,77,77,77,77,77,77,77,77,77,77,77,77,77,77,84,84,84,84,84,84,84,84,86,86,86,86,86,88,88,90,90,85,87,89,89,89,99,101,101,103,105,105,105,105,105,105,107,107],"card_choices":[{"not_picked":["Prepared","Predator"],"picked":"Cloak And Dagger","floor":1.0},{"not_picked":["Tactician","Deadly Poison","Dagger Throw"],"picked":"SKIP","floor":4.0},{"not_picked":["Backstab","Slice"],"picked":"Cloak And Dagger","floor":7.0},{"not_picked":["Poisoned Stab","Slice","Predator"],"picked":"SKIP","floor":8.0},{"not_picked":["Quick Slash","PiercingWail"],"picked":"Sucker Punch","floor":10.0},{"not_picked":["Slice","Tactician"],"picked":"Cloak And Dagger","floor":12.0},{"not_picked":["Reflex","Riddle With Holes"],"picked":"Escape Plan","floor":13.0},{"not_picked":["Bane","Backflip"],"picked":"Escape Plan","floor":14.0},{"not_picked":["Wraith Form v2","Doppelganger"],"picked":"After Image","floor":16.0},{"not_picked":["Eviscerate+1","Endless Agony","Distraction"],"picked":"SKIP","floor":18.0},{"not_picked":["Skewer+1","Flying Knee+1"],"picked":"Heel Hook","floor":23.0},{"not_picked":["Bane","Caltrops"],"picked":"Blade Dance","floor":25.0},{"not_picked":["Dodge and Roll","Blade Dance"],"picked":"Infinite Blades","floor":27.0},{"not_picked":["PiercingWail","Expertise","Underhanded Strike"],"picked":"Singing Bowl","floor":30.0},{"not_picked":["Grand Finale","Malaise"],"picked":"Die Die Die","floor":33.0},{"not_picked":["Noxious Fumes","Backflip+1","Backstab+1"],"picked":"Singing Bowl","floor":35.0},{"not_picked":["Bandage Up","Jack Of All Trades"],"picked":"Master of Strategy","floor":36.0},{"not_picked":["Dash+1","Outmaneuver","Prepared"],"picked":"Singing Bowl","floor":37.0},{"not_picked":["Expertise+1","Dagger Throw+1","Cloak And Dagger"],"picked":"Singing Bowl","floor":40.0},{"not_picked":["Bane+1","Prepared","Deflect+1"],"picked":"Singing Bowl","floor":41.0},{"not_picked":["Dodge and Roll+1","Underhanded Strike+1"],"picked":"Cloak And Dagger+1","floor":44.0},{"not_picked":["Dagger Throw","Distraction","Dodge and Roll+1"],"picked":"Singing Bowl","floor":45.0},{"not_picked":["Phantasmal Killer","Quick Slash+1","Reflex+1"],"picked":"Singing Bowl","floor":47.0},{"not_picked":["Bane+1","Prepared+1","Flying Knee"],"picked":"Singing Bowl","floor":48.0},{"not_picked":["Deadly Poison+1","Acrobatics","Choke"],"picked":"Singing Bowl","floor":54}],"player_experience":383489,"relics_obtained":[{"floor":7.0,"key":"Bronze Scales"},{"floor":12.0,"key":"Bag of Preparation"},{"floor":23.0,"key":"Calipers"},{"floor":26.0,"key":"Singing Bowl"},{"floor":30.0,"key":"Red Mask"},{"floor":31.0,"key":"Juzu Bracelet"},{"floor":37.0,"key":"Turnip"},{"floor":40.0,"key":"Anchor"},{"floor":43.0,"key":"Pen Nib"},{"floor":44.0,"key":"Pear"},{"floor":54,"key":"Happy Flower"}],"event_choices":[{"damage_healed":2.0,"max_hp_gain":0.0,"max_hp_loss":0.0,"gold_gain":0.0,"event_name":"Wheel of Change","player_choice":"Full Heal","floor":3.0,"gold_loss":0.0,"damage_taken":0.0},{"damage_healed":0.0,"max_hp_gain":0.0,"max_hp_loss":0.0,"gold_gain":0.0,"event_name":"Shining Light","player_choice":"Entered Light","floor":11.0,"gold_loss":0.0,"damage_taken":15.0,"cards_upgraded":["Survivor","Neutralize"]},{"damage_healed":0.0,"max_hp_gain":0.0,"max_hp_loss":0.0,"gold_gain":0.0,"event_name":"Back to Basics","player_choice":"Simplicity","floor":19.0,"gold_loss":0.0,"damage_taken":0.0,"cards_upgraded":["Defend_G","Defend_G","Defend_G","Defend_G","Defend_G","Strike_G","Strike_G","Strike_G","Strike_G","Strike_G"]},{"damage_healed":0.0,"max_hp_gain":0.0,"max_hp_loss":0.0,"gold_gain":0.0,"event_name":"Ghosts","player_choice":"Ignored","floor":21.0,"gold_loss":0.0,"damage_taken":0.0},{"damage_healed":0.0,"max_hp_gain":0.0,"max_hp_loss":0.0,"gold_gain":0.0,"event_name":"The Mausoleum","player_choice":"Opened","floor":22.0,"gold_loss":0.0,"damage_taken":0.0,"relics_obtained":["Strawberry"]},{"damage_healed":0.0,"max_hp_gain":0.0,"max_hp_loss":0.0,"gold_gain":0.0,"event_name":"Addict","player_choice":"Obtained Relic","floor":28.0,"gold_loss":85.0,"damage_taken":0.0,"relics_obtained":["Mercury Hourglass"]},{"damage_healed":0.0,"max_hp_gain":0.0,"max_hp_loss":0.0,"gold_gain":0.0,"event_name":"Masked Bandits","player_choice":"Fought Bandits","floor":30.0,"gold_loss":0.0,"damage_taken":0.0},{"damage_healed":0.0,"max_hp_gain":0.0,"max_hp_loss":0.0,"gold_gain":0.0,"event_name":"SensoryStone","player_choice":"Memory 1","floor":36.0,"gold_loss":0.0,"damage_taken":0.0},{"damage_healed":0.0,"max_hp_gain":0.0,"max_hp_loss":0.0,"gold_gain":0.0,"event_name":"MindBloom","player_choice":"Fight","floor":37.0,"gold_loss":0.0,"damage_taken":0.0},{"damage_healed":0.0,"max_hp_gain":0.0,"max_hp_loss":5.0,"gold_gain":0.0,"event_name":"Winding Halls","player_choice":"Max HP","floor":39.0,"gold_loss":0.0,"damage_taken":0.0}],"is_beta":false,"boss_relics":[{"not_picked":["Snecko Eye","Astrolabe"],"picked":"Ring of the Serpent"},{"not_picked":["Lizard Tail","Calling Bell"],"picked":"WristBlade"}],"items_purged_floors":[53],"is_endless":false,"potions_floor_spawned":[8,10,14,23,25,30,35,45,47,48],"killed_by":"The Heart","ascension_level":0}