{"gold_per_floor":[367,367,215,234,252,252,270,280,280,306,319,346,346,372,372,448,448,461,511,561,579,597,628,628,663,663,663,663,663,95,108,108,186,186,198,198,211,266,293,293,293,393,462,489,73,73,99,131,131,131,131,131,55,89,89],"floor_reached":56,"playtime":3271,"items_purged":["Strike_B","Strike_B","Strike_B"],"score":2206,"play_id":"005bc244-fb3c-4097-88ec-891471ee38ca","local_time":"20190523110932","is_ascension_mode":true,"campfire_choices":[{"data":"Sunder","floor":6.0,"key":"SMITH"},{"data":"Barrage","floor":15.0,"key":"SMITH"},{"floor":24.0,"key":"REST"},{"data":"Coolheaded","floor":27.0,"key":"SMITH"},{"data":"Self Repair","floor":29.0,"key":"SMITH"},{"data":"Hologram","floor":32.0,"key":"SMITH"},{"data":"Defragment","floor":40,"key":"SMITH"},{"data":"Doom and Gloom","floor":41,"key":"SMITH"},{"data":"Skim","floor":46,"key":"SMITH"},{"floor":49,"key":"RECALL"},{"data":"Buffer","floor":52,"key":"SMITH"}],"neow_cost":"TEN_PERCENT_HP_LOSS","seed_source_timestamp":213869444500,"circlet_count":0,"master_deck":["AscendersBane","Defend_B","Defend_B","Defend_B","Zap","Dualcast","Sunder+1","Glacier","Self Repair+1","Barrage+1","White Noise","Hologram+1","Coolheaded+1","Skim+1","Buffer+1","Tempest+1","Darkness+1","Buffer+1","Doom and Gloom+1","Defragment+1","Creative AI","Echo Form","Double Energy","All For One"],"special_seed":0,"relics":["Cracked Core","Cables","Shuriken","Darkstone Periapt","Boot","Snecko Eye","Pen Nib","Turnip","Dodecahedron","Pantograph","Blood Vial","Astrolabe","WingedGreaves","Oddly Smooth Stone","Ice Cream","Omamori","Gambling Chip","Kunai","Bronze Scales","Art of War"],"potions_floor_usage":[50,55,55],"damage_taken":[{"damage":14.0,"enemies":"Jaw Worm","floor":1.0,"turns":5.0},{"damage":0.0,"enemies":"Cultist","floor":4.0,"turns":4.0},{"damage":0.0,"enemies":"2 Louse","floor":5.0,"turns":5.0},{"damage":23.0,"enemies":"Large Slime","floor":7.0,"turns":8.0},{"damage":0.0,"enemies":"3 Louse","floor":8.0,"turns":4.0},{"damage":21.0,"enemies":"Gremlin Nob","floor":10.0,"turns":4.0},{"damage":14.0,"enemies":"Red Slaver","floor":11.0,"turns":3.0},{"damage":8.0,"enemies":"3 Sentries","floor":12.0,"turns":6.0},{"damage":13.0,"enemies":"Gremlin Nob","floor":14.0,"turns":3.0},{"damage":36.0,"enemies":"The Guardian","floor":16.0,"turns":17.0},{"damage":17.0,"enemies":"Shell Parasite","floor":18.0,"turns":8.0},{"damage":8.0,"enemies":"Spheric Guardian","floor":21.0,"turns":4.0},{"damage":2.0,"enemies":"Shelled Parasite and Fungi","floor":22.0,"turns":7.0},{"damage":37.0,"enemies":"Book of Stabbing","floor":23.0,"turns":6.0},{"damage":13.0,"enemies":"Gremlin Leader","floor":25.0,"turns":7.0},{"damage":0.0,"enemies":"Chosen and Byrds","floor":31.0,"turns":9.0},{"damage":52.0,"enemies":"Collector","floor":33.0,"turns":15.0},{"damage":0,"enemies":"3 Darklings","floor":35,"turns":4},{"damage":0,"enemies":"Orb Walker","floor":37,"turns":2},{"damage":37,"enemies":"2 Orb Walkers","floor":38,"turns":5},{"damage":0,"enemies":"Mind Bloom Boss Battle","floor":42,"turns":8},{"damage":0,"enemies":"Giant Head","floor":44,"turns":6},{"damage":0,"enemies":"Nemesis","floor":47,"turns":5},{"damage":0,"enemies":"Giant Head","floor":48,"turns":5},{"damage":20,"enemies":"Awakened One","floor":50,"turns":8},{"damage":0,"enemies":"Shield and Spear","floor":54,"turns":5},{"damage":60,"enemies":"The Heart","floor":55,"turns":9}],"seed_played":"-9130733688471119224","potions_obtained":[{"floor":1.0,"key":"AttackPotion"},{"floor":11.0,"key":"Fruit Juice"},{"floor":18.0,"key":"GamblersBrew"},{"floor":25.0,"key":"Strength Potion"},{"floor":31.0,"key":"SmokeBomb"},{"floor":42,"key":"LiquidBronze"},{"floor":48,"key":"Weak Potion"}],"is_trial":false,"path_per_floor":["M","?","$","M","M","R","M","M","T","E","M","E","?","E","R","B",null,"M","?","?","M","M","E","R","E","T","R","?","R","$","M","R","B",null,"M","?","M","?","T","R","R","?","T","E","$","R","E","E","R","B",null,"R","$","E","B",null],"character_chosen":"DEFECT","items_purchased":["FocusPotion","Pantograph","Skim","Blood Vial","Gambling Chip","FocusPotion"],"campfire_rested":1,"item_purchase_floors":[3,30,30,30,45,53],"current_hp_per_floor":[50,50,50,50,57,57,41,48,48,34,32,31,54,41,41,12,55,45,45,39,38,43,6,26,20,20,20,20,20,20,32,32,17,56,68,68,69,32,32,32,32,69,69,69,69,69,69,69,69,59,67,67,67,69,19],"gold":89,"neow_bonus":"TWO_FIFTY_GOLD","is_prod":false,"is_daily":false,"chose_seed":false,"campfire_upgraded":9,"win_rate":0,"timestamp":1558580972,"path_taken":["M","?","$","M","M","R","M","?","T","E","M","E","?","E","R","BOSS","M","?","?","?","M","E","R","E","T","R","?","R","$","M","R","BOSS","M","?","M","?","?","R","R","?","T","E","$","R","E","E","R","BOSS","R","$","E","BOSS"],"build_version":"2019-01-23","purchased_purges":3,"victory":true,"max_hp_per_floor":[64,64,64,64,64,64,64,64,64,64,69,69,69,69,69,69,69,69,69,69,69,69,69,69,69,69,69,69,69,69,69,69,69,69,69,69,69,69,69,69,69,69,69,69,69,69,69,69,69,69,69,69,69,69,69],"card_choices":[{"not_picked":["Lockon","Stack"],"picked":"Sunder","floor":1.0},{"not_picked":["Leap","Cold Snap"],"picked":"Self Repair","floor":4.0},{"not_picked":["Conserve Battery","Rebound"],"picked":"Barrage","floor":5.0},{"not_picked":["Steam","Amplify"],"picked":"Conserve Battery","floor":7.0},{"not_picked":["Go for the Eyes","Streamline","BootSequence"],"picked":"SKIP","floor":8.0},{"not_picked":["Redo","Machine Learning"],"picked":"White Noise","floor":10.0},{"not_picked":["Auto Shields","Go for the Eyes"],"picked":"Hologram","floor":11.0},{"not_picked":["Gash","Undo"],"picked":"Coolheaded","floor":12.0},{"not_picked":["Rebound","Steam","Conserve Battery"],"picked":"SKIP","floor":14.0},{"not_picked":["Coolheaded","Blizzard","Steam"],"picked":"SKIP","floor":18.0},{"not_picked":["Leap","Go for the Eyes+1","Genetic Algorithm"],"picked":"SKIP","floor":21.0},{"not_picked":["Beam Cell","Steam Power","Compile Driver"],"picked":"SKIP","floor":22.0},{"not_picked":["Double Energy+1","Stack","Conserve Battery"],"picked":"SKIP","floor":23.0},{"not_picked":["Conserve Battery","Steam Power","Core Surge"],"picked":"SKIP","floor":25.0},{"not_picked":["Stack","Steam+1","FTL"],"picked":"SKIP","floor":31.0},{"not_picked":["Hyperbeam","Multi-Cast"],"picked":"Buffer","floor":33.0},{"not_picked":["Auto Shields","Beam Cell","Rebound"],"picked":"SKIP","floor":35},{"not_picked":["Barrage","Double Energy"],"picked":"Doom and Gloom","floor":37},{"not_picked":["Redo+1","Ball Lightning"],"picked":"Defragment","floor":38},{"not_picked":["Barrage","FTL"],"picked":"Creative AI","floor":42},{"not_picked":["Auto Shields","Aggregate+1","Rip and Tear"],"picked":"SKIP","floor":44},{"not_picked":["Go for the Eyes","Sweeping Beam"],"picked":"Echo Form","floor":47},{"not_picked":["Turbo+1","Aggregate+1"],"picked":"Double Energy","floor":48},{"not_picked":["Chaos","Cold Snap"],"picked":"All For One","floor":54}],"player_experience":3132414,"relics_obtained":[{"floor":9.0,"key":"Cables"},{"floor":10.0,"key":"Shuriken"},{"floor":12.0,"key":"Darkstone Periapt"},{"floor":14.0,"key":"Boot"},{"floor":23.0,"key":"Pen Nib"},{"floor":25.0,"key":"Turnip"},{"floor":26.0,"key":"Dodecahedron"},{"floor":38,"key":"WingedGreaves"},{"floor":39,"key":"Oddly Smooth Stone"},{"floor":42,"key":"Ice Cream"},{"floor":44,"key":"Omamori"},{"floor":47,"key":"Kunai"},{"floor":48,"key":"Bronze Scales"},{"floor":54,"key":"Art of War"}],"event_choices":[{"damage_healed":0.0,"max_hp_gain":0.0,"max_hp_loss":0.0,"gold_gain":0.0,"event_name":"Match and Keep!","player_choice":"1 cards matched","floor":2.0,"gold_loss":0.0,"damage_taken":0.0,"cards_obtained":["Glacier"]},{"damage_healed":23.0,"max_hp_gain":0.0,"max_hp_loss":0.0,"gold_gain":0.0,"event_name":"Big Fish","player_choice":"Banana","floor":13.0,"gold_loss":0.0,"damage_taken":0.0},{"damage_healed":0.0,"max_hp_gain":0.0,"max_hp_loss":0.0,"gold_gain":50.0,"event_name":"Nest","player_choice":"Stole From Cult","floor":19.0,"gold_loss":0.0,"damage_taken":0.0},{"damage_healed":0.0,"max_hp_gain":0.0,"max_hp_loss":0.0,"gold_gain":50.0,"event_name":"FaceTrader","player_choice":"Touch","floor":20.0,"gold_loss":0.0,"damage_taken":6.0},{"damage_healed":0.0,"max_hp_gain":0.0,"max_hp_loss":0.0,"gold_gain":0.0,"event_name":"Vampires","player_choice":"Ignored","floor":28.0,"gold_loss":0.0,"damage_taken":0.0},{"damage_healed":0,"gold_gain":0,"player_choice":"Ignored","damage_taken":0,"max_hp_gain":0,"max_hp_loss":0,"event_name":"Tomb of Lord Red Mask","floor":36,"gold_loss":0},{"damage_healed":0,"gold_gain":0,"player_choice":"Fight","damage_taken":0,"max_hp_gain":0,"max_hp_loss":0,"event_name":"Mysterious Sphere","floor":38,"gold_loss":0},{"damage_healed":0,"gold_gain":0,"player_choice":"Fight","damage_taken":0,"max_hp_gain":0,"max_hp_loss":0,"event_name":"MindBloom","floor":42,"gold_loss":0}],"is_beta":false,"boss_relics":[{"not_picked":["Sozu","Eternal Feather"],"picked":"Snecko Eye"},{"not_picked":["Orrery","Empty Cage"],"picked":"Astrolabe"}],"items_purged_floors":[3,30,45],"is_endless":false,"potions_floor_spawned":[1,5,7,11,18,25,31,37,42,48,54],"ascension_level":15}