{"gold_per_floor":[117,137,156,156,173,173,201,201,201,220,220,246,246,278,278,349,349],"floor_reached":17,"playtime":519,"items_purged":[],"score":330,"play_id":"d2e6407c-6173-45ae-9233-c46fe0f021e9","local_time":"20190422223752","is_ascension_mode":true,"campfire_choices":[{"data":"Neutralize","floor":6.0,"key":"SMITH"},{"floor":11.0,"key":"REST"},{"data":"Noxious Fumes","floor":13.0,"key":"SMITH"},{"floor":15.0,"key":"REST"}],"neow_cost":"NONE","seed_source_timestamp":0,"circlet_count":0,"master_deck":["AscendersBane","Defend_G","Defend_G","Defend_G","Defend_G","Defend_G","Strike_G","Strike_G","Strike_G","Strike_G","Strike_G","Survivor","Neutralize+1","Flying Knee","Footwork","Bane","Neutralize","Quick Slash","All Out Attack","Backflip","Noxious Fumes+1","Deadly Poison","Caltrops","Wraith Form v2","Footwork","Deadly Poison","Leg Sweep"],"special_seed":0,"relics":["White Beast Statue","Prayer Wheel","Pear","Odd Mushroom","Matryoshka","Orrery"],"potions_floor_usage":[],"damage_taken":[{"damage":7.0,"enemies":"Small Slimes","floor":1.0,"turns":4.0},{"damage":6.0,"enemies":"Cultist","floor":2.0,"turns":5.0},{"damage":2.0,"enemies":"Jaw Worm","floor":3.0,"turns":5.0},{"damage":1.0,"enemies":"2 Fungi Beasts","floor":5.0,"turns":3.0},{"damage":23.0,"enemies":"3 Sentries","floor":7.0,"turns":10.0},{"damage":13.0,"enemies":"Large Slime","floor":10.0,"turns":4.0},{"damage":8.0,"enemies":"The Mushroom Lair","floor":12.0,"turns":5.0},{"damage":26.0,"enemies":"Gremlin Nob","floor":14.0,"turns":4.0},{"damage":10.0,"enemies":"Hexaghost","floor":16.0,"turns":8.0}],"seed_played":"949790384512625673","potions_obtained":[{"floor":1.0,"key":"Poison Potion"},{"floor":2.0,"key":"AttackPotion"},{"floor":3.0,"key":"LiquidBronze"},{"floor":5.0,"key":"SteroidPotion"},{"floor":7.0,"key":"AttackPotion"},{"floor":10.0,"key":"Weak Potion"},{"floor":16.0,"key":"Energy Potion"}],"is_trial":false,"path_per_floor":["M","M","M","?","M","R","E","?","T","M","R","?","R","E","R","B",null],"character_chosen":"THE_SILENT","items_purchased":[],"campfire_rested":2,"item_purchase_floors":[],"current_hp_per_floor":[52,46,44,44,43,43,20,20,30,17,39,31,31,5,27,17,61],"gold":349,"neow_bonus":"BOSS_RELIC","is_prod":false,"is_daily":false,"chose_seed":false,"campfire_upgraded":2,"win_rate":0,"timestamp":1555969072,"path_taken":["M","M","M","?","?","R","E","?","T","M","R","?","R","E","R","BOSS"],"build_version":"2019-01-23","purchased_purges":0,"victory":false,"max_hp_per_floor":[66,66,66,66,66,66,66,66,76,76,76,76,76,76,76,76,76],"card_choices":[{"not_picked":["Blade Dance","Outmaneuver"],"picked":"Flying Knee","floor":1.0},{"not_picked":["Deadly Poison","Backflip"],"picked":"Footwork","floor":2.0},{"not_picked":["Reflex","Acrobatics"],"picked":"Bane","floor":3.0},{"not_picked":["Prepared","Slice"],"picked":"Quick Slash","floor":5.0},{"not_picked":["Phantasmal Killer","Poisoned Stab"],"picked":"All Out Attack","floor":7.0},{"not_picked":["All Out Attack","Sucker Punch"],"picked":"Backflip","floor":10.0},{"not_picked":["Blade Dance","Flying Knee"],"picked":"Noxious Fumes","floor":10.0},{"not_picked":["Poisoned Stab","Underhanded Strike"],"picked":"Deadly Poison","floor":12.0},{"not_picked":["Dagger Throw","Blade Dance"],"picked":"Caltrops","floor":14.0},{"not_picked":["Phantasmal Killer","Die Die Die"],"picked":"Wraith Form v2","floor":16.0},{"not_picked":["Deflect","Endless Agony"],"picked":"Footwork","floor":17},{"not_picked":["Sucker Punch","Choke"],"picked":"Deadly Poison","floor":17},{"not_picked":["Dagger Spray","Distraction"],"picked":"Leg Sweep","floor":17}],"player_experience":1315099,"relics_obtained":[{"floor":7.0,"key":"Prayer Wheel"},{"floor":9.0,"key":"Pear"},{"floor":12.0,"key":"Odd Mushroom"},{"floor":14.0,"key":"Matryoshka"}],"event_choices":[{"damage_healed":0.0,"max_hp_gain":0.0,"max_hp_loss":0.0,"gold_gain":0.0,"event_name":"Match and Keep!","player_choice":"1 cards matched","floor":4.0,"gold_loss":0.0,"damage_taken":0.0,"cards_obtained":["Neutralize"]},{"damage_healed":0.0,"max_hp_gain":0.0,"max_hp_loss":0.0,"gold_gain":0.0,"event_name":"Golden Idol","player_choice":"Ignored","floor":8.0,"gold_loss":0.0,"damage_taken":0.0},{"damage_healed":0.0,"max_hp_gain":0.0,"max_hp_loss":0.0,"gold_gain":0.0,"event_name":"Mushrooms","player_choice":"Fought Mushrooms","floor":12.0,"gold_loss":0.0,"damage_taken":0.0}],"is_beta":false,"boss_relics":[{"not_picked":["WristBlade","Fusion Hammer"],"picked":"Orrery"}],"items_purged_floors":[],"is_endless":false,"potions_floor_spawned":[1,2,3,5,7,10,12,14,16],"ascension_level":20}