{"gold_per_floor":[117,117,130,32,32,32,52,72,72,38,56,56,56,72,72,169,169,185,210,135,35,35,35,35,35,35,38,57,57,57,69,69,69],"floor_reached":33,"playtime":2457,"items_purged":["Defend_G","Strike_G"],"score":260,"play_id":"0e042b31-7ca8-4454-b803-4c90ff5416db","local_time":"20190331235819","is_ascension_mode":false,"campfire_choices":[{"data":"Noxious Fumes","floor":6,"key":"SMITH"},{"data":"Caltrops","floor":12,"key":"SMITH"},{"data":"Survivor","floor":15,"key":"SMITH"},{"floor":23,"key":"REST"},{"floor":25,"key":"REST"},{"floor":32,"key":"REST"}],"neow_cost":"NONE","seed_source_timestamp":138734116157822,"circlet_count":0,"master_deck":["Defend_G","Defend_G","Defend_G","Defend_G","Strike_G","Strike_G","Survivor+1","Neutralize","Noxious Fumes+1","Dagger Throw","Deadly Poison","Blur","Deadly Poison","Caltrops+1","Well Laid Plans","After Image","Catalyst","Footwork","Catalyst","Escape Plan"],"relics":["Ring of the Snake","Pear","Red Mask","Bottled Tornado","Orichalcum"],"potions_floor_usage":[16,27,33],"damage_taken":[{"damage":2,"enemies":"Jaw Worm","floor":1,"turns":6},{"damage":0,"enemies":"2 Louse","floor":3,"turns":4},{"damage":0,"enemies":"Cultist","floor":7,"turns":3},{"damage":5,"enemies":"Exordium Thugs","floor":8,"turns":4},{"damage":0,"enemies":"2 Fungi Beasts","floor":11,"turns":4},{"damage":4,"enemies":"3 Louse","floor":14,"turns":3},{"damage":3,"enemies":"Hexaghost","floor":16,"turns":8},{"damage":7,"enemies":"3 Byrds","floor":18,"turns":5},{"damage":73,"enemies":"Masked Bandits","floor":19,"turns":5},{"damage":9,"enemies":"2 Thieves","floor":27,"turns":4},{"damage":6,"enemies":"Centurion and Healer","floor":28,"turns":7},{"damage":21,"enemies":"Cultist and Chosen","floor":31,"turns":6},{"damage":58,"enemies":"Collector","floor":33,"turns":7}],"seed_played":"-3638421215057138410","potions_obtained":[{"floor":1,"key":"Energy Potion"},{"floor":8,"key":"SmokeBomb"},{"floor":11,"key":"GhostInAJar"},{"floor":18,"key":"Ancient Potion"},{"floor":27,"key":"FearPotion"}],"is_trial":false,"path_per_floor":["M","?","M","$","?","R","M","M","T","$","M","R","T","M","R","B",null,"M","?","?","$","?","R","$","R","T","M","M","$","?","M","R","B"],"character_chosen":"THE_SILENT","items_purchased":["Deadly Poison","Caltrops"],"campfire_rested":3,"item_purchase_floors":[4,10],"current_hp_per_floor":[75,68,68,68,68,68,68,63,73,73,73,73,73,69,69,66,87,80,7,7,7,7,33,33,59,59,50,44,44,44,23,49,0],"gold":69,"neow_bonus":"TEN_PERCENT_HP_BONUS","is_prod":false,"is_daily":false,"chose_seed":false,"campfire_upgraded":3,"win_rate":0,"timestamp":1554091099,"path_taken":["M","?","M","?","?","R","M","?","T","?","M","R","?","M","R","BOSS","M","?","?","$","?","R","$","R","T","M","M","?","?","M","R","BOSS"],"build_version":"2019-01-23","purchased_purges":2,"victory":false,"max_hp_per_floor":[77,77,77,77,77,77,77,77,87,87,87,87,87,87,87,87,87,87,87,87,87,87,87,87,87,87,87,87,87,87,87,87,87],"card_choices":[{"not_picked":["Sucker Punch","Underhanded Strike"],"picked":"Noxious Fumes","floor":1},{"not_picked":["Flying Knee","Reflex"],"picked":"Dagger Throw","floor":3},{"not_picked":["Outmaneuver","Riddle With Holes"],"picked":"Blur","floor":7},{"not_picked":["Bane","Accuracy"],"picked":"Deadly Poison","floor":8},{"not_picked":["Deflect","Underhanded Strike"],"picked":"Well Laid Plans","floor":11},{"not_picked":["Blur","Bane","Sucker Punch"],"picked":"SKIP","floor":14},{"not_picked":["Night Terror","Doppelganger"],"picked":"After Image","floor":16},{"not_picked":["PiercingWail+1","Slice"],"picked":"Catalyst","floor":18},{"not_picked":["Flying Knee+1","Escape Plan"],"picked":"Footwork","floor":19},{"not_picked":["Skewer","Dagger Throw+1"],"picked":"Catalyst","floor":27},{"not_picked":["Well Laid Plans","Calculated Gamble","Prepared"],"picked":"SKIP","floor":28},{"not_picked":["Dodge and Roll","Tactician"],"picked":"Escape Plan","floor":31}],"player_experience":85844,"relics_obtained":[{"floor":9,"key":"Pear"},{"floor":19,"key":"Red Mask"},{"floor":26,"key":"Bottled Tornado"}],"event_choices":[{"cards_removed":["Strike_G"],"damage_healed":0,"gold_gain":0,"player_choice":"Card Removal","damage_taken":7,"max_hp_gain":0,"max_hp_loss":0,"event_name":"Golden Wing","floor":2,"gold_loss":0},{"damage_healed":0,"gold_gain":0,"player_choice":"Ignored","damage_taken":0,"max_hp_gain":0,"max_hp_loss":0,"event_name":"Liars Game","floor":5,"gold_loss":0},{"damage_healed":0,"gold_gain":0,"player_choice":"Fought Bandits","damage_taken":0,"max_hp_gain":0,"max_hp_loss":0,"event_name":"Masked Bandits","floor":19,"gold_loss":0},{"cards_removed":["Strike_G"],"damage_healed":0,"gold_gain":0,"player_choice":"Gave Gold","damage_taken":0,"max_hp_gain":0,"max_hp_loss":0,"event_name":"Beggar","floor":20,"gold_loss":75},{"damage_healed":0,"gold_gain":0,"player_choice":"Ignored","damage_taken":0,"max_hp_gain":0,"max_hp_loss":0,"event_name":"Ghosts","floor":22,"gold_loss":0},{"damage_healed":0,"gold_gain":0,"player_choice":"Gave Potion","damage_taken":0,"relics_obtained":["Orichalcum"],"max_hp_gain":0,"max_hp_loss":0,"event_name":"WeMeetAgain","floor":30,"gold_loss":0}],"is_beta":false,"boss_relics":[{"not_picked":["Cursed Key","Runic Dome","Ectoplasm"]}],"items_purged_floors":[4,21],"is_endless":false,"potions_floor_spawned":[1,8,11,18,27],"killed_by":"Collector","ascension_level":0}