{"gold_per_floor":[114,114,128,147,164,194,144,159,212,162,181,198,148,160,110,207,207,219,219,47,59,77,110,60,95,95,95,106,56,74,88,38,143,143,162,175,175,99,114,64,99,117,197,214,243,16,16,35,35,35],"floor_reached":51,"playtime":7780,"items_purged":[],"score":1030,"play_id":"e2595318-9fe9-4b3a-b872-f16dee93f7d5","local_time":"20190110200754","is_ascension_mode":false,"campfire_choices":[{"data":"Slimebound:Split","floor":7.0,"key":"SMITH"},{"data":"Slimebound:CorrosiveSpit","floor":10.0,"key":"SMITH"},{"data":"Slimebound:SplitAcid","floor":13.0,"key":"SMITH"},{"data":"Slimebound:LevelUp","floor":15.0,"key":"SMITH"},{"data":"Slimebound:LevelUp","floor":24.0,"key":"SMITH"},{"data":"Slimebound:Recycling","floor":29.0,"key":"SMITH"},{"data":"Slimebound:SplitAcid","floor":32.0,"key":"SMITH"},{"data":"Slimebound:CheckThePlaybook","floor":40,"key":"SMITH"},{"data":"Slimebound:SuperSplit","floor":47,"key":"SMITH"},{"data":"Slimebound:RainOfGoop","floor":49,"key":"SMITH"}],"neow_cost":"","seed_source_timestamp":311318571621,"circlet_count":0,"master_deck":["Slimebound:Strike_Slimebound+1","Slimebound:Strike_Slimebound+1","Slimebound:Defend_Slimebound","Slimebound:Defend_Slimebound","Slimebound:Defend_Slimebound","Slimebound:Defend_Slimebound","Slimebound:Split+1","Slimebound:CorrosiveSpit+1","Slimebound:WasteNot","Slimebound:SlimeTap","Slimebound:MegaLick","Slimebound:PoisonLick","Slimebound:PressTheAttack+1","Slimebound:HauntingLick","Slimebound:ItLooksTasty+1","Slimebound:DisruptingSlam+1","Slimebound:SplitAcid+1","Slimebound:LevelUp+1","Slimebound:CheckThePlaybook+1","Slimebound:LevelUp+1","Sadistic Nature","Slimebound:SplitAcid+1","Slimebound:FormOfPuddle+1","Slimebound:Recycling+1","Slimebound:SpikyOuterGoop","Slimebound:DisruptingSlam+1","Slimebound:Overexert","Slimebound:Dissolve","Slimebound:SlimeSpikes+1","Slimebound:FormABlockade","Slimebound:PoisonLick","Slimebound:FormOfPuddle+1","Slimebound:SuperSplit+1","Slimebound:SpikyOuterGoop+1","Slimebound:Prepare","Slimebound:RainOfGoop+1","Swift Strike+1"],"special_seed":0,"relics":["Slimebound:AbsorbEndCombat","Molten Egg 2","Slimebound:GreedOozeRelic","Thread and Needle","Anchor","Black Star","Whetstone","Bottled Flame","Peace Pipe","PreservedInsect","Meat on the Bone","Coffee Dripper","Slimebound:MaxSlimesRelic","Vajra","Ornamental Fan","Shuriken","Regal Pillow","Boot"],"potions_floor_usage":[39,50,50],"damage_taken":[{"damage":3.0,"enemies":"Small Slimes","floor":1.0,"turns":4.0},{"damage":8.0,"enemies":"2 Louse","floor":3.0,"turns":3.0},{"damage":3.0,"enemies":"Jaw Worm","floor":4.0,"turns":3.0},{"damage":4.0,"enemies":"Lots of Slimes","floor":5.0,"turns":4.0},{"damage":9.0,"enemies":"Lagavulin","floor":6.0,"turns":4.0},{"damage":8.0,"enemies":"Gremlin Gang","floor":8.0,"turns":2.0},{"damage":3.0,"enemies":"Looter","floor":11.0,"turns":2.0},{"damage":0.0,"enemies":"Lots of Slimes","floor":12.0,"turns":2.0},{"damage":0.0,"enemies":"3 Louse","floor":14.0,"turns":1.0},{"damage":9.0,"enemies":"Slime Boss","floor":16.0,"turns":5.0},{"damage":12.0,"enemies":"2 Thieves","floor":18.0,"turns":3.0},{"damage":6.0,"enemies":"Shell Parasite","floor":21.0,"turns":3.0},{"damage":14.0,"enemies":"Snake Plant","floor":22.0,"turns":3.0},{"damage":51.0,"enemies":"Gremlin Leader","floor":23.0,"turns":4.0},{"damage":18.0,"enemies":"Book of Stabbing","floor":25.0,"turns":4.0},{"damage":6.0,"enemies":"3 Cultists","floor":28.0,"turns":3.0},{"damage":4.0,"enemies":"Sentry and Sphere","floor":30.0,"turns":3.0},{"damage":5.0,"enemies":"Centurion and Healer","floor":31.0,"turns":4.0},{"damage":27.0,"enemies":"Collector","floor":33.0,"turns":6.0},{"damage":24,"enemies":"3 Darklings","floor":35,"turns":4},{"damage":16,"enemies":"Orb Walker","floor":36,"turns":3},{"damage":22,"enemies":"3 Darklings","floor":39,"turns":3},{"damage":0,"enemies":"Nemesis","floor":41,"turns":5},{"damage":26,"enemies":"Sphere and 2 Shapes","floor":42,"turns":4},{"damage":20,"enemies":"Transient","floor":44,"turns":5},{"damage":15,"enemies":"Reptomancer","floor":45,"turns":4},{"damage":16,"enemies":"Spire Growth","floor":48,"turns":3},{"damage":54,"enemies":"Awakened One","floor":50,"turns":9}],"seed_played":"8087930431444773703","potions_obtained":[{"floor":1.0,"key":"Regen Potion"},{"floor":3.0,"key":"Regen Potion"},{"floor":5.0,"key":"Swift Potion"},{"floor":16.0,"key":"SteroidPotion"},{"floor":21.0,"key":"LiquidBronze"},{"floor":22.0,"key":"SkillPotion"},{"floor":23.0,"key":"Fire Potion"},{"floor":28.0,"key":"Fire Potion"},{"floor":31.0,"key":"FearPotion"},{"floor":33.0,"key":"Slimebound:SpawnSlimePotion"},{"floor":35,"key":"Block Potion"}],"is_trial":false,"path_per_floor":["M","?","M","M","M","E","R","M","T","R","M","M","R","M","R","B",null,"M","?","$","M","M","E","R","E","T","?","M","R","M","M","R","B",null,"M","M","?","$","M","R","E","M","T","M","E","$","R","M","R","B",null],"character_chosen":"SLIMEBOUND","items_purchased":["Molten Egg 2","Sadistic Nature","Slimebound:FormABlockade","Slimebound:PoisonLick","Slimebound:RainOfGoop","Slimebound:SlimedPotion","Swift Strike+1","Fire Potion"],"campfire_rested":0,"item_purchase_floors":[0,20,38,38,46,46,46,46],"current_hp_per_floor":[60,60,60,60,60,60,60,60,60,60,60,60,60,60,60,60,60,60,50,50,59,57,60,60,65,65,65,65,65,65,65,65,62,65,63,65,65,65,60,60,65,64,64,65,65,65,65,61,61,65],"gold":35,"neow_bonus":"","is_prod":false,"is_daily":false,"chose_seed":false,"campfire_upgraded":10,"win_rate":0.0,"timestamp":1547179674,"path_taken":["M","?","M","M","M","E","R","M","T","R","M","M","R","M","R","BOSS","M","?","$","M","M","E","R","E","T","?","M","R","?","M","R","BOSS","M","?","?","$","?","R","E","M","T","M","E","$","R","M","R","BOSS"],"build_version":"2019-01-03v4","purchased_purges":0,"victory":true,"max_hp_per_floor":[60,60,60,60,60,60,60,60,60,60,60,60,60,60,60,60,60,60,65,65,65,65,65,65,65,65,65,65,65,65,65,65,65,65,65,65,65,65,65,65,65,65,65,65,65,65,65,65,65,65],"card_choices":[{"not_picked":["Slimebound:HauntingLick","Slimebound:SlimeSpikes"],"picked":"Slimebound:SlimeTap","floor":1.0},{"not_picked":["Slimebound:HauntingLick","Slimebound:LeechEnergy+1"],"picked":"Slimebound:MegaLick","floor":3.0},{"not_picked":["Slimebound:FormABlockade","Slimebound:RollThrough+1"],"picked":"Slimebound:PoisonLick","floor":4.0},{"not_picked":["Slimebound:FormABlockade","Slimebound:FormOfPuddle"],"picked":"Slimebound:PressTheAttack+1","floor":5.0},{"not_picked":["Slimebound:PoisonLick","Slimebound:FormOfPuddle"],"picked":"Slimebound:HauntingLick","floor":6.0},{"not_picked":["Slimebound:PressTheAttack+1","Slimebound:GoopSpray"],"picked":"Slimebound:ItLooksTasty+1","floor":8.0},{"not_picked":["Slimebound:Recollect","Slimebound:LeechLife+1"],"picked":"Slimebound:DisruptingSlam+1","floor":11.0},{"not_picked":["Slimebound:SamplingLick","Slimebound:PoisonLick"],"picked":"Slimebound:SplitAcid","floor":12.0},{"not_picked":["Slimebound:DivideAndConquer+1","Slimebound:FlameTackle+1"],"picked":"Slimebound:LevelUp","floor":14.0},{"not_picked":["Slimebound:AcidTongue","Slimebound:WasteNot"],"picked":"Slimebound:CheckThePlaybook","floor":16.0},{"not_picked":["Slimebound:RainOfGoop","Slimebound:AcidGelatin"],"picked":"Slimebound:LevelUp","floor":18.0},{"not_picked":["Slimebound:SplitBruiser","Slimebound:ProtectTheBoss+1","Slimebound:GoopSpray"],"picked":"SKIP","floor":21.0},{"not_picked":["Slimebound:SplitLeeching","Slimebound:PoisonLick+1"],"picked":"Slimebound:SplitAcid","floor":22.0},{"not_picked":["Slimebound:RollThrough+1","Slimebound:GoopSpray"],"picked":"Slimebound:FormOfPuddle+1","floor":23.0},{"not_picked":["Slimebound:SlimeSpikes","Slimebound:RejuvenatingLick"],"picked":"Slimebound:Recycling","floor":25.0},{"not_picked":["Slimebound:VenomTackle+1","Slimebound:RollThrough+1","Slimebound:SplitLeeching"],"picked":"SKIP","floor":28.0},{"not_picked":["Slimebound:ComboTackle+1","Slimebound:PoisonLick"],"picked":"Slimebound:SpikyOuterGoop","floor":30.0},{"not_picked":["Slimebound:Grow","Slimebound:ViciousTackle+1"],"picked":"Slimebound:DisruptingSlam+1","floor":31.0},{"not_picked":["Slimebound:SuperSplit","Slimebound:WasteNot"],"picked":"Slimebound:Overexert","floor":33.0},{"not_picked":["Slimebound:FlameTackle+1","Slimebound:FirmFortitude"],"picked":"Slimebound:Dissolve","floor":35},{"not_picked":["Slimebound:Grow","Slimebound:VenomTackle+1"],"picked":"Slimebound:SlimeSpikes+1","floor":36},{"not_picked":["Slimebound:DivideAndConquer+1","Slimebound:MegaLick+1"],"picked":"Slimebound:FormOfPuddle+1","floor":39},{"not_picked":["Slimebound:QuickStudy+1","Slimebound:RejuvenatingLick+1"],"picked":"Slimebound:SuperSplit","floor":41},{"not_picked":["Slimebound:ProtectTheBoss","Slimebound:GoopSpray","Slimebound:SplitBruiser+1"],"picked":"SKIP","floor":42},{"not_picked":["Slimebound:ProtectTheBoss","Slimebound:SplitLeeching+1"],"picked":"Slimebound:SpikyOuterGoop+1","floor":44},{"not_picked":["Slimebound:GoopTackle+1","Slimebound:DivideAndConquer+1"],"picked":"Slimebound:Prepare","floor":45},{"not_picked":["Slimebound:SplitBruiser","Slimebound:RejuvenatingLick","Slimebound:SplitLeeching"],"picked":"SKIP","floor":48}],"player_experience":223708,"relics_obtained":[{"floor":6.0,"key":"Thread and Needle"},{"floor":9.0,"key":"Anchor"},{"floor":23.0,"key":"Whetstone"},{"floor":23.0,"key":"Bottled Flame"},{"floor":25.0,"key":"Peace Pipe"},{"floor":25.0,"key":"PreservedInsect"},{"floor":26.0,"key":"Meat on the Bone"},{"floor":41,"key":"Vajra"},{"floor":41,"key":"Ornamental Fan"},{"floor":43,"key":"Shuriken"},{"floor":45,"key":"Regal Pillow"},{"floor":45,"key":"Boot"}],"event_choices":[{"damage_healed":0.0,"max_hp_gain":5.0,"max_hp_loss":0.0,"gold_gain":0.0,"event_name":"Forgotten Altar","player_choice":"Shed Blood","floor":19.0,"gold_loss":0.0,"damage_taken":15.0},{"cards_removed":["Slimebound:Strike_Slimebound"],"damage_healed":0.0,"max_hp_gain":0.0,"max_hp_loss":0.0,"gold_gain":0.0,"event_name":"Purifier","player_choice":"Purged","floor":27.0,"gold_loss":0.0,"damage_taken":0.0},{"damage_healed":0,"gold_gain":0,"player_choice":"Gave Potion","damage_taken":0,"relics_obtained":["Slimebound:MaxSlimesRelic"],"max_hp_gain":0,"max_hp_loss":0,"event_name":"WeMeetAgain","floor":37,"gold_loss":0}],"is_beta":false,"boss_relics":[{"not_picked":["Velvet Choker","Sozu"],"picked":"Black Star"},{"not_picked":["Empty Cage","Runic Dome"],"picked":"Coffee Dripper"}],"items_purged_floors":[],"is_endless":false,"potions_floor_spawned":[1,3,5,6,16,21,22,23,28,31,33,35,48],"ascension_level":0}