{"gold_per_floor":[110,41,41,41,58,85,85,111,161,161,161,161,161,172,172,267,267,277,293,47,76,175,200,200],"floor_reached":24,"playtime":1360,"items_purged":[],"score":319,"play_id":"2e70d600-764c-4b8f-a16f-58227baf7d6d","local_time":"20190424150823","is_ascension_mode":true,"campfire_choices":[{"data":"Dualcast","floor":7.0,"key":"SMITH"},{"data":"Beam Cell","floor":10.0,"key":"SMITH"},{"data":"Auto Shields","floor":12.0,"key":"SMITH"},{"data":"Ball Lightning","floor":15.0,"key":"SMITH"}],"neow_cost":"NONE","seed_source_timestamp":1273276953053637,"circlet_count":0,"master_deck":["Strike_B","Strike_B","Strike_B","Strike_B","Defend_B","Defend_B","Defend_B+1","Defend_B","Zap+1","Dualcast+1","Beam Cell+1","Self Repair","Coolheaded","Auto Shields+1","Ball Lightning+1","Rainbow","Glacier+1","Reinforced Body","Gash","Sweeping Beam","Go for the Eyes","Cold Snap"],"special_seed":0,"relics":["Cracked Core","NeowsBlessing","Boot","Gremlin Horn","Blood Vial","White Beast Statue","Juzu Bracelet","Red Mask","Peace Pipe"],"potions_floor_usage":[21,21,23],"damage_taken":[{"damage":0.0,"enemies":"Cultist","floor":1.0,"turns":1.0},{"damage":0.0,"enemies":"Small Slimes","floor":5.0,"turns":1.0},{"damage":0.0,"enemies":"3 Sentries","floor":6.0,"turns":1.0},{"damage":22.0,"enemies":"Lagavulin","floor":8.0,"turns":7.0},{"damage":0.0,"enemies":"Jaw Worm","floor":14.0,"turns":3.0},{"damage":31.0,"enemies":"Hexaghost","floor":16.0,"turns":9.0},{"damage":18.0,"enemies":"Shell Parasite","floor":18.0,"turns":6.0},{"damage":17.0,"enemies":"3 Byrds","floor":19.0,"turns":5.0},{"damage":28,"enemies":"Masked Bandits","floor":21,"turns":5},{"damage":33,"enemies":"Book of Stabbing","floor":23,"turns":7}],"seed_played":"5320737964209832327","potions_obtained":[{"floor":5.0,"key":"Dexterity Potion"},{"floor":8.0,"key":"AttackPotion"},{"floor":13.0,"key":"Fruit Juice"},{"floor":13.0,"key":"Strength Potion"},{"floor":18.0,"key":"SpeedPotion"},{"floor":19,"key":"Dexterity Potion"},{"floor":21,"key":"Poison Potion"},{"floor":23,"key":"FocusPotion"}],"is_trial":false,"path_per_floor":["M","$","?","?","M","E","R","E","T","R","?","R","?","M","R","B",null,"M","M","$","?","?","E","?"],"character_chosen":"DEFECT","items_purchased":["Self Repair","Gash","Sweeping Beam","Juzu Bracelet"],"campfire_rested":0,"item_purchase_floors":[2,20,20,20],"current_hp_per_floor":[75,75,80,64,64,64,64,49,49,49,49,49,54,63,63,41,85,74,66,66,47,47,16,0],"gold":200,"neow_bonus":"THREE_ENEMY_KILL","is_prod":false,"is_daily":false,"chose_seed":false,"campfire_upgraded":4,"win_rate":0,"timestamp":1556143703,"path_taken":["M","$","?","?","M","E","R","E","T","R","?","R","?","?","R","BOSS","M","M","$","?","?","E","?"],"build_version":"2019-01-23","purchased_purges":0,"victory":false,"max_hp_per_floor":[75,75,80,80,80,80,80,80,80,80,80,80,85,85,85,85,85,85,85,85,85,85,85,90],"card_choices":[{"not_picked":["Rebound","Leap"],"picked":"Beam Cell","floor":1.0},{"not_picked":["Steam","Scrape"],"picked":"Coolheaded","floor":5.0},{"not_picked":["Hologram","Hyperbeam"],"picked":"Auto Shields","floor":6.0},{"not_picked":["Heatsinks","Compile Driver","Melter"],"picked":"SKIP","floor":8.0},{"not_picked":["Melter","Turbo"],"picked":"Ball Lightning","floor":14.0},{"not_picked":["Biased Cognition","Echo Form"],"picked":"Rainbow","floor":16.0},{"not_picked":["Compile Driver","Fusion"],"picked":"Glacier+1","floor":18.0},{"not_picked":["Rebound","Fusion+1"],"picked":"Reinforced Body","floor":19},{"not_picked":["Double Energy","BootSequence+1"],"picked":"Go for the Eyes","floor":21},{"not_picked":["Hologram+1","Compile Driver"],"picked":"Cold Snap","floor":23}],"player_experience":474989,"relics_obtained":[{"floor":6.0,"key":"Boot"},{"floor":8.0,"key":"Gremlin Horn"},{"floor":9.0,"key":"Blood Vial"},{"floor":21,"key":"Red Mask"},{"floor":23,"key":"Peace Pipe"}],"event_choices":[{"damage_healed":0.0,"max_hp_gain":5.0,"max_hp_loss":0.0,"gold_gain":0.0,"event_name":"Big Fish","player_choice":"Donut","floor":3.0,"gold_loss":0.0,"damage_taken":0.0},{"damage_healed":0.0,"max_hp_gain":0.0,"max_hp_loss":0.0,"gold_gain":0.0,"event_name":"Shining Light","player_choice":"Entered Light","floor":4.0,"gold_loss":0.0,"damage_taken":16.0,"cards_upgraded":["Defend_B","Zap"]},{"damage_healed":0.0,"max_hp_gain":0.0,"max_hp_loss":0.0,"gold_gain":0.0,"event_name":"Liars Game","player_choice":"Ignored","floor":11.0,"gold_loss":0.0,"damage_taken":0.0},{"damage_healed":0.0,"max_hp_gain":0.0,"max_hp_loss":0.0,"gold_gain":0.0,"event_name":"Lab","player_choice":"Got Potions","floor":13.0,"gold_loss":0.0,"damage_taken":0.0},{"damage_healed":0,"gold_gain":0,"player_choice":"Fought Bandits","damage_taken":0,"max_hp_gain":0,"max_hp_loss":0,"event_name":"Masked Bandits","floor":21,"gold_loss":0},{"damage_healed":0,"gold_gain":99,"player_choice":"Stole From Cult","damage_taken":0,"max_hp_gain":0,"max_hp_loss":0,"event_name":"Nest","floor":22,"gold_loss":0}],"is_beta":false,"boss_relics":[{"not_picked":["Snecko Eye","Sozu"],"picked":"White Beast Statue"}],"items_purged_floors":[],"is_endless":false,"potions_floor_spawned":[5,8,18,19,21,23],"ascension_level":4}