{"gold_per_floor":[112,112,137,161,12,12,51,51,76,76,90,125,148,48,48,174,174,193,193,212,232,232,232],"floor_reached":23,"playtime":1232,"items_purged":["Injury","Strike_B"],"score":246,"play_id":"403473ba-4ec9-4d85-ba55-4d804a9b154f","local_time":"20181125160301","is_ascension_mode":true,"campfire_choices":[{"data":"Madness","floor":6,"key":"SMITH"},{"data":"Dualcast","floor":8,"key":"SMITH"},{"data":"Multi-Cast","floor":15,"key":"SMITH"}],"neow_cost":"NONE","seed_source_timestamp":54707127378067,"circlet_count":0,"master_deck":["Zap","Dualcast+1","Madness+1","Doom and Gloom","Self Repair","Hello World","FTL+1","Multi-Cast+1","Undo","Streamline","Beam Cell","Seek","Conserve Battery","Loop","Conserve Battery","Steam","Self Repair","Barrage","Coolheaded","Redo","Bite","Bite","Bite","Bite","Bite"],"relics":["Cracked Core","Golden Idol","Lantern","Whetstone","Pen Nib","Pandora\u0027s Box"],"potions_floor_usage":[4,4,7,12,23],"damage_taken":[{"damage":4,"enemies":"Jaw Worm","floor":1,"turns":3},{"damage":0,"enemies":"Small Slimes","floor":3,"turns":3},{"damage":0,"enemies":"2 Louse","floor":4,"turns":1},{"damage":17,"enemies":"Lagavulin","floor":7,"turns":6},{"damage":16,"enemies":"Blue Slaver","floor":11,"turns":3},{"damage":18,"enemies":"Gremlin Nob","floor":12,"turns":3},{"damage":4,"enemies":"Red Slaver","floor":13,"turns":2},{"damage":27,"enemies":"Hexaghost","floor":16,"turns":9},{"damage":9,"enemies":"Shell Parasite","floor":18,"turns":5},{"damage":24,"enemies":"3 Byrds","floor":20,"turns":5},{"damage":24,"enemies":"Centurion and Healer","floor":21,"turns":6},{"damage":72,"enemies":"Book of Stabbing","floor":23,"turns":6}],"seed_played":"4572052688360472610","potions_obtained":[{"floor":1,"key":"Explosive Potion"},{"floor":3,"key":"SkillPotion"},{"floor":4,"key":"Fruit Juice"},{"floor":11,"key":"Fire Potion"},{"floor":20,"key":"Strength Potion"},{"floor":21,"key":"SteroidPotion"}],"is_trial":false,"path_per_floor":["M","?","M","M","$","R","E","R","T","?","M","E","M","$","R","B",null,"M","?","M","M","?","E"],"character_chosen":"DEFECT","items_purchased":["FTL"],"campfire_rested":0,"item_purchase_floors":[5],"current_hp_per_floor":[71,71,71,76,76,76,66,66,66,71,62,44,40,40,40,13,85,85,85,75,58,58,0],"gold":232,"neow_bonus":"RANDOM_COLORLESS","is_prod":false,"is_daily":false,"chose_seed":false,"campfire_upgraded":3,"win_rate":0,"timestamp":1543161781,"path_taken":["M","?","M","M","$","R","E","R","T","?","M","E","M","?","R","BOSS","M","?","M","M","?","E"],"build_version":"2018-11-15","purchased_purges":2,"victory":false,"max_hp_per_floor":[75,75,75,80,80,80,80,80,80,85,85,85,85,85,85,85,85,85,85,85,85,59,59],"card_choices":[{"not_picked":["Force Field","Undo"],"picked":"Doom and Gloom","floor":1},{"not_picked":["Aggregate","Genetic Algorithm"],"picked":"Self Repair","floor":3},{"not_picked":["Sweeping Beam","Compile Driver"],"picked":"Hello World","floor":4},{"not_picked":["Aggregate","Fission"],"picked":"Multi-Cast","floor":7},{"not_picked":["Beam Cell","Barrage"],"picked":"Undo","floor":11},{"not_picked":["Rebound","Barrage"],"picked":"Streamline","floor":12},{"not_picked":["Barrage","Turbo"],"picked":"Beam Cell","floor":13},{"not_picked":["Core Surge","Buffer"],"picked":"Seek","floor":16},{"not_picked":["Conserve Battery+1","Cold Snap"],"picked":"Redo","floor":18},{"not_picked":["Coolheaded+1","Gash","Conserve Battery"],"picked":"SKIP","floor":20},{"not_picked":["Consume","Rebound","Turbo"],"picked":"SKIP","floor":21}],"player_experience":190318,"relics_obtained":[{"floor":7,"key":"Lantern"},{"floor":9,"key":"Whetstone"},{"floor":12,"key":"Pen Nib"}],"event_choices":[{"damage_healed":0,"gold_gain":0,"player_choice":"Take Wound","damage_taken":0,"relics_obtained":["Golden Idol"],"max_hp_gain":0,"max_hp_loss":0,"event_name":"Golden Idol","floor":2,"gold_loss":0,"cards_obtained":["Injury"]},{"damage_healed":0,"gold_gain":0,"player_choice":"Donut","damage_taken":0,"max_hp_gain":5,"max_hp_loss":0,"event_name":"Big Fish","floor":10,"gold_loss":0},{"damage_healed":0,"gold_gain":0,"player_choice":"Ignored","damage_taken":0,"max_hp_gain":0,"max_hp_loss":0,"event_name":"The Mausoleum","floor":19,"gold_loss":0},{"damage_healed":0,"gold_gain":0,"player_choice":"Became a vampire","damage_taken":0,"max_hp_gain":0,"max_hp_loss":26,"event_name":"Vampires","floor":22,"gold_loss":0,"cards_obtained":["Bite","Bite","Bite","Bite","Bite"]}],"is_beta":true,"boss_relics":[{"not_picked":["Empty Cage","Lizard Tail"],"picked":"Pandora\u0027s Box"}],"items_purged_floors":[5,14],"is_endless":false,"potions_floor_spawned":[1,3,4,11,20,21],"killed_by":"Book of Stabbing","ascension_level":2}