{"gold_per_floor":[112,130,140,140,160,190,205,205,228,228,242,253,271,118,118,215,215,226,226,253,268,284,31,31,41,96,126,126,126],"floor_reached":29,"playtime":2101,"items_purged":["Setup","Defend_G"],"score":384,"play_id":"150916e7-7f05-42f3-990e-d2d77ee50d1e","local_time":"20190306142934","is_ascension_mode":true,"campfire_choices":[{"data":"Cloak And Dagger","floor":8.0,"key":"SMITH"},{"data":"Blade Dance","floor":10.0,"key":"SMITH"},{"floor":15,"key":"REST"},{"data":"Accuracy","floor":24,"key":"SMITH"}],"neow_cost":"NONE","seed_source_timestamp":1830232741241627,"circlet_count":0,"master_deck":["Defend_G","Defend_G","Defend_G","Defend_G","Strike_G","Strike_G","Strike_G","Strike_G","Survivor","Neutralize+1","Sucker Punch","Blade Dance+1","Cloak And Dagger+1","Flying Knee+1","Skewer","Caltrops","Caltrops","Infinite Blades","Grand Finale","Cloak And Dagger","Accuracy+1","Die Die Die","Dash","Acrobatics","Writhe"],"special_seed":0,"relics":["Ring of the Snake","NeowsBlessing","Ornamental Fan","Whetstone","White Beast Statue","Enchiridion","Red Mask","PreservedInsect","Pen Nib","Regal Pillow","Bronze Scales"],"potions_floor_usage":[16,16,20,20,22,27,27,27,29],"damage_taken":[{"damage":0.0,"enemies":"Cultist","floor":1.0,"turns":1.0},{"damage":0.0,"enemies":"Jaw Worm","floor":2.0,"turns":1.0},{"damage":0.0,"enemies":"2 Louse","floor":3.0,"turns":1.0},{"damage":9.0,"enemies":"Large Slime","floor":5.0,"turns":11.0},{"damage":30.0,"enemies":"3 Sentries","floor":6.0,"turns":11.0},{"damage":0.0,"enemies":"2 Fungi Beasts","floor":7.0,"turns":3.0},{"damage":4.0,"enemies":"Exordium Wildlife","floor":11.0,"turns":5.0},{"damage":0.0,"enemies":"Red Slaver","floor":12.0,"turns":3.0},{"damage":0.0,"enemies":"Lots of Slimes","floor":13.0,"turns":1.0},{"damage":8,"enemies":"Slime Boss","floor":16,"turns":11},{"damage":0,"enemies":"3 Byrds","floor":18,"turns":6},{"damage":13,"enemies":"Masked Bandits","floor":20,"turns":6},{"damage":2,"enemies":"Shell Parasite","floor":21,"turns":6},{"damage":5,"enemies":"Centurion and Healer","floor":22,"turns":4},{"damage":18,"enemies":"3 Cultists","floor":25,"turns":4},{"damage":0,"enemies":"Gremlin Leader","floor":27,"turns":5},{"damage":10,"enemies":"Slavers","floor":29,"turns":1}],"seed_played":"7913730894671382868","potions_obtained":[{"floor":5.0,"key":"Dexterity Potion"},{"floor":6.0,"key":"Explosive Potion"},{"floor":7.0,"key":"Explosive Potion"},{"floor":12.0,"key":"Fire Potion"},{"floor":16,"key":"GhostInAJar"},{"floor":18,"key":"SkillPotion"},{"floor":20,"key":"Strength Potion"},{"floor":21,"key":"Poison Potion"},{"floor":22,"key":"Explosive Potion"},{"floor":25,"key":"Strength Potion"},{"floor":27,"key":"SkillPotion"}],"is_trial":false,"path_per_floor":["M","M","M","?","M","E","M","R","T","R","M","M","M","$","R","B",null,"M","?","?","M","M","$","R","M","T","E","?","E"],"character_chosen":"THE_SILENT","items_purchased":["Infinite Blades","PreservedInsect"],"campfire_rested":1,"item_purchase_floors":[14,23],"current_hp_per_floor":[63,63,63,63,54,24,24,24,24,24,20,20,20,20,41,33,61,61,45,32,30,25,25,25,7,7,7,7,0],"gold":126,"neow_bonus":"THREE_ENEMY_KILL","is_prod":false,"is_daily":false,"chose_seed":false,"campfire_upgraded":3,"win_rate":0,"timestamp":1551911374,"path_taken":["M","M","?","?","M","E","?","R","T","R","M","M","M","$","R","BOSS","M","?","?","M","M","$","R","M","T","E","?","E"],"build_version":"2019-01-23","purchased_purges":2,"victory":false,"max_hp_per_floor":[70,70,70,70,70,70,70,70,70,70,70,70,70,70,70,70,70,70,70,70,70,70,70,70,70,70,70,70,70],"card_choices":[{"not_picked":["Slice","Choke"],"picked":"Sucker Punch","floor":1.0},{"not_picked":["Leg Sweep","Underhanded Strike"],"picked":"Blade Dance","floor":2.0},{"not_picked":["Masterful Stab","Outmaneuver"],"picked":"Cloak And Dagger","floor":3.0},{"not_picked":["Backflip","Predator"],"picked":"Flying Knee","floor":5.0},{"not_picked":["Terror","Calculated Gamble"],"picked":"Skewer","floor":6.0},{"not_picked":["Doppelganger","Sucker Punch","All Out Attack"],"picked":"SKIP","floor":7.0},{"not_picked":["Endless Agony","Flying Knee"],"picked":"Caltrops","floor":11.0},{"not_picked":["Noxious Fumes","Sucker Punch"],"picked":"Caltrops","floor":12.0},{"not_picked":["Riddle With Holes","Poisoned Stab","PiercingWail"],"picked":"SKIP","floor":13.0},{"not_picked":["Glass Knife","Burst"],"picked":"Grand Finale","floor":16},{"not_picked":["Outmaneuver","Choke","Tactician+1"],"picked":"SKIP","floor":18},{"not_picked":["Outmaneuver","All Out Attack+1"],"picked":"Cloak And Dagger","floor":20},{"not_picked":["Predator","Blade Dance"],"picked":"Accuracy","floor":21},{"not_picked":["Catalyst","Deadly Poison"],"picked":"Die Die Die","floor":22},{"not_picked":["Cloak And Dagger","Deadly Poison"],"picked":"Dash","floor":25},{"not_picked":["Tactician+1","Poisoned Stab+1"],"picked":"Acrobatics","floor":27}],"player_experience":416778,"relics_obtained":[{"floor":6.0,"key":"Ornamental Fan"},{"floor":9.0,"key":"Whetstone"},{"floor":19,"key":"Enchiridion"},{"floor":20,"key":"Red Mask"},{"floor":26,"key":"Pen Nib"},{"floor":27,"key":"Regal Pillow"}],"event_choices":[{"damage_healed":0.0,"max_hp_gain":0.0,"max_hp_loss":0.0,"gold_gain":0.0,"cards_transformed":["Strike_G"],"event_name":"Transmorgrifier","player_choice":"Transformed","floor":4.0,"gold_loss":0.0,"damage_taken":0.0,"cards_obtained":["Setup"]},{"damage_healed":0,"gold_gain":0,"player_choice":"Obtained Book","damage_taken":16,"max_hp_gain":0,"max_hp_loss":0,"event_name":"Cursed Tome","floor":19,"gold_loss":0},{"damage_healed":0,"gold_gain":0,"player_choice":"Fought Bandits","damage_taken":0,"max_hp_gain":0,"max_hp_loss":0,"event_name":"Masked Bandits","floor":20,"gold_loss":0},{"damage_healed":0,"gold_gain":0,"player_choice":"Opened","damage_taken":0,"relics_obtained":["Bronze Scales"],"max_hp_gain":0,"max_hp_loss":0,"event_name":"The Mausoleum","floor":28,"gold_loss":0,"cards_obtained":["Writhe"]}],"is_beta":false,"boss_relics":[{"not_picked":["Ectoplasm","Ring of the Serpent"],"picked":"White Beast Statue"}],"items_purged_floors":[14,23],"is_endless":false,"potions_floor_spawned":[5,6,7,12,16,18,20,21,22,25,27],"killed_by":"Slavers","ascension_level":8}