{"gold_per_floor":[118,2,2,2,20,53,53,72,72,72,106,106,36,56,56,161,161,172,189,207,207,221,221],"floor_reached":23,"playtime":2378,"items_purged":[],"score":305,"play_id":"3fea1cff-bcc1-46b1-a5cf-df054895dc88","local_time":"20181229211549","is_ascension_mode":true,"campfire_choices":[{"data":"Zap","floor":7.0,"key":"SMITH"},{"data":"Streamline","floor":12.0,"key":"SMITH"},{"data":"Dualcast","floor":15.0,"key":"SMITH"}],"neow_cost":"NONE","seed_source_timestamp":0,"circlet_count":0,"master_deck":["Strike_B","Strike_B","Strike_B","Strike_B","Defend_B","Defend_B","Defend_B","Defend_B","Zap+1","Dualcast+1","Undo","Hologram","Streamline+1","Melter+1","Cold Snap+1","Capacitor+1","Capacitor+1","Force Field","Creative AI+1","FTL+1","Skim","Cold Snap+1","Pain","Leap+1"],"special_seed":0,"relics":["Cracked Core","NeowsBlessing","Frozen Egg 2","Molten Egg 2","Symbiotic Virus","Letter Opener","Kunai","Nuclear Battery","WarpedTongs"],"potions_floor_usage":[20],"damage_taken":[{"damage":0.0,"enemies":"Cultist","floor":1.0,"turns":1.0},{"damage":0.0,"enemies":"Small Slimes","floor":5.0,"turns":1.0},{"damage":0.0,"enemies":"Gremlin Nob","floor":6.0,"turns":1.0},{"damage":2.0,"enemies":"Jaw Worm","floor":8.0,"turns":2.0},{"damage":15.0,"enemies":"Lagavulin","floor":11.0,"turns":5.0},{"damage":5.0,"enemies":"Gremlin Gang","floor":14.0,"turns":3.0},{"damage":6.0,"enemies":"Hexaghost","floor":16.0,"turns":8.0},{"damage":0.0,"enemies":"Spheric Guardian","floor":18.0,"turns":1.0},{"damage":9.0,"enemies":"2 Thieves","floor":19.0,"turns":4.0},{"damage":20,"enemies":"Chosen and Byrds","floor":20,"turns":6},{"damage":12,"enemies":"Snake Plant","floor":22,"turns":3},{"damage":28,"enemies":"Book of Stabbing","floor":23,"turns":2}],"seed_played":"3354021006707217711","potions_obtained":[{"floor":6.0,"key":"SteroidPotion"},{"floor":11.0,"key":"FocusPotion"},{"floor":16.0,"key":"Swift Potion"},{"floor":20,"key":"FocusPotion"},{"floor":22,"key":"EssenceOfSteel"}],"is_trial":false,"path_per_floor":["M","$","?","?","M","E","R","M","T","T","E","R","$","M","R","B",null,"M","M","?","M","E"],"character_chosen":"DEFECT","items_purchased":["Defragment","Hologram","Capacitor+1"],"campfire_rested":0,"item_purchase_floors":[2,2,13],"current_hp_per_floor":[68,68,68,68,68,68,68,66,66,66,51,51,51,46,46,40,66,66,57,37,37,25,0],"gold":221,"neow_bonus":"THREE_ENEMY_KILL","is_prod":false,"is_daily":false,"chose_seed":false,"campfire_upgraded":3,"win_rate":0,"timestamp":1546146949,"path_taken":["M","?","?","?","M","E","R","?","T","?","E","R","?","M","R","BOSS","M","M","M","?","M","E"],"build_version":"2018-12-25","purchased_purges":0,"victory":false,"max_hp_per_floor":[75,75,75,75,75,75,75,75,75,75,75,75,75,75,75,75,75,75,75,75,75,75,75],"card_choices":[{"not_picked":["Steam","Compile Driver"],"picked":"Undo","floor":1.0},{"not_picked":["Turbo","Beam Cell"],"picked":"Streamline","floor":5.0},{"not_picked":["Turbo","BootSequence"],"picked":"Melter","floor":6.0},{"not_picked":["Sweeping Beam+1","Consume"],"picked":"Cold Snap+1","floor":8.0},{"not_picked":["Compile Driver+1","Leap"],"picked":"Capacitor+1","floor":11.0},{"not_picked":["Streamline+1","Recycle"],"picked":"Force Field","floor":14.0},{"not_picked":["Reboot","Amplify"],"picked":"Creative AI+1","floor":16.0},{"not_picked":["Barrage+1","Ball Lightning+1"],"picked":"FTL+1","floor":18.0},{"not_picked":["Steam Power","Beam Cell+1"],"picked":"Skim","floor":19.0},{"not_picked":["Barrage+1","Hyperbeam+1"],"picked":"Cold Snap+1","floor":20},{"not_picked":["Skim+1","Rebound+1"],"picked":"Leap+1","floor":22}],"player_experience":354625,"relics_obtained":[{"floor":6.0,"key":"Molten Egg 2"},{"floor":9.0,"key":"Symbiotic Virus"},{"floor":10.0,"key":"Letter Opener"},{"floor":11.0,"key":"Kunai"}],"event_choices":[{"damage_healed":0.0,"max_hp_gain":0.0,"max_hp_loss":0.0,"gold_gain":0.0,"event_name":"The Cleric","player_choice":"Leave","floor":3.0,"gold_loss":0.0,"damage_taken":0.0},{"cards_removed":["Defragment"],"damage_healed":0.0,"max_hp_gain":0.0,"max_hp_loss":0.0,"gold_gain":0.0,"event_name":"WeMeetAgain","player_choice":"Gave Card","floor":4.0,"gold_loss":0.0,"damage_taken":0.0,"relics_obtained":["Frozen Egg 2"]},{"damage_healed":0,"gold_gain":0,"player_choice":"Rummage","damage_taken":0,"relics_obtained":["WarpedTongs"],"max_hp_gain":0,"max_hp_loss":0,"event_name":"Accursed Blacksmith","floor":21,"gold_loss":0,"cards_obtained":["Pain"]}],"is_beta":true,"boss_relics":[{"not_picked":["Eternal Feather","White Beast Statue"],"picked":"Nuclear Battery"}],"items_purged_floors":[],"is_endless":false,"potions_floor_spawned":[6,11,16,20,22],"killed_by":"Book of Stabbing","ascension_level":7}