{"gold_per_floor":[119,138,138,148,167,195,195,195,221,231,249,424,394,427,427,523,523,497,509,526,544,544,544],"floor_reached":23,"playtime":3927,"items_purged":[],"score":226,"play_id":"3b80862b-9272-428d-a3fa-6fb11dca567d","local_time":"20181111203642","is_ascension_mode":true,"campfire_choices":[{"data":"Defragment","floor":7,"key":"SMITH"},{"data":"Static Discharge","floor":15,"key":"SMITH"}],"neow_cost":"NONE","seed_source_timestamp":54861594180569,"circlet_count":0,"master_deck":["Strike_B","Strike_B","Strike_B","Defend_B","Defend_B","Defend_B","Defend_B","Zap+1","Dualcast","Glacier","Self Repair","Glacier","Stack","Defragment+1","Auto Shields","BootSequence","Doubt","Static Discharge+1","Fission","Turbo","Consume","Hologram"],"relics":["Cracked Core","Vajra","Bag of Preparation","Bag of Marbles","Busted Crown"],"potions_floor_usage":[6,6,16,16,16,20],"damage_taken":[{"damage":1,"enemies":"Cultist","floor":1,"turns":3},{"damage":0,"enemies":"Small Slimes","floor":2,"turns":2},{"damage":2,"enemies":"Jaw Worm","floor":4,"turns":5},{"damage":0,"enemies":"Large Slime","floor":5,"turns":10},{"damage":7,"enemies":"Lagavulin","floor":6,"turns":10},{"damage":34,"enemies":"Gremlin Gang","floor":10,"turns":6},{"damage":0,"enemies":"Exordium Wildlife","floor":11,"turns":7},{"damage":3,"enemies":"3 Sentries","floor":14,"turns":14},{"damage":28,"enemies":"Slime Boss","floor":16,"turns":15},{"damage":15,"enemies":"2 Thieves","floor":18,"turns":5},{"damage":0,"enemies":"Shell Parasite","floor":19,"turns":15},{"damage":44,"enemies":"Centurion and Healer","floor":20,"turns":31},{"damage":13,"enemies":"Snake Plant","floor":21,"turns":4},{"damage":34,"enemies":"Slavers","floor":23,"turns":3}],"seed_played":"-8212610891387085525","potions_obtained":[{"floor":4,"key":"PowerPotion"},{"floor":5,"key":"Poison Potion"},{"floor":11,"key":"Ancient Potion"},{"floor":13,"key":"Ancient Potion"},{"floor":13,"key":"PowerPotion"},{"floor":14,"key":"Fire Potion"},{"floor":19,"key":"FocusPotion"},{"floor":20,"key":"Energy Potion"}],"is_trial":false,"path_per_floor":["M","M","?","M","M","E","R","?","T","M","M","?","?","E","R","B",null,"M","M","M","M","?","E"],"character_chosen":"DEFECT","items_purchased":[],"campfire_rested":0,"item_purchase_floors":[],"current_hp_per_floor":[81,81,81,82,82,82,82,82,82,55,62,62,62,66,66,45,82,74,81,44,38,22,0],"gold":544,"neow_bonus":"TEN_PERCENT_HP_BONUS","is_prod":false,"is_daily":false,"chose_seed":false,"campfire_upgraded":2,"win_rate":0,"timestamp":1541997402,"path_taken":["M","M","?","?","M","E","R","?","T","?","M","?","?","E","R","BOSS","M","M","M","?","?","E"],"build_version":"2018-11-08","purchased_purges":0,"victory":false,"max_hp_per_floor":[82,82,82,82,82,82,82,82,82,82,82,82,82,82,82,82,82,82,82,82,82,87,87],"card_choices":[{"not_picked":["Gash","Cold Snap"],"picked":"Glacier","floor":1},{"not_picked":["Rebound","Undo"],"picked":"Self Repair","floor":2},{"not_picked":["Beam Cell","Gash"],"picked":"Glacier","floor":4},{"not_picked":["Conserve Battery","Glacier"],"picked":"Stack","floor":5},{"not_picked":["Stack","Turbo"],"picked":"Defragment","floor":6},{"not_picked":["Compile Driver","Ball Lightning"],"picked":"Auto Shields","floor":10},{"not_picked":["Compile Driver","Stack"],"picked":"BootSequence","floor":11},{"not_picked":["Skim","Gash"],"picked":"Static Discharge","floor":14},{"not_picked":["All For One","Hyperbeam"],"picked":"Fission","floor":16},{"not_picked":[],"picked":"Turbo","floor":18},{"not_picked":["Steam+1"],"picked":"SKIP","floor":19},{"not_picked":[],"picked":"Consume","floor":20},{"not_picked":[],"picked":"Hologram","floor":21}],"player_experience":222665,"relics_obtained":[{"floor":6,"key":"Vajra"},{"floor":9,"key":"Bag of Preparation"},{"floor":14,"key":"Bag of Marbles"}],"event_choices":[{"damage_healed":0,"gold_gain":0,"player_choice":"Upgraded","damage_taken":0,"max_hp_gain":0,"max_hp_loss":0,"event_name":"Upgrade Shrine","floor":3,"gold_loss":0,"cards_upgraded":["Zap"]},{"cards_removed":["Strike_B"],"damage_healed":0,"gold_gain":0,"player_choice":"Purged","damage_taken":0,"max_hp_gain":0,"max_hp_loss":0,"event_name":"Purifier","floor":8,"gold_loss":0},{"damage_healed":0,"gold_gain":175,"player_choice":"AGREE","damage_taken":0,"max_hp_gain":0,"max_hp_loss":0,"event_name":"Liars Game","floor":12,"gold_loss":0,"cards_obtained":["Doubt"]},{"damage_healed":0,"gold_gain":0,"player_choice":"Bought 2 Potions","damage_taken":0,"max_hp_gain":0,"max_hp_loss":0,"event_name":"The Woman in Blue","floor":13,"gold_loss":0},{"damage_healed":0,"gold_gain":0,"player_choice":"Shed Blood","damage_taken":21,"max_hp_gain":5,"max_hp_loss":0,"event_name":"Forgotten Altar","floor":22,"gold_loss":0}],"is_beta":true,"boss_relics":[{"not_picked":["Runic Dome","Runic Pyramid"],"picked":"Busted Crown"}],"items_purged_floors":[],"is_endless":false,"potions_floor_spawned":[4,5,11,14,19,20],"killed_by":"Slavers","ascension_level":2}