{"gold_per_floor":[113,128,128,185,201,201,227,239,263,117,152,170,170,196,196,293,293,312,330,330,340,367,367,402,402,402,418,31,31,31,62,62,166,166,176,51,64,64,64,64,98,98,398,408,408,419,8,34,34,34],"floor_reached":51,"playtime":4738,"items_purged":["Strike_B","Regret","Injury","Doubt"],"score":721,"play_id":"8828c965-a159-4309-a21f-32623ec8a6da","local_time":"20190514133822","is_ascension_mode":false,"campfire_choices":[{"data":"Hologram","floor":6.0,"key":"SMITH"},{"floor":13.0,"key":"REST"},{"data":"Dualcast","floor":15.0,"key":"SMITH"},{"data":"Creative AI","floor":23.0,"key":"SMITH"},{"floor":25.0,"key":"REST"},{"floor":30.0,"key":"REST"},{"floor":32.0,"key":"REST"},{"data":"Zap","floor":40.0,"key":"SMITH"},{"data":"Darkness","floor":45.0,"key":"SMITH"},{"floor":49.0,"key":"REST"}],"neow_cost":"NONE","seed_source_timestamp":0,"circlet_count":0,"master_deck":["Strike_B+1","Strike_B+1","Strike_B+1","Defend_B","Defend_B","Defend_B","Defend_B","Zap+1","Dualcast+1","Hologram+1","Compile Driver","Darkness+1","Gash","Conserve Battery","Cold Snap+1","Stack","Conserve Battery","Self Repair","Creative AI+1","Blizzard+1","Redo","Double Energy+1","Double Energy","Auto Shields+1","Bandage Up+1","Go for the Eyes+1","Amplify+1","FTL+1","Hologram+1","Madness+1","Madness+1","Conserve Battery+1","Clumsy","Gash+1","Cold Snap+1","Secret Weapon+1","White Noise+1","Shame"],"special_seed":0,"relics":["FrozenCore","NeowsBlessing","Tiny Chest","Boot","Ancient Tea Set","Juzu Bracelet","Bag of Preparation","Cursed Key","MutagenicStrength","Whetstone","Regal Pillow","Toxic Egg 2","MealTicket","Pen Nib","Oddly Smooth Stone","Old Coin","Blood Vial"],"potions_floor_usage":[],"damage_taken":[{"damage":0.0,"enemies":"Jaw Worm","floor":1.0,"turns":1.0},{"damage":0.0,"enemies":"Cultist","floor":2.0,"turns":1.0},{"damage":0.0,"enemies":"Small Slimes","floor":5.0,"turns":1.0},{"damage":37.0,"enemies":"Gremlin Nob","floor":7.0,"turns":5.0},{"damage":1.0,"enemies":"Exordium Wildlife","floor":8.0,"turns":3.0},{"damage":4.0,"enemies":"3 Sentries","floor":11.0,"turns":8.0},{"damage":4.0,"enemies":"Blue Slaver","floor":12.0,"turns":3.0},{"damage":21.0,"enemies":"Slime Boss","floor":16.0,"turns":13.0},{"damage":17.0,"enemies":"Spheric Guardian","floor":18.0,"turns":4.0},{"damage":3.0,"enemies":"Shell Parasite","floor":19.0,"turns":6.0},{"damage":27.0,"enemies":"Snake Plant","floor":21.0,"turns":5.0},{"damage":38.0,"enemies":"Book of Stabbing","floor":24.0,"turns":6.0},{"damage":23.0,"enemies":"Chosen and Byrds","floor":27.0,"turns":6.0},{"damage":60.0,"enemies":"Gremlin Leader","floor":31.0,"turns":8.0},{"damage":41.0,"enemies":"Collector","floor":33.0,"turns":11.0},{"damage":53.0,"enemies":"3 Darklings","floor":35.0,"turns":7.0},{"damage":0.0,"enemies":"3 Shapes","floor":37.0,"turns":7.0},{"damage":45.0,"enemies":"Reptomancer","floor":41.0,"turns":10.0},{"damage":30.0,"enemies":"Spire Growth","floor":44.0,"turns":7.0},{"damage":55.0,"enemies":"Transient","floor":46.0,"turns":5.0},{"damage":78,"enemies":"Time Eater","floor":50,"turns":13}],"seed_played":"2583492430731380894","potions_obtained":[{"floor":5.0,"key":"AttackPotion"},{"floor":7.0,"key":"Explosive Potion"},{"floor":8.0,"key":"FocusPotion"},{"floor":11.0,"key":"FairyPotion"},{"floor":18.0,"key":"SkillPotion"},{"floor":33.0,"key":"Fire Potion"},{"floor":41.0,"key":"EssenceOfSteel"}],"is_trial":false,"path_per_floor":["M","M","?","T","M","R","E","M","T","$","E","M","R","T","R","B",null,"M","M","?","M","T","R","E","R","T","M","$","?","R","E","R","B",null,"M","$","M","?","?","R","E","?","T","M","R","M","$","T","R","B",null],"character_chosen":"DEFECT","items_purchased":["Cold Snap","Stack","Bandage Up+1","MealTicket","Secret Weapon+1","White Noise+1"],"campfire_rested":5,"item_purchase_floors":[10,10,28,28,47,47],"current_hp_per_floor":[75,75,60,60,60,60,23,22,22,22,18,14,36,36,36,22,75,65,69,69,49,49,49,18,55,55,39,39,39,75,28,65,37,75,42,57,70,70,61,61,29,75,75,52,52,10,25,25,62,7],"gold":34,"neow_bonus":"THREE_ENEMY_KILL","is_prod":false,"is_daily":false,"chose_seed":false,"campfire_upgraded":5,"win_rate":0.0,"timestamp":1557859102,"path_taken":["M","M","?","?","?","R","E","M","T","$","E","M","R","?","R","BOSS","M","M","?","M","?","R","E","R","T","M","$","?","R","E","R","BOSS","M","$","M","?","?","R","E","?","T","M","R","M","$","?","R","BOSS"],"build_version":"2019-01-23","purchased_purges":4,"victory":true,"max_hp_per_floor":[75,75,75,75,75,75,75,75,75,75,75,75,75,75,75,75,75,75,75,75,75,75,75,75,75,75,75,75,75,75,75,75,75,75,75,75,75,75,75,75,75,75,75,75,75,75,75,75,75,75],"card_choices":[{"not_picked":["Capacitor","Stack"],"picked":"Hologram","floor":1.0},{"not_picked":["Blizzard","Fusion"],"picked":"Compile Driver","floor":2.0},{"not_picked":["Skim","White Noise"],"picked":"Darkness","floor":5.0},{"not_picked":["Leap","Reprogram"],"picked":"Gash","floor":7.0},{"not_picked":["Barrage","Tempest"],"picked":"Conserve Battery","floor":8.0},{"not_picked":["Reprogram","Hello World"],"picked":"Conserve Battery","floor":11.0},{"not_picked":["Barrage","Ball Lightning"],"picked":"Self Repair","floor":12.0},{"not_picked":["Thunder Strike","Buffer"],"picked":"Creative AI","floor":16.0},{"not_picked":["Redo","Streamline"],"picked":"Blizzard+1","floor":18.0},{"not_picked":["Auto Shields+1","Leap"],"picked":"Redo","floor":19.0},{"not_picked":["Hello World","Compile Driver"],"picked":"Double Energy+1","floor":21.0},{"not_picked":["Aggregate","Leap"],"picked":"Double Energy","floor":24.0},{"not_picked":["Ball Lightning","Streamline+1"],"picked":"Auto Shields+1","floor":27.0},{"not_picked":["Heatsinks","Redo+1"],"picked":"Go for the Eyes+1","floor":31.0},{"not_picked":["Reboot+1","Creative AI"],"picked":"Amplify+1","floor":33.0},{"not_picked":["Hello World","Streamline+1"],"picked":"FTL+1","floor":35.0},{"not_picked":["Heatsinks+1","Static Discharge+1"],"picked":"Hologram+1","floor":37.0},{"not_picked":["Steam+1","Buffer"],"picked":"Conserve Battery+1","floor":41.0},{"not_picked":["Reinforced Body+1","Beam Cell"],"picked":"Gash+1","floor":44.0},{"not_picked":["Hologram+1","Steam+1"],"picked":"Cold Snap+1","floor":46.0}],"player_experience":7535,"relics_obtained":[{"floor":4.0,"key":"Tiny Chest"},{"floor":7.0,"key":"Boot"},{"floor":9.0,"key":"Ancient Tea Set"},{"floor":11.0,"key":"Juzu Bracelet"},{"floor":14.0,"key":"Bag of Preparation"},{"floor":22.0,"key":"Whetstone"},{"floor":24.0,"key":"Regal Pillow"},{"floor":26.0,"key":"Toxic Egg 2"},{"floor":31.0,"key":"Pen Nib"},{"floor":41.0,"key":"Oddly Smooth Stone"},{"floor":43.0,"key":"Old Coin"},{"floor":48.0,"key":"Blood Vial"}],"event_choices":[{"damage_healed":0.0,"max_hp_gain":0.0,"max_hp_loss":0.0,"gold_gain":0.0,"event_name":"Shining Light","player_choice":"Entered Light","floor":3.0,"gold_loss":0.0,"damage_taken":15.0,"cards_upgraded":["Strike_B","Strike_B"]},{"damage_healed":0.0,"max_hp_gain":0.0,"max_hp_loss":0.0,"gold_gain":0.0,"event_name":"Drug Dealer","player_choice":"Inject Mutagens","floor":20.0,"gold_loss":0.0,"damage_taken":0.0,"relics_obtained":["MutagenicStrength"]},{"damage_healed":0.0,"max_hp_gain":0.0,"max_hp_loss":0.0,"gold_gain":0.0,"event_name":"Vampires","player_choice":"Ignored","floor":29.0,"gold_loss":0.0,"damage_taken":0.0},{"damage_healed":0.0,"max_hp_gain":0.0,"max_hp_loss":0.0,"gold_gain":0.0,"event_name":"Mysterious Sphere","player_choice":"Ignored","floor":38.0,"gold_loss":0.0,"damage_taken":0.0},{"damage_healed":0.0,"max_hp_gain":0.0,"max_hp_loss":0.0,"gold_gain":0.0,"event_name":"Winding Halls","player_choice":"Embrace Madness","floor":39.0,"gold_loss":0.0,"damage_taken":9.0,"cards_obtained":["Madness","Madness"]},{"damage_healed":46.0,"max_hp_gain":0.0,"max_hp_loss":0.0,"gold_gain":0.0,"event_name":"MindBloom","player_choice":"Heal","floor":42.0,"gold_loss":0.0,"damage_taken":0.0,"cards_obtained":["Doubt"]}],"is_beta":false,"boss_relics":[{"not_picked":["Snecko Eye","Runic Dome"],"picked":"Cursed Key"},{"not_picked":["Orrery","Sozu"],"picked":"FrozenCore"}],"items_purged_floors":[10,28,36,47],"is_endless":false,"potions_floor_spawned":[5,7,8,11,12,18,19,33,41],"ascension_level":0}