{"gold_per_floor":[115,115,190,243,126,155,155,184,211,237,237,237,247,247,247,247],"floor_reached":16,"playtime":387,"items_purged":["Strike_G"],"score":328,"play_id":"d4abdd65-e84b-4d99-9833-0a6b99242c90","local_time":"20190216172040","is_ascension_mode":true,"campfire_choices":[{"floor":7.0,"key":"REST"},{"floor":11.0,"key":"REST"},{"floor":15,"key":"REST"}],"neow_cost":"NONE","seed_source_timestamp":6313061496300,"circlet_count":0,"master_deck":["AscendersBane","Defend_G","Defend_G+1","Defend_G","Defend_G","Defend_G","Strike_G","Strike_G","Strike_G","Strike_G","Survivor","Neutralize","Slice+1","Dash","Footwork","Masterful Stab","Sucker Punch","Well Laid Plans","PiercingWail"],"special_seed":0,"relics":["Ring of the Snake","NeowsBlessing","Bag of Preparation","Singing Bowl","Smiling Mask","Pen Nib","Dream Catcher","Thread and Needle"],"potions_floor_usage":[16],"damage_taken":[{"damage":0.0,"enemies":"2 Louse","floor":1.0,"turns":1.0},{"damage":0.0,"enemies":"Gremlin Nob","floor":6.0,"turns":1.0},{"damage":0.0,"enemies":"3 Sentries","floor":8.0,"turns":1.0},{"damage":33.0,"enemies":"Gremlin Nob","floor":10.0,"turns":5.0},{"damage":0.0,"enemies":"Jaw Worm","floor":13.0,"turns":2.0},{"damage":58,"enemies":"Slime Boss","floor":16,"turns":11}],"seed_played":"626399966321892690","potions_obtained":[{"floor":10.0,"key":"SmokeBomb"},{"floor":13.0,"key":"Swift Potion"}],"is_trial":false,"path_per_floor":["M","?","?","T","$","E","R","E","T","E","R","?","M","?","R","B"],"character_chosen":"THE_SILENT","items_purchased":["Dash"],"campfire_rested":3,"item_purchase_floors":[5],"current_hp_per_floor":[59,39,28,28,28,28,47,47,47,14,33,28,28,33,56,0],"gold":247,"neow_bonus":"THREE_ENEMY_KILL","is_prod":false,"is_daily":false,"chose_seed":false,"campfire_upgraded":0,"win_rate":0,"timestamp":1550337640,"path_taken":["M","?","?","?","$","E","R","E","T","E","R","?","M","?","R","BOSS"],"build_version":"2019-01-23","purchased_purges":1,"victory":false,"max_hp_per_floor":[66,66,66,66,66,66,66,66,66,66,66,66,66,71,73,73],"card_choices":[{"not_picked":["Skewer","Flechettes"],"picked":"Slice","floor":1.0},{"not_picked":["Blur","Terror"],"picked":"Footwork","floor":6.0},{"not_picked":["Riddle With Holes","Deadly Poison"],"picked":"Masterful Stab","floor":8.0},{"not_picked":["Bane","Reflex"],"picked":"Sucker Punch","floor":10.0},{"not_picked":["Dodge and Roll","Outmaneuver"],"picked":"Well Laid Plans","floor":11.0},{"not_picked":["Acrobatics","Noxious Fumes"],"picked":"PiercingWail","floor":13.0},{"not_picked":["PiercingWail","Accuracy","Bane"],"picked":"Singing Bowl","floor":15}],"player_experience":1216660,"relics_obtained":[{"floor":4.0,"key":"Bag of Preparation"},{"floor":6.0,"key":"Singing Bowl"},{"floor":8.0,"key":"Smiling Mask"},{"floor":9.0,"key":"Pen Nib"},{"floor":10.0,"key":"Dream Catcher"}],"event_choices":[{"damage_healed":0.0,"max_hp_gain":0.0,"max_hp_loss":0.0,"gold_gain":0.0,"event_name":"Shining Light","player_choice":"Entered Light","floor":2.0,"gold_loss":0.0,"damage_taken":20.0,"cards_upgraded":["Slice","Defend_G"]},{"damage_healed":0.0,"max_hp_gain":0.0,"max_hp_loss":0.0,"gold_gain":75.0,"event_name":"World of Goop","player_choice":"Gather Gold","floor":3.0,"gold_loss":0.0,"damage_taken":11.0},{"damage_healed":0.0,"max_hp_gain":0.0,"max_hp_loss":0.0,"gold_gain":0.0,"event_name":"Scrap Ooze","player_choice":"Success","floor":12.0,"gold_loss":0.0,"damage_taken":5.0,"relics_obtained":["Thread and Needle"]},{"damage_healed":0,"gold_gain":0,"player_choice":"Donut","damage_taken":0,"max_hp_gain":5,"max_hp_loss":0,"event_name":"Big Fish","floor":14,"gold_loss":0}],"is_beta":false,"boss_relics":[],"items_purged_floors":[5],"is_endless":false,"potions_floor_spawned":[10,13],"killed_by":"Slime Boss","ascension_level":20}