{"gold_per_floor":[111,11,11,23,40,40,70,70,70,129,129,54,70,89,89,184,184,204,23,23,23,42,42,73,90,90,90,104,104,123,141,141,240,240,251,271,271,282,300,334,58,87,87,87,37,37,65,15,15,15],"floor_reached":51,"playtime":3277,"items_purged":["Choke","Defend_G","Decay","Strike_G","Strike_G"],"score":1084,"play_id":"714222c7-6ada-4046-8b54-ec13fdce994b","local_time":"20190316163714","is_ascension_mode":true,"campfire_choices":[{"data":"Blade Dance","floor":6.0,"key":"SMITH"},{"data":"Cloak And Dagger","floor":15.0,"key":"SMITH"},{"data":"Terror","floor":23.0,"key":"SMITH"},{"floor":29.0,"key":"REST"},{"data":"Infinite Blades","floor":32,"key":"SMITH"},{"floor":44,"key":"REST"},{"data":"Accuracy","floor":49,"key":"SMITH"}],"neow_cost":"NONE","seed_source_timestamp":0,"circlet_count":0,"master_deck":["Defend_G","Defend_G","Defend_G+1","Defend_G","Strike_G+1","Survivor","Neutralize","Dagger Spray","Blade Dance+1","Backstab","Escape Plan","Backstab","Cloak And Dagger+1","Terror+1","Infinite Blades+1","Dash","Leg Sweep","Cloak And Dagger+1","Cloak And Dagger","A Thousand Cuts","Accuracy+1","Blur+1"],"special_seed":0,"relics":["Ring of the Snake","Kunai","Lantern","Sozu","Pantograph","Shuriken","Nunchaku","WristBlade","Smiling Mask","Pen Nib","Bag of Preparation","Snake Skull","Omamori"],"potions_floor_usage":[50],"damage_taken":[{"damage":0.0,"enemies":"2 Louse","floor":1.0,"turns":4.0},{"damage":0.0,"enemies":"Cultist","floor":4.0,"turns":3.0},{"damage":0.0,"enemies":"Jaw Worm","floor":5.0,"turns":3.0},{"damage":14.0,"enemies":"Gremlin Nob","floor":7.0,"turns":4.0},{"damage":1.0,"enemies":"Exordium Wildlife","floor":13.0,"turns":3.0},{"damage":0.0,"enemies":"Red Slaver","floor":14.0,"turns":2.0},{"damage":11.0,"enemies":"The Guardian","floor":16.0,"turns":17.0},{"damage":3.0,"enemies":"Chosen","floor":18.0,"turns":5.0},{"damage":9.0,"enemies":"Colosseum Slavers","floor":20.0,"turns":4.0},{"damage":0.0,"enemies":"Shell Parasite","floor":22.0,"turns":4.0},{"damage":32.0,"enemies":"Gremlin Leader","floor":24.0,"turns":10.0},{"damage":4.0,"enemies":"3 Cultists","floor":25.0,"turns":6.0},{"damage":0.0,"enemies":"Shelled Parasite and Fungi","floor":28.0,"turns":4.0},{"damage":0,"enemies":"Centurion and Healer","floor":30,"turns":4},{"damage":17,"enemies":"Snake Plant","floor":31,"turns":5},{"damage":4,"enemies":"Collector","floor":33,"turns":7},{"damage":0,"enemies":"3 Shapes","floor":35,"turns":2},{"damage":5,"enemies":"3 Darklings","floor":36,"turns":4},{"damage":10,"enemies":"Spire Growth","floor":38,"turns":4},{"damage":6,"enemies":"Maw","floor":39,"turns":5},{"damage":4,"enemies":"Reptomancer","floor":40,"turns":5},{"damage":23,"enemies":"Nemesis","floor":42,"turns":5},{"damage":0,"enemies":"Giant Head","floor":47,"turns":5},{"damage":26,"enemies":"Time Eater","floor":50,"turns":9}],"seed_played":"-5719252321317184082","potions_obtained":[{"floor":4.0,"key":"GhostInAJar"},{"floor":14.0,"key":"SpeedPotion"},{"floor":16.0,"key":"Dexterity Potion"}],"is_trial":false,"path_per_floor":["M","$","?","M","M","R","E","$","T","?","?","$","M","M","R","B",null,"M","$","?","?","M","R","E","M","T","T","M","R","M","M","R","B",null,"M","M","?","M","M","E","$","E","T","R","$","?","E","$","R","B",null],"character_chosen":"THE_SILENT","items_purchased":["Blade Dance","Backstab","Infinite Blades","Accuracy","Pen Nib"],"campfire_rested":2,"item_purchase_floors":[2,2,19,41,41],"current_hp_per_floor":[70,70,55,55,55,55,41,41,41,41,41,41,40,40,40,29,65,62,62,53,53,53,53,21,17,17,17,17,40,40,23,23,44,69,69,64,64,54,48,44,44,21,21,44,44,44,44,44,44,43],"gold":15,"neow_bonus":"TEN_PERCENT_HP_BONUS","is_prod":false,"is_daily":false,"chose_seed":false,"campfire_upgraded":5,"win_rate":0,"timestamp":1552779434,"path_taken":["M","$","?","M","M","R","E","$","T","?","?","$","?","M","R","BOSS","M","$","?","?","M","R","E","?","T","?","M","R","M","M","R","BOSS","M","M","?","?","M","E","$","E","T","R","$","?","E","?","R","BOSS"],"build_version":"2019-01-23","purchased_purges":5,"victory":true,"max_hp_per_floor":[77,77,77,77,77,77,77,77,77,77,77,77,77,77,77,77,77,77,77,77,77,77,77,77,77,77,77,77,77,77,77,77,77,77,77,77,77,77,77,77,77,77,77,77,77,77,77,77,77,77],"card_choices":[{"not_picked":["Outmaneuver","Accuracy"],"picked":"Dagger Spray","floor":1.0},{"not_picked":["Dagger Throw","Deadly Poison","Crippling Poison"],"picked":"SKIP","floor":4.0},{"not_picked":["Dodge and Roll","Flying Knee"],"picked":"Escape Plan","floor":5.0},{"not_picked":["Backflip","Acrobatics"],"picked":"Backstab","floor":7.0},{"not_picked":["Outmaneuver","Deadly Poison","Sucker Punch"],"picked":"SKIP","floor":13.0},{"not_picked":["Dodge and Roll","Blur"],"picked":"Cloak And Dagger","floor":14.0},{"not_picked":["Crippling Poison","Quick Slash"],"picked":"Terror","floor":18.0},{"not_picked":["Riddle With Holes","PiercingWail+1"],"picked":"Leg Sweep","floor":22.0},{"not_picked":["Reflex","Finisher"],"picked":"Cloak And Dagger+1","floor":24.0},{"not_picked":["Outmaneuver","Backflip","Blade Dance+1"],"picked":"SKIP","floor":25.0},{"not_picked":["Deflect","Setup","Acrobatics"],"picked":"SKIP","floor":28.0},{"not_picked":["PiercingWail","Distraction"],"picked":"Cloak And Dagger","floor":30},{"not_picked":["Slice","Cloak And Dagger","Dagger Spray"],"picked":"SKIP","floor":31},{"not_picked":["Envenom","Unload"],"picked":"A Thousand Cuts","floor":33},{"not_picked":["PiercingWail+1","Catalyst","Backflip"],"picked":"SKIP","floor":35},{"not_picked":["Deflect","Slice","Noxious Fumes+1"],"picked":"SKIP","floor":36},{"not_picked":["Dodge and Roll+1","PiercingWail","Burst"],"picked":"SKIP","floor":38},{"not_picked":["Deflect","Quick Slash","Footwork"],"picked":"SKIP","floor":39},{"not_picked":["Sucker Punch","PiercingWail","Deadly Poison+1"],"picked":"SKIP","floor":40},{"not_picked":["Backflip","Deadly Poison+1"],"picked":"Blur+1","floor":42},{"not_picked":["Phantasmal Killer","Flying Knee+1","Reflex"],"picked":"SKIP","floor":47}],"player_experience":433239,"relics_obtained":[{"floor":7.0,"key":"Kunai"},{"floor":9.0,"key":"Lantern"},{"floor":24.0,"key":"Pantograph"},{"floor":26.0,"key":"Shuriken"},{"floor":27.0,"key":"Nunchaku"},{"floor":40,"key":"Smiling Mask"},{"floor":42,"key":"Bag of Preparation"},{"floor":43,"key":"Snake Skull"},{"floor":47,"key":"Omamori"}],"event_choices":[{"damage_healed":0.0,"max_hp_gain":0.0,"max_hp_loss":0.0,"gold_gain":0.0,"event_name":"Shining Light","player_choice":"Entered Light","floor":3.0,"gold_loss":0.0,"damage_taken":15.0,"cards_upgraded":["Strike_G","Defend_G"]},{"damage_healed":0.0,"max_hp_gain":0.0,"max_hp_loss":0.0,"gold_gain":59.0,"event_name":"Golden Wing","player_choice":"Gained Gold","floor":10.0,"gold_loss":0.0,"damage_taken":0.0},{"damage_healed":0.0,"max_hp_gain":0.0,"max_hp_loss":0.0,"gold_gain":0.0,"cards_transformed":["Strike_G"],"event_name":"Transmorgrifier","player_choice":"Transformed","floor":11.0,"gold_loss":0.0,"damage_taken":0.0,"cards_obtained":["Choke"]},{"damage_healed":0.0,"max_hp_gain":0.0,"max_hp_loss":0.0,"gold_gain":0.0,"event_name":"Colosseum","player_choice":"Fight","floor":20.0,"gold_loss":0.0,"damage_taken":0.0},{"damage_healed":0.0,"max_hp_gain":0.0,"max_hp_loss":0.0,"gold_gain":0.0,"event_name":"Colosseum","player_choice":"Fled From Nobs","floor":20.0,"gold_loss":0.0,"damage_taken":0.0},{"damage_healed":0.0,"max_hp_gain":0.0,"max_hp_loss":0.0,"gold_gain":0.0,"event_name":"The Library","player_choice":"Read","floor":21.0,"gold_loss":0.0,"damage_taken":0.0,"cards_obtained":["Dash"]},{"damage_healed":0,"gold_gain":0,"player_choice":"Cursed","damage_taken":0,"max_hp_gain":0,"max_hp_loss":0,"event_name":"Wheel of Change","floor":37,"gold_loss":0,"cards_obtained":["Decay"]},{"cards_removed":["Strike_G"],"damage_healed":0,"gold_gain":0,"player_choice":"Purged","damage_taken":0,"max_hp_gain":0,"max_hp_loss":0,"event_name":"Purifier","floor":46,"gold_loss":0}],"is_beta":false,"boss_relics":[{"not_picked":["Velvet Choker","Fusion Hammer"],"picked":"Sozu"},{"not_picked":["Philosopher\u0027s Stone","White Beast Statue"],"picked":"WristBlade"}],"items_purged_floors":[12,19,41,45,48],"is_endless":false,"potions_floor_spawned":[4,14,16,18,24,30,31,35,42,47],"ascension_level":9}