{"gold_per_floor":[110,110,122,47,47,78,93,124,124,177,198,219,26,41,41,165,165,179,193,193,193,34,78,78,99,99,99,118,118,153,167,167,296,296,314,373,397,619,619,653,653,673,673,691,691,816,1,22,22,22],"floor_reached":51,"playtime":6207,"items_purged":["Strike_G"],"score":741,"play_id":"6b77236d-071a-4a40-9706-adffb8c36351","local_time":"20190520002503","is_ascension_mode":true,"campfire_choices":[{"data":"Body Slam","floor":15.0,"key":"SMITH"},{"data":"A Thousand Cuts","floor":24.0,"key":"SMITH"},{"floor":29.0,"key":"REST"},{"floor":32.0,"key":"REST"},{"floor":41.0,"key":"REST"},{"floor":49.0,"key":"REST"}],"neow_cost":"NONE","seed_source_timestamp":0,"circlet_count":0,"master_deck":["Survivor","Neutralize+1","Deadly Poison","Venomology+1","A Thousand Cuts+1","Backflip","Dash","Outmaneuver","Crippling Poison","Leg Sweep","Body Slam+1","Echo Form+1","Poisoned Stab","Tools of the Trade+1","Backstab","Backflip","Backstab","Malaise","Slice","Armaments","Hologram+1","BootSequence+1","Inflame+1","Flex","Master of Strategy+1","Acrobatics","Self Repair+1","Envenom+1","Predator+1"],"special_seed":0,"relics":["Ring of the Snake","NeowsBlessing","Golden Idol","The Courier","Frozen Egg 2","Bottled Tornado","Bronze Scales","PrismaticShard","Pandora\u0027s Box","MutagenicStrength","Strange Spoon","Singing Bowl","Paper Crane","Red Mask","HoveringKite","Bird Faced Urn","Potion Belt","Molten Egg 2","Dead Branch","Lantern","Boot","Pocketwatch","War Paint","Shuriken"],"potions_floor_usage":[50,50,50,50,50,50,50,50,50,50,50],"damage_taken":[{"damage":0.0,"enemies":"Small Slimes","floor":1.0,"turns":1.0},{"damage":0.0,"enemies":"Cultist","floor":3.0,"turns":1.0},{"damage":0.0,"enemies":"Lagavulin","floor":6.0,"turns":1.0},{"damage":4.0,"enemies":"Jaw Worm","floor":7.0,"turns":4.0},{"damage":5.0,"enemies":"3 Sentries","floor":8.0,"turns":5.0},{"damage":1.0,"enemies":"Exordium Wildlife","floor":11.0,"turns":4.0},{"damage":2.0,"enemies":"Looter","floor":12.0,"turns":3.0},{"damage":7.0,"enemies":"3 Louse","floor":14.0,"turns":4.0},{"damage":28.0,"enemies":"Slime Boss","floor":16.0,"turns":14.0},{"damage":0.0,"enemies":"3 Byrds","floor":18.0,"turns":3.0},{"damage":8.0,"enemies":"Spheric Guardian","floor":19.0,"turns":4.0},{"damage":22.0,"enemies":"Slavers","floor":23.0,"turns":5.0},{"damage":32.0,"enemies":"Shelled Parasite and Fungi","floor":25.0,"turns":5.0},{"damage":12.0,"enemies":"Sentry and Sphere","floor":28.0,"turns":4.0},{"damage":0.0,"enemies":"Masked Bandits","floor":30.0,"turns":3.0},{"damage":0.0,"enemies":"Centurion and Healer","floor":31.0,"turns":5.0},{"damage":7.0,"enemies":"Champ","floor":33.0,"turns":10.0},{"damage":0.0,"enemies":"3 Shapes","floor":35.0,"turns":4.0},{"damage":33.0,"enemies":"2 Orb Walkers","floor":36.0,"turns":6.0},{"damage":4.0,"enemies":"3 Darklings","floor":37.0,"turns":3.0},{"damage":20.0,"enemies":"Giant Head","floor":40.0,"turns":9.0},{"damage":18.0,"enemies":"Spire Growth","floor":42.0,"turns":4.0},{"damage":35.0,"enemies":"Transient","floor":44.0,"turns":5.0},{"damage":4.0,"enemies":"Mind Bloom Boss Battle","floor":46.0,"turns":7.0},{"damage":20.0,"enemies":"Sphere and 2 Shapes","floor":48.0,"turns":4.0},{"damage":38,"enemies":"Donu and Deca","floor":50,"turns":10}],"seed_played":"7296347391570856944","potions_obtained":[{"floor":1.0,"key":"Explosive Potion"},{"floor":12.0,"key":"GhostInAJar"},{"floor":23.0,"key":"Poison Potion"},{"floor":36.0,"key":"Dexterity Potion"},{"floor":40.0,"key":"GamblersBrew"},{"floor":48.0,"key":"Explosive Potion"}],"is_trial":false,"path_per_floor":["M","?","M","$","?","E","M","E","T","T","M","M","$","M","R","B",null,"M","M","?","?","$","E","R","M","T","?","M","R","?","M","R","B",null,"M","?","M","?","?","E","R","M","T","M","?","?","$","M","R","B",null],"character_chosen":"THE_SILENT","items_purchased":["PrismaticShard","Leg Sweep","Strange Spoon","Lantern","Boot","Pocketwatch","War Paint","Shuriken"],"campfire_rested":4,"item_purchase_floors":[13,13,22,47,47,47,47,47],"current_hp_per_floor":[70,70,70,70,65,65,61,56,56,56,55,53,53,46,46,18,65,65,57,57,57,57,51,51,19,19,19,7,27,29,29,49,42,69,69,38,36,36,36,26,47,35,35,20,20,38,38,38,60,66],"gold":22,"neow_bonus":"THREE_ENEMY_KILL","is_prod":false,"is_daily":false,"chose_seed":false,"campfire_upgraded":2,"win_rate":0,"timestamp":1558326303,"path_taken":["M","?","?","$","?","E","M","E","T","?","M","M","$","M","R","BOSS","M","M","?","?","$","E","R","M","T","?","M","R","?","M","R","BOSS","M","?","M","?","?","E","R","M","T","?","?","?","$","M","R","BOSS"],"build_version":"2019-01-23","purchased_purges":1,"victory":true,"max_hp_per_floor":[70,70,70,70,65,65,65,65,65,65,65,65,65,65,65,65,65,65,65,65,65,65,67,67,67,67,67,67,67,69,69,69,69,69,69,71,71,71,71,73,73,73,73,75,75,75,75,75,75,75],"card_choices":[{"not_picked":["Bouncing Flask","Dodge and Roll"],"picked":"Deadly Poison","floor":1.0},{"not_picked":["Cloak And Dagger","Flying Knee"],"picked":"Venomology","floor":3.0},{"not_picked":["Choke","Expertise"],"picked":"A Thousand Cuts","floor":6.0},{"not_picked":["Bane","Dodge and Roll"],"picked":"Backflip","floor":7.0},{"not_picked":["Finisher","Bane"],"picked":"Dash","floor":8.0},{"not_picked":["Bane","Dash"],"picked":"Outmaneuver","floor":11.0},{"not_picked":["Flying Knee","Leg Sweep"],"picked":"Crippling Poison","floor":12.0},{"not_picked":["Quick Slash","True Grit"],"picked":"Body Slam","floor":14.0},{"not_picked":["Impervious","Violence"],"picked":"Echo Form+1","floor":16.0},{"not_picked":["Perfected Strike+1","Capacitor+1"],"picked":"Armaments","floor":18.0},{"not_picked":["Auto Shields+1","Bane"],"picked":"Hologram+1","floor":19.0},{"not_picked":["Sucker Punch","Coolheaded","Endless Agony"],"picked":"Singing Bowl","floor":23.0},{"not_picked":["Iron Wave","Underhanded Strike"],"picked":"BootSequence+1","floor":25.0},{"not_picked":["Bane","Barrage"],"picked":"Inflame+1","floor":28.0},{"not_picked":["Scrape","Cleave","Good Instincts"],"picked":"Singing Bowl","floor":30.0},{"not_picked":["Choke","Slice"],"picked":"Flex","floor":31.0},{"not_picked":["Electrodynamics+1","Sadistic Nature+1"],"picked":"Master of Strategy","floor":33.0},{"not_picked":["Swift Strike","Streamline+1"],"picked":"Acrobatics+1","floor":35.0},{"not_picked":["Feel No Pain+1","Quick Slash","Lockon"],"picked":"Singing Bowl","floor":36.0},{"not_picked":["Genetic Algorithm+1","Coolheaded"],"picked":"Acrobatics","floor":37.0},{"not_picked":["Setup","Reckless Charge+1","Corruption+1"],"picked":"Singing Bowl","floor":40.0},{"not_picked":["Wild Strike","Iron Wave"],"picked":"Self Repair+1","floor":42.0},{"not_picked":["PanicButton+1","Prepared+1","Headbutt+1"],"picked":"Singing Bowl","floor":44.0},{"not_picked":["Heavy Blade+1","Feel No Pain+1"],"picked":"Envenom+1","floor":46.0},{"not_picked":["BootSequence+1","Armaments"],"picked":"Predator+1","floor":48.0}],"player_experience":227538,"relics_obtained":[{"floor":6.0,"key":"The Courier"},{"floor":8.0,"key":"Frozen Egg 2"},{"floor":9.0,"key":"Bottled Tornado"},{"floor":10.0,"key":"Bronze Scales"},{"floor":23.0,"key":"Singing Bowl"},{"floor":26.0,"key":"Paper Crane"},{"floor":30.0,"key":"Red Mask"},{"floor":36.0,"key":"Bird Faced Urn"},{"floor":40.0,"key":"Potion Belt"},{"floor":43.0,"key":"Molten Egg 2"},{"floor":46.0,"key":"Dead Branch"}],"event_choices":[{"damage_healed":0.0,"max_hp_gain":0.0,"max_hp_loss":0.0,"gold_gain":0.0,"event_name":"Upgrade Shrine","player_choice":"Upgraded","floor":2.0,"gold_loss":0.0,"damage_taken":0.0,"cards_upgraded":["Neutralize"]},{"damage_healed":0.0,"max_hp_gain":0.0,"max_hp_loss":5.0,"gold_gain":0.0,"event_name":"Golden Idol","player_choice":"Lose Max HP","floor":5.0,"gold_loss":0.0,"damage_taken":0.0,"relics_obtained":["Golden Idol"]},{"damage_healed":0.0,"max_hp_gain":0.0,"max_hp_loss":0.0,"gold_gain":0.0,"event_name":"Drug Dealer","player_choice":"Inject Mutagens","floor":20.0,"gold_loss":0.0,"damage_taken":0.0,"relics_obtained":["MutagenicStrength"]},{"cards_removed":["Blade Dance"],"damage_healed":0.0,"max_hp_gain":0.0,"max_hp_loss":0.0,"gold_gain":0.0,"event_name":"Back to Basics","player_choice":"Elegance","floor":21.0,"gold_loss":0.0,"damage_taken":0.0},{"damage_healed":0.0,"max_hp_gain":0.0,"max_hp_loss":0.0,"gold_gain":0.0,"event_name":"Vampires","player_choice":"Ignored","floor":27.0,"gold_loss":0.0,"damage_taken":0.0},{"damage_healed":0.0,"max_hp_gain":0.0,"max_hp_loss":0.0,"gold_gain":0.0,"event_name":"Masked Bandits","player_choice":"Fought Bandits","floor":30.0,"gold_loss":0.0,"damage_taken":0.0},{"damage_healed":0.0,"max_hp_gain":0.0,"max_hp_loss":0.0,"gold_gain":0.0,"event_name":"Mysterious Sphere","player_choice":"Fight","floor":36.0,"gold_loss":0.0,"damage_taken":0.0},{"damage_healed":0.0,"max_hp_gain":0.0,"max_hp_loss":0.0,"gold_gain":222.0,"event_name":"Tomb of Lord Red Mask","player_choice":"Wore Mask","floor":38.0,"gold_loss":0.0,"damage_taken":0.0},{"cards_removed":["Infinite Blades"],"damage_healed":0.0,"max_hp_gain":0.0,"max_hp_loss":0.0,"gold_gain":0.0,"event_name":"Purifier","player_choice":"Purged","floor":39.0,"gold_loss":0.0,"damage_taken":0.0},{"cards_removed":["Acrobatics"],"damage_healed":0.0,"max_hp_gain":0.0,"max_hp_loss":0.0,"gold_gain":0.0,"event_name":"Falling","player_choice":"Removed Skill","floor":45.0,"gold_loss":0.0,"damage_taken":0.0},{"damage_healed":0.0,"max_hp_gain":0.0,"max_hp_loss":0.0,"gold_gain":0.0,"event_name":"MindBloom","player_choice":"Fight","floor":46.0,"gold_loss":0.0,"damage_taken":0.0}],"is_beta":false,"boss_relics":[{"not_picked":["Fusion Hammer","WristBlade"],"picked":"Pandora\u0027s Box"},{"not_picked":["Runic Dome","Black Star"],"picked":"HoveringKite"}],"items_purged_floors":[4],"is_endless":false,"potions_floor_spawned":[1,12,14,16,18,23,28,30,36,40,48],"ascension_level":1}