{"gold_per_floor":[112,37,57,57,68,94,119,131,166,208,220],"floor_reached":11,"playtime":521,"items_purged":["Clumsy"],"score":137,"play_id":"6555a820-9a0e-4d49-88d3-070b14e563b9","local_time":"20190420111718","is_ascension_mode":true,"campfire_choices":[{"data":"Terror","floor":8,"key":"SMITH"}],"neow_cost":"CURSE","seed_source_timestamp":914609390126274,"circlet_count":0,"master_deck":["AscendersBane","Defend_G","Defend_G","Defend_G","Defend_G","Defend_G","Strike_G","Strike_G","Strike_G","Strike_G","Strike_G","Survivor","Neutralize","Terror+1","Cloak And Dagger","Blade Dance"],"special_seed":0,"relics":["Ring of the Snake","Pocketwatch","MawBank","Orichalcum","Bag of Preparation"],"potions_floor_usage":[6,10],"damage_taken":[{"damage":0.0,"enemies":"2 Louse","floor":1.0,"turns":4.0},{"damage":9,"enemies":"Small Slimes","floor":3,"turns":4},{"damage":0,"enemies":"Cultist","floor":5,"turns":3},{"damage":25,"enemies":"Gremlin Nob","floor":6,"turns":4},{"damage":1,"enemies":"Looter","floor":7,"turns":4},{"damage":26,"enemies":"Lagavulin","floor":10,"turns":11},{"damage":4,"enemies":"Blue Slaver","floor":11,"turns":2}],"seed_played":"999915395331569088","potions_obtained":[{"floor":1.0,"key":"Dexterity Potion"},{"floor":3,"key":"Poison Potion"}],"is_trial":false,"path_per_floor":["M","$","M","?","M","E","M","R","T","E","M"],"character_chosen":"THE_SILENT","items_purchased":[],"campfire_rested":0,"item_purchase_floors":[],"current_hp_per_floor":[63,63,54,54,54,29,28,28,28,2,0],"gold":220,"neow_bonus":"ONE_RARE_RELIC","is_prod":false,"is_daily":false,"chose_seed":false,"campfire_upgraded":1,"win_rate":0,"timestamp":1555784238,"path_taken":["M","$","M","?","M","E","M","R","T","E","M"],"build_version":"2019-01-23","purchased_purges":1,"victory":false,"max_hp_per_floor":[70,70,70,70,70,70,70,70,70,70,70],"card_choices":[{"not_picked":["Backstab","Dagger Spray"],"picked":"Terror","floor":1.0},{"not_picked":["Calculated Gamble","Bane","Slice"],"picked":"SKIP","floor":3},{"not_picked":["Poisoned Stab","Dodge and Roll","Underhanded Strike"],"picked":"SKIP","floor":5},{"not_picked":["Sucker Punch","Dagger Throw"],"picked":"Cloak And Dagger","floor":6},{"not_picked":["Distraction","Sucker Punch"],"picked":"Blade Dance","floor":7},{"not_picked":["Heel Hook","Terror","Expertise"],"picked":"SKIP","floor":10}],"player_experience":465808,"relics_obtained":[{"floor":6,"key":"MawBank"},{"floor":9,"key":"Orichalcum"},{"floor":10,"key":"Bag of Preparation"}],"event_choices":[{"damage_healed":0,"gold_gain":0,"player_choice":"Ignored","damage_taken":0,"max_hp_gain":0,"max_hp_loss":0,"event_name":"Liars Game","floor":4,"gold_loss":0}],"is_beta":false,"boss_relics":[],"items_purged_floors":[2],"is_endless":false,"potions_floor_spawned":[1,3],"killed_by":"Blue Slaver","ascension_level":13}