{"gold_per_floor":[109,127,146,146,321,346,346,356,381,414,414,434,446,173,173,273,273,285,297,297,317,327,327,342,342,342,342,342,352,365,377,377,475,475,489,162,173,173,185,185,210,210,210,210,227,227,227],"floor_reached":47,"playtime":5999,"items_purged":["Doubt","Bite"],"score":496,"play_id":"136715f4-b396-4aca-99e9-20f35b7afd1f","local_time":"20190511020357","is_ascension_mode":false,"campfire_choices":[{"data":"Zap","floor":7.0,"key":"SMITH"},{"data":"Dualcast","floor":11.0,"key":"SMITH"},{"floor":15.0,"key":"REST"},{"data":"A Thousand Cuts","floor":23.0,"key":"SMITH"},{"data":"Dash","floor":32.0,"key":"SMITH"},{"data":"Wraith Form v2","floor":40,"key":"SMITH"},{"data":"Dash","floor":42,"key":"SMITH"}],"neow_cost":"NONE","seed_source_timestamp":0,"circlet_count":0,"master_deck":["Defend_B","Defend_B","Defend_B","Defend_B","Zap+1","Dualcast+1","Melter","Streamline","Go for the Eyes","BootSequence","Gash","FTL","Stack","Gash","A Thousand Cuts+1","Ball Lightning+1","Coolheaded+1","Genetic Algorithm","Seek","Anger+1","Noxious Fumes+1","Bite","Bite","Bite","Gash","BootSequence+1","Swift Strike+1","Dash+1","Dash+1","Wraith Form v2+1","White Noise+1","Steam","Reinforced Body","Cleave+1","Shrug It Off+1","Clothesline+1","Forethought","FTL+1","Ghostly Armor+1"],"special_seed":0,"relics":["Cracked Core","Ancient Tea Set","Strawberry","Juzu Bracelet","PrismaticShard","Eternal Feather","Prayer Wheel","Runic Pyramid","Oddly Smooth Stone","Gambling Chip","Dodecahedron"],"potions_floor_usage":[41,47,47],"damage_taken":[{"damage":0.0,"enemies":"2 Louse","floor":1.0,"turns":2.0},{"damage":0.0,"enemies":"Small Slimes","floor":2.0,"turns":2.0},{"damage":6.0,"enemies":"Jaw Worm","floor":3.0,"turns":3.0},{"damage":18.0,"enemies":"Gremlin Nob","floor":6.0,"turns":4.0},{"damage":0.0,"enemies":"2 Fungi Beasts","floor":8.0,"turns":3.0},{"damage":16.0,"enemies":"Lagavulin","floor":10.0,"turns":7.0},{"damage":17.0,"enemies":"Gremlin Gang","floor":12.0,"turns":3.0},{"damage":12.0,"enemies":"Exordium Thugs","floor":13.0,"turns":4.0},{"damage":38.0,"enemies":"The Guardian","floor":16.0,"turns":10.0},{"damage":15.0,"enemies":"Shell Parasite","floor":18.0,"turns":5.0},{"damage":0.0,"enemies":"Spheric Guardian","floor":19.0,"turns":1.0},{"damage":0.0,"enemies":"Snecko","floor":21.0,"turns":5.0},{"damage":14.0,"enemies":"Centurion and Healer","floor":22.0,"turns":6.0},{"damage":17.0,"enemies":"Snake Plant","floor":24.0,"turns":4.0},{"damage":15.0,"enemies":"Shelled Parasite and Fungi","floor":29.0,"turns":5.0},{"damage":7.0,"enemies":"Chosen and Byrds","floor":30.0,"turns":5.0},{"damage":14.0,"enemies":"Cultist and Chosen","floor":31.0,"turns":6.0},{"damage":36.0,"enemies":"Champ","floor":33.0,"turns":10.0},{"damage":1.0,"enemies":"Orb Walker","floor":35.0,"turns":4.0},{"damage":7.0,"enemies":"3 Darklings","floor":37.0,"turns":6.0},{"damage":10,"enemies":"Jaw Worm Horde","floor":39,"turns":7},{"damage":36,"enemies":"Nemesis","floor":41,"turns":13},{"damage":11,"enemies":"Maw","floor":45,"turns":9},{"damage":51,"enemies":"Giant Head","floor":47,"turns":11}],"seed_played":"2189231088251557854","potions_obtained":[{"floor":6.0,"key":"Energy Potion"},{"floor":10.0,"key":"Ancient Potion"},{"floor":12.0,"key":"SteroidPotion"},{"floor":13.0,"key":"SpeedPotion"},{"floor":16.0,"key":"Fire Potion"},{"floor":22.0,"key":"LiquidBronze"},{"floor":24.0,"key":"GamblersBrew"},{"floor":33.0,"key":"Block Potion"},{"floor":39,"key":"EssenceOfSteel"},{"floor":41,"key":"FocusPotion"}],"is_trial":false,"path_per_floor":["M","M","M","?","?","E","R","M","T","E","R","M","M","$","R","B",null,"M","M","?","M","M","R","M","?","T","?","?","M","M","M","R","B",null,"M","$","M","?","M","R","E","R","T","?","M","?","E"],"character_chosen":"DEFECT","items_purchased":["PrismaticShard","Oddly Smooth Stone","Reinforced Body"],"campfire_rested":1,"item_purchase_floors":[14,36,36],"current_hp_per_floor":[82,82,76,76,76,58,58,58,65,49,49,32,20,20,46,8,89,74,74,74,74,60,72,55,55,55,55,55,44,43,37,55,23,62,62,62,61,59,51,59,31,52,52,52,45,45,0],"gold":227,"neow_bonus":"TEN_PERCENT_HP_BONUS","is_prod":false,"is_daily":false,"chose_seed":false,"campfire_upgraded":6,"win_rate":0,"timestamp":1557554637,"path_taken":["M","M","M","?","?","E","R","M","T","E","R","M","M","$","R","BOSS","M","M","?","M","M","R","M","?","T","?","?","M","M","M","R","BOSS","M","$","M","?","M","R","E","R","T","?","M","?","E"],"build_version":"2019-01-23","purchased_purges":2,"victory":false,"max_hp_per_floor":[82,82,82,82,82,82,82,82,89,89,89,89,89,89,89,89,89,89,89,89,89,89,89,89,62,62,62,62,62,62,62,62,62,62,62,62,62,59,59,59,59,59,59,59,59,59,59],"card_choices":[{"not_picked":["Coolheaded","Redo"],"picked":"Melter","floor":1.0},{"not_picked":["Streamline","Leap","Ball Lightning"],"picked":"SKIP","floor":2.0},{"not_picked":["Leap","Ball Lightning"],"picked":"Streamline","floor":2.0},{"not_picked":["Steam Power","Heatsinks"],"picked":"Go for the Eyes","floor":3.0},{"not_picked":["Multi-Cast","Skim"],"picked":"BootSequence","floor":6.0},{"not_picked":["Sweeping Beam","Ball Lightning"],"picked":"Gash","floor":8.0},{"not_picked":["Hologram","Glacier"],"picked":"FTL","floor":10.0},{"not_picked":["Streamline","Darkness"],"picked":"Stack","floor":12.0},{"not_picked":["Genetic Algorithm","Go for the Eyes"],"picked":"Gash","floor":13.0},{"not_picked":["Glass Knife","Thunder Strike"],"picked":"A Thousand Cuts","floor":16.0},{"not_picked":["Sucker Punch","Sever Soul"],"picked":"Ball Lightning+1","floor":18.0},{"not_picked":["Leap","Lockon"],"picked":"Coolheaded+1","floor":19.0},{"not_picked":["Turbo+1","BootSequence"],"picked":"Anger+1","floor":21.0},{"not_picked":["Armaments","Dagger Throw"],"picked":"Noxious Fumes+1","floor":22.0},{"not_picked":["Flying Knee+1","Havoc+1","Hologram"],"picked":"SKIP","floor":24.0},{"not_picked":["Backflip","Body Slam"],"picked":"BootSequence+1","floor":29.0},{"not_picked":["Consume","Heatsinks","Wild Strike+1"],"picked":"SKIP","floor":29.0},{"not_picked":["Grand Finale","Finesse"],"picked":"Swift Strike+1","floor":30.0},{"not_picked":["Wild Strike","Flying Knee+1"],"picked":"Dash","floor":30.0},{"not_picked":["Corruption","Perfected Strike"],"picked":"Dash","floor":31.0},{"not_picked":["Dagger Spray","Blizzard","Blade Dance"],"picked":"SKIP","floor":31.0},{"not_picked":["The Bomb","Feed"],"picked":"Wraith Form v2","floor":33.0},{"not_picked":["Iron Wave","Rebound+1"],"picked":"White Noise+1","floor":35.0},{"not_picked":["Redo","Metallicize"],"picked":"Steam","floor":35.0},{"not_picked":["Fire Breathing","Disarm"],"picked":"Cleave+1","floor":37.0},{"not_picked":["Static Discharge+1","Flex"],"picked":"Shrug It Off+1","floor":37.0},{"not_picked":["Warcry","Deadly Poison+1"],"picked":"Clothesline+1","floor":39},{"not_picked":["Darkness+1","Impatience","Accuracy+1"],"picked":"SKIP","floor":39},{"not_picked":["Backflip+1","Sever Soul","Blade Dance+1"],"picked":"SKIP","floor":41},{"not_picked":["Magnetism","Dark Shackles"],"picked":"Forethought","floor":44},{"not_picked":["Acrobatics","Slice"],"picked":"FTL+1","floor":45},{"not_picked":["Cleave+1","Flex"],"picked":"Ghostly Armor+1","floor":45}],"player_experience":174574,"relics_obtained":[{"floor":6.0,"key":"Ancient Tea Set"},{"floor":9.0,"key":"Strawberry"},{"floor":10.0,"key":"Juzu Bracelet"},{"floor":26.0,"key":"Prayer Wheel"},{"floor":41,"key":"Gambling Chip"},{"floor":43,"key":"Dodecahedron"}],"event_choices":[{"cards_removed":["Strike_B"],"damage_healed":0.0,"max_hp_gain":0.0,"max_hp_loss":0.0,"gold_gain":0.0,"event_name":"Living Wall","player_choice":"Forget","floor":4.0,"gold_loss":0.0,"damage_taken":0.0},{"damage_healed":0.0,"max_hp_gain":0.0,"max_hp_loss":0.0,"gold_gain":175.0,"event_name":"Liars Game","player_choice":"AGREE","floor":5.0,"gold_loss":0.0,"damage_taken":0.0,"cards_obtained":["Doubt"]},{"damage_healed":0.0,"max_hp_gain":0.0,"max_hp_loss":0.0,"gold_gain":0.0,"cards_transformed":["Strike_B","Strike_B"],"event_name":"Drug Dealer","player_choice":"Became Test Subject","floor":20.0,"gold_loss":0.0,"damage_taken":0.0,"cards_obtained":["Genetic Algorithm","Seek"]},{"damage_healed":0.0,"max_hp_gain":0.0,"max_hp_loss":27.0,"gold_gain":0.0,"event_name":"Vampires","player_choice":"Became a vampire","floor":25.0,"gold_loss":0.0,"damage_taken":0.0,"cards_obtained":["Bite","Bite","Bite","Bite","Bite"]},{"cards_removed":["Bite"],"damage_healed":0.0,"max_hp_gain":0.0,"max_hp_loss":0.0,"gold_gain":0.0,"event_name":"Purifier","player_choice":"Purged","floor":27.0,"gold_loss":0.0,"damage_taken":0.0},{"damage_healed":0.0,"max_hp_gain":0.0,"max_hp_loss":0.0,"gold_gain":0.0,"event_name":"Duplicator","player_choice":"Copied","floor":28.0,"gold_loss":0.0,"damage_taken":0.0,"cards_obtained":["Gash"]},{"damage_healed":0.0,"max_hp_gain":0.0,"max_hp_loss":3.0,"gold_gain":0.0,"event_name":"Winding Halls","player_choice":"Max HP","floor":38.0,"gold_loss":0.0,"damage_taken":0.0},{"damage_healed":0,"gold_gain":0,"player_choice":"Memory 1","damage_taken":0,"max_hp_gain":0,"max_hp_loss":0,"event_name":"SensoryStone","floor":44,"gold_loss":0},{"damage_healed":0,"gold_gain":0,"player_choice":"Ignored","damage_taken":0,"max_hp_gain":0,"max_hp_loss":0,"event_name":"Mysterious Sphere","floor":46,"gold_loss":0}],"is_beta":false,"boss_relics":[{"not_picked":["Cursed Key","Busted Crown"],"picked":"Eternal Feather"},{"not_picked":["Pandora\u0027s Box","Velvet Choker"],"picked":"Runic Pyramid"}],"items_purged_floors":[14,36],"is_endless":false,"potions_floor_spawned":[6,10,12,13,16,22,24,33,39,41],"killed_by":"Giant Head","ascension_level":0}