{"gold_per_floor":[114,114,124,124,124,155,155,176,200,200,103,122,108,108,108,232,232,216,231,180,201,201],"floor_reached":22,"playtime":1138,"items_purged":["Defend_B"],"score":186,"play_id":"cb712829-08b4-4b43-bf47-17de81ad91c8","local_time":"20181115182507","is_ascension_mode":false,"campfire_choices":[{"floor":7,"key":"REST"},{"data":"Double Energy","floor":10,"key":"SMITH"},{"floor":15,"key":"REST"}],"neow_cost":"TEN_PERCENT_HP_LOSS","seed_source_timestamp":513653806028,"circlet_count":0,"master_deck":["Strike_B","Strike_B","Defend_B","Defend_B","Zap","Dualcast","Leap","Double Energy+1","Gash","Coolheaded","Capacitor","Self Repair","Creative AI","Coolheaded+1","Beam Cell"],"relics":["Cracked Core","Golden Idol","Smiling Mask","Dream Catcher","Cursed Key"],"potions_floor_usage":[1,6,16,18,22],"damage_taken":[{"damage":6,"enemies":"Jaw Worm","floor":1,"turns":2},{"damage":1,"enemies":"2 Louse","floor":3,"turns":2},{"damage":25,"enemies":"Lagavulin","floor":6,"turns":8},{"damage":0,"enemies":"Cultist","floor":8,"turns":3},{"damage":2,"enemies":"3 Louse","floor":12,"turns":3},{"damage":21,"enemies":"Exordium Thugs","floor":13,"turns":4},{"damage":44,"enemies":"Hexaghost","floor":16,"turns":11},{"damage":28,"enemies":"2 Thieves","floor":18,"turns":4},{"damage":30,"enemies":"3 Byrds","floor":19,"turns":9},{"damage":13,"enemies":"Centurion and Healer","floor":21,"turns":12},{"damage":37,"enemies":"Snake Plant","floor":22,"turns":2}],"seed_played":"-3325881754808874660","potions_obtained":[{"floor":1,"key":"Fruit Juice"},{"floor":3,"key":"Strength Potion"},{"floor":12,"key":"LiquidBronze"},{"floor":16,"key":"Explosive Potion"},{"floor":18,"key":"Regen Potion"}],"is_trial":false,"path_per_floor":["M","?","M","?","?","E","R","M","T","R","$","M","M","?","R","B",null,"M","M","$","M","M"],"character_chosen":"DEFECT","items_purchased":["Coolheaded","Beam Cell"],"campfire_rested":2,"item_purchase_floors":[11,20],"current_hp_per_floor":[67,60,59,59,59,34,55,55,55,55,55,53,32,32,53,16,73,52,29,29,23,0],"gold":201,"neow_bonus":"REMOVE_TWO","is_prod":false,"is_daily":false,"chose_seed":false,"campfire_upgraded":1,"win_rate":0,"timestamp":1542306307,"path_taken":["M","?","M","?","?","E","R","M","T","R","$","M","?","?","R","BOSS","M","M","$","M","M"],"build_version":"2018-11-14","purchased_purges":1,"victory":false,"max_hp_per_floor":[73,73,73,73,73,73,73,73,73,73,73,73,73,73,73,73,73,73,73,73,73,73],"card_choices":[{"not_picked":["Reprogram","Go for the Eyes","Stack"],"picked":"SKIP","floor":1},{"not_picked":["Turbo","Compile Driver"],"picked":"Leap","floor":3},{"not_picked":["Lockon","Heatsinks"],"picked":"Double Energy","floor":6},{"not_picked":["Heatsinks","Chaos"],"picked":"Gash","floor":8},{"not_picked":["Melter","Rip and Tear"],"picked":"Capacitor","floor":12},{"not_picked":["Capacitor","Rebound","Heatsinks"],"picked":"SKIP","floor":13},{"not_picked":["Blizzard","Cold Snap"],"picked":"Self Repair","floor":15},{"not_picked":["Meteor Strike","Echo Form"],"picked":"Creative AI","floor":16},{"not_picked":["Coolheaded","Leap","Steam+1"],"picked":"SKIP","floor":18},{"not_picked":["Barrage","Cold Snap"],"picked":"Coolheaded+1","floor":19},{"not_picked":["Compile Driver","Aggregate","Self Repair"],"picked":"SKIP","floor":21}],"player_experience":173495,"relics_obtained":[{"floor":6,"key":"Smiling Mask"},{"floor":9,"key":"Dream Catcher"}],"event_choices":[{"cards_removed":["Strike_B"],"damage_healed":0,"gold_gain":0,"player_choice":"Card Removal","damage_taken":7,"max_hp_gain":0,"max_hp_loss":0,"event_name":"Golden Wing","floor":2,"gold_loss":0},{"damage_healed":0,"gold_gain":0,"player_choice":"Take Wound","damage_taken":0,"relics_obtained":["Golden Idol"],"max_hp_gain":0,"max_hp_loss":0,"event_name":"Golden Idol","floor":4,"gold_loss":0,"cards_obtained":["Injury"]},{"cards_removed":["Injury"],"damage_healed":0,"gold_gain":0,"player_choice":"Removed Curses","damage_taken":0,"max_hp_gain":0,"max_hp_loss":0,"event_name":"Fountain of Cleansing","floor":5,"gold_loss":0},{"damage_healed":0,"gold_gain":0,"player_choice":"Searched \u00271\u0027 times","damage_taken":0,"max_hp_gain":0,"max_hp_loss":0,"event_name":"Dead Adventurer","floor":14,"gold_loss":0}],"is_beta":true,"boss_relics":[{"not_picked":["Runic Pyramid","Snecko Eye"],"picked":"Cursed Key"}],"items_purged_floors":[11],"is_endless":false,"potions_floor_spawned":[1,3,12,16,18],"killed_by":"Snake Plant","ascension_level":0}