{"gold_per_floor":[112,112,128,128,228,259,279,295,295,330,145,168,168,193,193,317,317,333,346,23,36,49,49,67,98,110,122,147,159,195,232,244,387,399,435,125,139,139,162,162,198,213,213,228,268,291,19,37,37,37],"floor_reached":51,"playtime":3329,"items_purged":["Strike_G","Pain","Doubt"],"score":1325,"play_id":"fff03dd3-c3b6-4174-98d1-466630f588b6","local_time":"20190416160258","is_ascension_mode":true,"campfire_choices":[{"data":"Accuracy","floor":13.0,"key":"SMITH"},{"data":"Blade Dance","floor":15.0,"key":"SMITH"},{"data":"Infinite Blades","floor":23.0,"key":"SMITH"},{"data":"Footwork","floor":29.0,"key":"SMITH"},{"floor":32.0,"key":"REST"},{"data":"Accuracy","floor":40.0,"key":"SMITH"},{"floor":49.0,"key":"REST"}],"neow_cost":"NONE","seed_source_timestamp":0,"circlet_count":0,"master_deck":["AscendersBane","Defend_G","Defend_G","Defend_G","Defend_G","Defend_G","Strike_G","Strike_G","Strike_G","Strike_G","Survivor+1","Neutralize","Sucker Punch","All Out Attack","Blade Dance+1","Slice","Accuracy+1","Escape Plan+1","Dash","Infinite Blades+1","Adrenaline","Footwork+1","Cloak And Dagger","Dagger Spray","Prepared","Footwork+1","Accuracy+1","Leg Sweep+1"],"special_seed":0,"relics":["Ring of the Snake","NeowsBlessing","Golden Idol","Shuriken","Matryoshka","Mummified Hand","Cursed Key","Ornamental Fan","MawBank","Pear","Dead Branch","WristBlade","Vajra","Potion Belt","War Paint","Bag of Marbles","Happy Flower"],"potions_floor_usage":[50,50],"damage_taken":[{"damage":0.0,"enemies":"Small Slimes","floor":1.0,"turns":1.0},{"damage":0.0,"enemies":"Cultist","floor":3.0,"turns":1.0},{"damage":0.0,"enemies":"Lagavulin","floor":6.0,"turns":1.0},{"damage":7.0,"enemies":"Jaw Worm","floor":7.0,"turns":4.0},{"damage":7.0,"enemies":"Lots of Slimes","floor":8.0,"turns":3.0},{"damage":12.0,"enemies":"3 Sentries","floor":10.0,"turns":6.0},{"damage":3.0,"enemies":"3 Louse","floor":12.0,"turns":2.0},{"damage":5.0,"enemies":"Gremlin Gang","floor":14.0,"turns":4.0},{"damage":11.0,"enemies":"Hexaghost","floor":16.0,"turns":8.0},{"damage":10.0,"enemies":"2 Thieves","floor":18.0,"turns":3.0},{"damage":1.0,"enemies":"Spheric Guardian","floor":19.0,"turns":3.0},{"damage":11.0,"enemies":"Snake Plant","floor":21.0,"turns":5.0},{"damage":15.0,"enemies":"Cultist and Chosen","floor":22.0,"turns":6.0},{"damage":9.0,"enemies":"Shelled Parasite and Fungi","floor":24.0,"turns":4.0},{"damage":3.0,"enemies":"Gremlin Leader","floor":25.0,"turns":5.0},{"damage":5.0,"enemies":"Centurion and Healer","floor":28.0,"turns":3.0},{"damage":10.0,"enemies":"Sentry and Sphere","floor":30.0,"turns":3.0},{"damage":1.0,"enemies":"Snake Plant","floor":31.0,"turns":3.0},{"damage":6.0,"enemies":"Automaton","floor":33.0,"turns":6.0},{"damage":1.0,"enemies":"3 Darklings","floor":35.0,"turns":3.0},{"damage":0.0,"enemies":"3 Shapes","floor":37.0,"turns":3.0},{"damage":2.0,"enemies":"Sphere and 2 Shapes","floor":39.0,"turns":3.0},{"damage":0.0,"enemies":"Giant Head","floor":41.0,"turns":6.0},{"damage":22.0,"enemies":"Maw","floor":42.0,"turns":5.0},{"damage":1.0,"enemies":"4 Shapes","floor":44.0,"turns":4.0},{"damage":33.0,"enemies":"Nemesis","floor":45.0,"turns":7.0},{"damage":3.0,"enemies":"Jaw Worm Horde","floor":46.0,"turns":3.0},{"damage":0.0,"enemies":"Sphere and 2 Shapes","floor":48.0,"turns":3.0},{"damage":10,"enemies":"Time Eater","floor":50,"turns":11}],"seed_played":"-9091949489119804026","potions_obtained":[{"floor":1.0,"key":"SkillPotion"},{"floor":3.0,"key":"Strength Potion"},{"floor":16.0,"key":"Explosive Potion"},{"floor":22.0,"key":"Fire Potion"},{"floor":25.0,"key":"PowerPotion"},{"floor":28.0,"key":"Swift Potion"},{"floor":31.0,"key":"Explosive Potion"},{"floor":35.0,"key":"Ancient Potion"},{"floor":37.0,"key":"SteroidPotion"},{"floor":44.0,"key":"SpeedPotion"},{"floor":46.0,"key":"Ancient Potion"}],"is_trial":false,"path_per_floor":["M","?","M","?","?","E","M","M","T","E","$","M","R","M","R","B",null,"M","M","$","M","M","R","M","E","T","?","M","R","M","M","R","B",null,"M","$","M","?","M","R","E","M","T","M","E","M","$","M","R","B",null],"character_chosen":"THE_SILENT","items_purchased":["Accuracy","Escape Plan","Footwork","Ornamental Fan","Vajra","Accuracy","Happy Flower"],"campfire_rested":2,"item_purchase_floors":[11,11,20,20,36,36,47],"current_hp_per_floor":[63,63,63,68,68,68,61,54,54,42,42,39,39,34,34,23,58,48,47,47,36,21,21,12,9,19,19,14,14,4,3,27,21,65,64,64,64,64,62,62,62,40,40,39,6,3,3,3,27,17],"gold":37,"neow_bonus":"THREE_ENEMY_KILL","is_prod":false,"is_daily":false,"chose_seed":false,"campfire_upgraded":5,"win_rate":0,"timestamp":1555455778,"path_taken":["M","?","M","?","?","E","M","M","T","E","$","?","R","M","R","BOSS","M","M","$","M","M","R","M","E","T","?","M","R","M","M","R","BOSS","M","$","M","?","?","R","E","M","T","M","E","M","$","M","R","BOSS"],"build_version":"2019-01-23","purchased_purges":3,"victory":true,"max_hp_per_floor":[70,65,65,70,70,70,70,70,70,70,70,70,70,70,70,70,70,70,70,70,70,70,70,70,70,80,80,80,80,80,80,80,80,80,80,80,80,80,80,80,80,80,80,80,80,80,80,80,80,80],"card_choices":[{"not_picked":["Tactician","Slice"],"picked":"Sucker Punch","floor":1.0},{"not_picked":["Finisher","Crippling Poison","Sucker Punch"],"picked":"SKIP","floor":3.0},{"not_picked":["Reflex","Distraction"],"picked":"All Out Attack","floor":6.0},{"not_picked":["Deadly Poison","Expertise"],"picked":"Blade Dance","floor":7.0},{"not_picked":["Deadly Poison","Crippling Poison","Flying Knee"],"picked":"SKIP","floor":8.0},{"not_picked":["Burst","Poisoned Stab"],"picked":"Slice","floor":10.0},{"not_picked":["Dagger Spray","Caltrops"],"picked":"Dash","floor":12.0},{"not_picked":["Deflect","Deadly Poison"],"picked":"Infinite Blades","floor":14.0},{"not_picked":["Bullet Time","Grand Finale"],"picked":"Adrenaline","floor":16.0},{"not_picked":["Calculated Gamble+1","Crippling Poison","Noxious Fumes+1"],"picked":"SKIP","floor":18.0},{"not_picked":["Endless Agony","Choke","Acrobatics"],"picked":"SKIP","floor":19.0},{"not_picked":["Deadly Poison","Choke"],"picked":"Cloak And Dagger","floor":21.0},{"not_picked":["Sucker Punch","Acrobatics","Deadly Poison"],"picked":"SKIP","floor":22.0},{"not_picked":["Setup","Acrobatics"],"picked":"Dagger Spray","floor":24.0},{"not_picked":["Expertise","Choke"],"picked":"Prepared","floor":25.0},{"not_picked":["Dagger Throw","Dagger Spray","Acrobatics+1"],"picked":"SKIP","floor":28.0},{"not_picked":["PiercingWail","Malaise","Concentrate"],"picked":"SKIP","floor":30.0},{"not_picked":["Dodge and Roll","Underhanded Strike+1"],"picked":"Footwork+1","floor":31.0},{"not_picked":["Dagger Throw","Quick Slash+1","Well Laid Plans"],"picked":"SKIP","floor":35.0},{"not_picked":["Deflect+1","Blade Dance"],"picked":"Leg Sweep+1","floor":37.0},{"not_picked":["Bane","Blade Dance","Poisoned Stab"],"picked":"SKIP","floor":39.0},{"not_picked":["Finisher","Malaise","Bane+1"],"picked":"SKIP","floor":41.0},{"not_picked":["Deflect","Quick Slash+1","Slice+1"],"picked":"SKIP","floor":42.0},{"not_picked":["Acrobatics","Backflip","Poisoned Stab"],"picked":"SKIP","floor":44.0},{"not_picked":["Blade Dance","Caltrops+1","Heel Hook"],"picked":"SKIP","floor":45.0},{"not_picked":["Underhanded Strike","Deadly Poison","Backflip"],"picked":"SKIP","floor":46.0},{"not_picked":["Eviscerate","Outmaneuver+1","Expertise"],"picked":"SKIP","floor":48.0}],"player_experience":459151,"relics_obtained":[{"floor":6.0,"key":"Shuriken"},{"floor":9.0,"key":"Matryoshka"},{"floor":10.0,"key":"Mummified Hand"},{"floor":25.0,"key":"MawBank"},{"floor":26.0,"key":"Pear"},{"floor":26.0,"key":"Dead Branch"},{"floor":41.0,"key":"Potion Belt"},{"floor":43.0,"key":"War Paint"},{"floor":45.0,"key":"Bag of Marbles"}],"event_choices":[{"damage_healed":0.0,"max_hp_gain":0.0,"max_hp_loss":5.0,"gold_gain":0.0,"event_name":"Golden Idol","player_choice":"Lose Max HP","floor":2.0,"gold_loss":0.0,"damage_taken":0.0,"relics_obtained":["Golden Idol"]},{"damage_healed":0.0,"max_hp_gain":5.0,"max_hp_loss":0.0,"gold_gain":0.0,"event_name":"Big Fish","player_choice":"Donut","floor":4.0,"gold_loss":0.0,"damage_taken":0.0},{"damage_healed":0.0,"max_hp_gain":0.0,"max_hp_loss":0.0,"gold_gain":100.0,"event_name":"Golden Shrine","player_choice":"Pray","floor":5.0,"gold_loss":0.0,"damage_taken":0.0},{"damage_healed":0.0,"max_hp_gain":0.0,"max_hp_loss":0.0,"gold_gain":0.0,"event_name":"Vampires","player_choice":"Ignored","floor":27.0,"gold_loss":0.0,"damage_taken":0.0},{"damage_healed":0.0,"max_hp_gain":0.0,"max_hp_loss":0.0,"gold_gain":0.0,"event_name":"The Woman in Blue","player_choice":"Bought 0 Potions","floor":38.0,"gold_loss":0.0,"damage_taken":0.0}],"is_beta":false,"boss_relics":[{"not_picked":["Ectoplasm","Runic Dome"],"picked":"Cursed Key"},{"not_picked":["Philosopher\u0027s Stone","Astrolabe"],"picked":"WristBlade"}],"items_purged_floors":[11,36,47],"is_endless":false,"potions_floor_spawned":[1,3,7,16,22,25,28,31,35,37,44,46],"ascension_level":12}