{"gold_per_floor":[114,124,124,124,140,183,183,207,207,232,232,255,255,280,280,405,405,429,80,80,99,99,99,132,132,183,183,204,58,58,58,58,161,161,174,190,205,205,216,216,216,234,234,244,344,344,358,12,12,12,12,12,12,47,47],"floor_reached":55,"playtime":5286,"items_purged":["Defend_B","Defend_B"],"score":689,"play_id":"2471e8da-5e9b-475a-b8db-2807bdf395eb","local_time":"20190406003927","is_ascension_mode":false,"campfire_choices":[{"data":"Turbo","floor":11,"key":"SMITH"},{"data":"Dualcast","floor":13,"key":"SMITH"},{"data":"Scrape","floor":15,"key":"SMITH"},{"data":"Chrysalis","floor":23,"key":"SMITH"},{"data":"Conserve Battery","floor":25,"key":"SMITH"},{"data":"Zap","floor":27,"key":"SMITH"},{"floor":30,"key":"RECALL"},{"floor":32,"key":"REST"},{"floor":40,"key":"REST"},{"floor":46,"key":"REST"},{"floor":49,"key":"REST"},{"data":"Skim","floor":52,"key":"SMITH"}],"neow_cost":"NONE","seed_source_timestamp":302321309597591,"circlet_count":0,"master_deck":["Strike_B+1","Zap+1","Dualcast+1","Sweeping Beam","Gash","Scrape+1","Turbo+1","Steam","Steam","All For One","Machine Learning+1","Ball Lightning+1","Conserve Battery+1","Chrysalis+1","Swift Strike","Rebound","Gash","Hyperbeam","Hologram+1","Skim+1","Bandage Up","Self Repair+1","Gash","Go for the Eyes+1"],"relics":["Cracked Core","Whetstone","Bloody Idol","Strawberry","Mercury Hourglass","Astrolabe","Pen Nib","Girya","Boot","Empty Cage","Shuriken","Thread and Needle","Bag of Preparation","DollysMirror","Kunai"],"potions_floor_usage":[6,16,16,28,33,33,39,50,54],"damage_taken":[{"damage":0,"enemies":"2 Louse","floor":1,"turns":2},{"damage":0,"enemies":"Small Slimes","floor":2,"turns":2},{"damage":1,"enemies":"Jaw Worm","floor":5,"turns":2},{"damage":15,"enemies":"3 Sentries","floor":6,"turns":6},{"damage":5,"enemies":"Lots of Slimes","floor":8,"turns":2},{"damage":11,"enemies":"Red Slaver","floor":10,"turns":4},{"damage":0,"enemies":"3 Louse","floor":12,"turns":1},{"damage":0,"enemies":"Gremlin Gang","floor":14,"turns":4},{"damage":20,"enemies":"Hexaghost","floor":16,"turns":10},{"damage":0,"enemies":"Spheric Guardian","floor":18,"turns":3},{"damage":12,"enemies":"Shell Parasite","floor":21,"turns":3},{"damage":0,"enemies":"Gremlin Leader","floor":24,"turns":6},{"damage":21,"enemies":"Snake Plant","floor":28,"turns":4},{"damage":25,"enemies":"Automaton","floor":33,"turns":6},{"damage":8,"enemies":"3 Shapes","floor":35,"turns":2},{"damage":20,"enemies":"3 Darklings","floor":36,"turns":4},{"damage":8,"enemies":"Jaw Worm Horde","floor":37,"turns":2},{"damage":47,"enemies":"Writhing Mass","floor":39,"turns":5},{"damage":30,"enemies":"3 Darklings","floor":42,"turns":4},{"damage":0,"enemies":"Transient","floor":44,"turns":5},{"damage":20,"enemies":"Mind Bloom Boss Battle","floor":45,"turns":6},{"damage":31,"enemies":"Spire Growth","floor":47,"turns":5},{"damage":21,"enemies":"Awakened One","floor":50,"turns":9},{"damage":45,"enemies":"Shield and Spear","floor":54,"turns":6},{"damage":98,"enemies":"The Heart","floor":55,"turns":3}],"seed_played":"5545413122122629430","potions_obtained":[{"floor":2,"key":"Fire Potion"},{"floor":6,"key":"EssenceOfSteel"},{"floor":10,"key":"EssenceOfSteel"},{"floor":16,"key":"GamblersBrew"},{"floor":18,"key":"GamblersBrew"},{"floor":22,"key":"PowerPotion"},{"floor":24,"key":"EssenceOfSteel"},{"floor":28,"key":"Weak Potion"},{"floor":35,"key":"Block Potion"},{"floor":45,"key":"EssenceOfSteel"},{"floor":47,"key":"FocusPotion"}],"is_trial":false,"path_per_floor":["M","M","?","?","M","E","?","M","T","M","R","M","R","M","R","B",null,"M","$","T","M","?","R","E","R","T","R","M","$","R","?","R","B",null,"M","M","M","?","M","R","?","M","T","M","?","R","M","$","R","B",null,"R","$","E","B"],"character_chosen":"DEFECT","items_purchased":["Chrysalis","Swift Strike","Gash","Bag of Preparation","DollysMirror"],"campfire_rested":4,"item_purchase_floors":[19,19,29,48,48],"current_hp_per_floor":[75,75,69,69,68,60,57,52,52,41,41,41,41,41,41,21,76,76,76,76,64,64,64,64,64,64,64,43,43,43,43,65,45,76,73,58,55,55,17,39,39,18,18,27,26,48,36,36,58,51,76,76,76,46,0],"gold":47,"neow_bonus":"RANDOM_COMMON_RELIC","is_prod":false,"is_daily":false,"chose_seed":false,"campfire_upgraded":7,"win_rate":0,"timestamp":1554525567,"path_taken":["M","M","?","?","M","E","?","M","T","M","R","?","R","M","R","BOSS","M","$","?","?","?","R","E","R","T","R","?","$","R","?","R","BOSS","M","M","M","?","M","R","?","M","T","M","?","R","M","$","R","BOSS","R","$","E","BOSS"],"build_version":"2019-01-23","purchased_purges":2,"victory":false,"max_hp_per_floor":[75,75,69,69,69,76,76,76,76,76,76,76,76,76,76,76,76,76,76,76,76,76,76,76,76,76,76,76,76,76,76,76,76,76,76,76,76,76,76,76,76,76,76,76,76,76,76,76,76,76,76,76,76,76,76],"card_choices":[{"not_picked":["Cold Snap","Rebound"],"picked":"Sweeping Beam","floor":1},{"not_picked":["Coolheaded","Cold Snap"],"picked":"Gash","floor":2},{"not_picked":["Blizzard","Undo"],"picked":"Scrape","floor":5},{"not_picked":["Hologram","Storm"],"picked":"Turbo","floor":6},{"not_picked":["Hello World","Streamline","Sweeping Beam"],"picked":"SKIP","floor":8},{"not_picked":["Reinforced Body","Sweeping Beam"],"picked":"Steam","floor":10},{"not_picked":["Rainbow","Redo","Leap"],"picked":"SKIP","floor":12},{"not_picked":["Coolheaded","Stack"],"picked":"Steam","floor":14},{"not_picked":["Machine Learning","Thunder Strike"],"picked":"All For One","floor":16},{"not_picked":["Stack","Turbo"],"picked":"Conserve Battery","floor":18},{"not_picked":["Recycle+1","Steam+1","Loop"],"picked":"SKIP","floor":21},{"not_picked":["White Noise","Streamline","Blizzard+1"],"picked":"SKIP","floor":24},{"not_picked":["Conserve Battery","Redo"],"picked":"Rebound","floor":28},{"not_picked":["Core Surge","Reboot"],"picked":"Hyperbeam","floor":33},{"not_picked":["Chill","Conserve Battery"],"picked":"Hologram+1","floor":35},{"not_picked":["Stack","Recycle+1"],"picked":"Skim","floor":36},{"not_picked":["Cold Snap+1","Capacitor","Aggregate"],"picked":"SKIP","floor":37},{"not_picked":["Swift Strike","Thinking Ahead"],"picked":"Bandage Up","floor":38},{"not_picked":["Darkness+1","Conserve Battery","Rebound+1"],"picked":"SKIP","floor":39},{"not_picked":["Sweeping Beam+1","Doom and Gloom","Cold Snap"],"picked":"SKIP","floor":42},{"not_picked":["Capacitor","Conserve Battery+1"],"picked":"Self Repair+1","floor":44},{"not_picked":["Steam+1","Cold Snap+1","Redo"],"picked":"SKIP","floor":47},{"not_picked":["White Noise+1","Reboot"],"picked":"Go for the Eyes+1","floor":54}],"player_experience":100011,"relics_obtained":[{"floor":6,"key":"Strawberry"},{"floor":20,"key":"Pen Nib"},{"floor":24,"key":"Girya"},{"floor":26,"key":"Boot"},{"floor":43,"key":"Shuriken"},{"floor":45,"key":"Thread and Needle"},{"floor":54,"key":"Kunai"}],"event_choices":[{"damage_healed":0,"gold_gain":0,"player_choice":"Lose Max HP","damage_taken":0,"relics_obtained":["Golden Idol"],"max_hp_gain":0,"max_hp_loss":6,"event_name":"Golden Idol","floor":3,"gold_loss":0},{"cards_removed":["Strike_B"],"damage_healed":0,"gold_gain":0,"player_choice":"Forget","damage_taken":0,"max_hp_gain":0,"max_hp_loss":0,"event_name":"Living Wall","floor":4,"gold_loss":0},{"damage_healed":0,"gold_gain":0,"player_choice":"Success","damage_taken":3,"relics_obtained":["Mercury Hourglass"],"max_hp_gain":0,"max_hp_loss":0,"event_name":"Scrap Ooze","floor":7,"gold_loss":0},{"damage_healed":0,"gold_gain":0,"player_choice":"Got Potions","damage_taken":0,"max_hp_gain":0,"max_hp_loss":0,"event_name":"Lab","floor":22,"gold_loss":0},{"damage_healed":0,"gold_gain":0,"player_choice":"Gave Idol","damage_taken":0,"relics_obtained":["Bloody Idol"],"max_hp_gain":0,"max_hp_loss":0,"event_name":"Forgotten Altar","floor":31,"relics_lost":["Golden Idol"],"gold_loss":0},{"damage_healed":0,"gold_gain":0,"player_choice":"Memory 1","damage_taken":0,"max_hp_gain":0,"max_hp_loss":0,"event_name":"SensoryStone","floor":38,"gold_loss":0},{"damage_healed":0,"gold_gain":0,"player_choice":"Ignored","damage_taken":0,"max_hp_gain":0,"max_hp_loss":0,"event_name":"Tomb of Lord Red Mask","floor":41,"gold_loss":0},{"damage_healed":0,"gold_gain":0,"player_choice":"Fight","damage_taken":0,"max_hp_gain":0,"max_hp_loss":0,"event_name":"MindBloom","floor":45,"gold_loss":0}],"is_beta":false,"boss_relics":[{"not_picked":["Calling Bell","Orrery"],"picked":"Astrolabe"},{"not_picked":["Inserter","Fusion Hammer"],"picked":"Empty Cage"}],"items_purged_floors":[19,29],"is_endless":false,"potions_floor_spawned":[2,6,10,16,18,24,28,35,45,47],"killed_by":"The Heart","ascension_level":0}