{"gold_per_floor":[113,188,188,198,32,58,58,83,133,133,149,149,149,165,165,165],"floor_reached":16,"playtime":460,"items_purged":[],"score":216,"play_id":"dbe269e0-4159-4b1d-9064-30517a34fbbb","local_time":"20190123113919","is_ascension_mode":true,"campfire_choices":[{"floor":7,"key":"REST"},{"floor":10,"key":"REST"},{"data":"Bash","floor":12,"key":"SMITH"},{"floor":15,"key":"REST"}],"neow_cost":"NONE","seed_source_timestamp":5627833947746,"circlet_count":0,"master_deck":["AscendersBane","Strike_R+1","Strike_R","Strike_R","Strike_R","Strike_R","Defend_R","Defend_R+1","Defend_R","Defend_R","Bash+1","Deep Breath","Pommel Strike","Anger","Iron Wave","Twin Strike","Shockwave","True Grit"],"special_seed":0,"relics":["Burning Blood","Lantern","PreservedInsect","Strawberry","Smiling Mask","Regal Pillow"],"potions_floor_usage":[6,14],"damage_taken":[{"damage":9.0,"enemies":"2 Louse","floor":1.0,"turns":3.0},{"damage":1.0,"enemies":"Small Slimes","floor":4.0,"turns":4.0},{"damage":32,"enemies":"Gremlin Nob","floor":6,"turns":4},{"damage":27,"enemies":"Lagavulin","floor":8,"turns":4},{"damage":0,"enemies":"Jaw Worm","floor":11,"turns":2},{"damage":0,"enemies":"Lots of Slimes","floor":14,"turns":3},{"damage":67,"enemies":"Hexaghost","floor":16,"turns":9}],"seed_played":"-8267418960040753735","potions_obtained":[{"floor":4.0,"key":"SkillPotion"},{"floor":11,"key":"SkillPotion"}],"is_trial":false,"path_per_floor":["M","?","?","M","$","E","R","E","T","R","M","R","?","M","R","B"],"character_chosen":"IRONCLAD","items_purchased":["Lantern"],"campfire_rested":3,"item_purchase_floors":[5],"current_hp_per_floor":[65,54,31,36,36,10,32,18,18,42,48,48,22,28,67,0],"gold":165,"neow_bonus":"RANDOM_COLORLESS","is_prod":false,"is_daily":false,"chose_seed":false,"campfire_upgraded":1,"win_rate":0,"timestamp":1548243559,"path_taken":["M","?","?","M","$","E","R","E","T","R","M","R","?","M","R","BOSS"],"build_version":"2019-01-17v2","purchased_purges":0,"victory":false,"max_hp_per_floor":[75,75,75,75,75,75,75,82,82,82,82,82,82,82,82,82],"card_choices":[{"not_picked":["Thunderclap","Sever Soul"],"picked":"Pommel Strike","floor":1.0},{"not_picked":["Heavy Blade","Entrench"],"picked":"Anger","floor":4.0},{"not_picked":["Power Through","Infernal Blade"],"picked":"Iron Wave","floor":6},{"not_picked":["Bloodletting","Fiend Fire"],"picked":"Twin Strike","floor":8},{"not_picked":["Warcry","Sever Soul"],"picked":"Shockwave","floor":11},{"not_picked":["Havoc","Uppercut"],"picked":"True Grit","floor":14}],"player_experience":1162361,"relics_obtained":[{"floor":6,"key":"PreservedInsect"},{"floor":8,"key":"Strawberry"},{"floor":9,"key":"Smiling Mask"}],"event_choices":[{"damage_healed":0.0,"max_hp_gain":0.0,"max_hp_loss":0.0,"gold_gain":75.0,"event_name":"World of Goop","player_choice":"Gather Gold","floor":2.0,"gold_loss":0.0,"damage_taken":11.0},{"damage_healed":0.0,"max_hp_gain":0.0,"max_hp_loss":0.0,"gold_gain":0.0,"event_name":"Shining Light","player_choice":"Entered Light","floor":3.0,"gold_loss":0.0,"damage_taken":23.0,"cards_upgraded":["Strike_R","Defend_R"]},{"damage_healed":0,"gold_gain":0,"player_choice":"Success","damage_taken":26,"relics_obtained":["Regal Pillow"],"max_hp_gain":0,"max_hp_loss":0,"event_name":"Scrap Ooze","floor":13,"gold_loss":0}],"is_beta":false,"boss_relics":[],"items_purged_floors":[],"is_endless":false,"potions_floor_spawned":[4,11],"killed_by":"Hexaghost","ascension_level":20}