{"gold_per_floor":[110,130,144,163,179,209,209,241,241,276,276,305,305,318,318,417,417,432,432,357,369,369,401,401,435,435,453,483,92,125,139,139,242,242,255,255,255,255,330,330,356,356,356,389,406,71,96,112,112,112,112,112,35,68,68],"floor_reached":55,"playtime":5404,"items_purged":["Strike_B","Defend_B"],"score":954,"play_id":"f54dfdd2-e8a3-4b26-830d-5df3477dfd7d","local_time":"20190518142539","is_ascension_mode":true,"campfire_choices":[{"floor":7.0,"key":"REST"},{"floor":13.0,"key":"REST"},{"data":"Defragment","floor":15.0,"key":"SMITH"},{"floor":24.0,"key":"REST"},{"floor":32.0,"key":"REST"},{"floor":40.0,"key":"RECALL"},{"floor":42.0,"key":"REST"},{"floor":49.0,"key":"REST"},{"floor":52,"key":"REST"}],"neow_cost":"NONE","seed_source_timestamp":0,"circlet_count":0,"master_deck":["Defend_B","Defend_B","Zap","Dualcast","Cold Snap","Capacitor","Ball Lightning","Conserve Battery","Defragment+1","Seek","Sweeping Beam","Conserve Battery","White Noise","Echo Form","Force Field+1","Glacier+1","Sunder","Barrage","Beam Cell","Loop","Seek","Glacier+1","Echo Form","Seek","Doom and Gloom","Finesse","The Bomb","Defragment","Recycle","Undo+1","Chill","Secret Technique","Force Field","Blizzard","Barrage+1","Consume+1"],"special_seed":0,"relics":["Cracked Core","Oddly Smooth Stone","Bag of Marbles","Lantern","Regal Pillow","Omamori","Pear","Fusion Hammer","WarpedTongs","Dream Catcher","Ornamental Fan","Potion Belt","Membership Card","Strawberry","Singing Bowl","Empty Cage","Kunai","Symbiotic Virus","Art of War","Orichalcum","Ancient Tea Set","Dodecahedron","DataDisk","Nunchaku"],"potions_floor_usage":[55,55,55],"damage_taken":[{"damage":0.0,"enemies":"2 Louse","floor":1.0,"turns":1.0},{"damage":6.0,"enemies":"Small Slimes","floor":2.0,"turns":3.0},{"damage":0.0,"enemies":"Cultist","floor":3.0,"turns":3.0},{"damage":5.0,"enemies":"Large Slime","floor":4.0,"turns":7.0},{"damage":12.0,"enemies":"2 Fungi Beasts","floor":5.0,"turns":3.0},{"damage":23.0,"enemies":"3 Sentries","floor":6.0,"turns":7.0},{"damage":15.0,"enemies":"Gremlin Nob","floor":8.0,"turns":4.0},{"damage":4.0,"enemies":"Lagavulin","floor":10.0,"turns":5.0},{"damage":7.0,"enemies":"3 Sentries","floor":12.0,"turns":7.0},{"damage":2.0,"enemies":"Looter","floor":14.0,"turns":2.0},{"damage":18.0,"enemies":"Hexaghost","floor":16.0,"turns":9.0},{"damage":4.0,"enemies":"Shell Parasite","floor":18.0,"turns":4.0},{"damage":4.0,"enemies":"3 Byrds","floor":21.0,"turns":5.0},{"damage":39.0,"enemies":"Slavers","floor":23.0,"turns":8.0},{"damage":12.0,"enemies":"Gremlin Leader","floor":25.0,"turns":7.0},{"damage":9.0,"enemies":"Snake Plant","floor":27.0,"turns":6.0},{"damage":16.0,"enemies":"Slavers","floor":28.0,"turns":7.0},{"damage":30.0,"enemies":"Gremlin Leader","floor":30.0,"turns":7.0},{"damage":12.0,"enemies":"Centurion and Healer","floor":31.0,"turns":5.0},{"damage":24.0,"enemies":"Champ","floor":33.0,"turns":8.0},{"damage":21.0,"enemies":"Orb Walker","floor":35.0,"turns":5.0},{"damage":0.0,"enemies":"Nemesis","floor":41.0,"turns":9.0},{"damage":0.0,"enemies":"Giant Head","floor":44.0,"turns":8.0},{"damage":17.0,"enemies":"3 Shapes","floor":45.0,"turns":4.0},{"damage":1.0,"enemies":"Reptomancer","floor":47.0,"turns":7.0},{"damage":9.0,"enemies":"Maw","floor":48.0,"turns":6.0},{"damage":35,"enemies":"Time Eater","floor":50,"turns":9},{"damage":34,"enemies":"Shield and Spear","floor":54,"turns":7},{"damage":105,"enemies":"The Heart","floor":55,"turns":3}],"seed_played":"-7650439625648651097","potions_obtained":[{"floor":2.0,"key":"EssenceOfSteel"},{"floor":3.0,"key":"SkillPotion"},{"floor":6.0,"key":"EssenceOfSteel"},{"floor":8.0,"key":"SteroidPotion"},{"floor":18.0,"key":"SteroidPotion"},{"floor":25.0,"key":"SpeedPotion"},{"floor":30.0,"key":"Ancient Potion"},{"floor":33.0,"key":"Strength Potion"},{"floor":44.0,"key":"Regen Potion"},{"floor":47.0,"key":"PowerPotion"}],"is_trial":false,"path_per_floor":["M","M","M","M","M","E","R","E","T","E","?","E","R","M","R","B",null,"M","?","?","M","?","E","R","E","T","M","E","$","E","M","R","B",null,"M","?","?","?","?","R","E","R","T","E","M","$","E","M","R","B",null,"R","$","E","B"],"character_chosen":"DEFECT","items_purchased":["Membership Card","Seek","Strawberry","Secret Technique","Orichalcum","Force Field","Ancient Tea Set","DataDisk"],"campfire_rested":7,"item_purchase_floors":[29,29,29,46,46,46,46,53],"current_hp_per_floor":[75,69,69,64,52,29,51,36,36,32,25,28,68,66,66,48,85,81,81,81,77,77,38,78,66,66,57,41,48,18,6,50,26,94,73,73,65,65,56,56,56,96,96,96,79,79,78,69,96,61,96,98,98,66,0],"gold":68,"neow_bonus":"RANDOM_COMMON_RELIC","is_prod":false,"is_daily":false,"chose_seed":false,"campfire_upgraded":1,"win_rate":0,"timestamp":1558203939,"path_taken":["M","M","M","M","M","E","R","E","T","E","?","E","R","M","R","BOSS","M","?","?","M","?","E","R","E","T","?","E","$","E","M","R","BOSS","M","?","?","?","?","R","E","R","T","E","M","$","E","M","R","BOSS","R","$","E","BOSS"],"build_version":"2019-01-23","purchased_purges":2,"victory":false,"max_hp_per_floor":[75,75,75,75,75,75,75,75,75,75,75,85,85,85,85,85,85,85,85,85,85,85,85,85,85,85,85,85,92,92,92,94,94,94,94,94,96,96,96,96,96,96,96,96,96,96,96,96,96,96,96,98,98,100,100],"card_choices":[{"not_picked":["Rebound","Stack"],"picked":"Cold Snap","floor":1.0},{"not_picked":["Blizzard","Chaos","Cold Snap"],"picked":"SKIP","floor":2.0},{"not_picked":["Sunder","Ball Lightning"],"picked":"Capacitor","floor":3.0},{"not_picked":["Steam","Gash"],"picked":"Ball Lightning","floor":4.0},{"not_picked":["Heatsinks","Steam"],"picked":"Conserve Battery","floor":5.0},{"not_picked":["Reinforced Body","Redo"],"picked":"Defragment","floor":6.0},{"not_picked":["Heatsinks","Undo"],"picked":"Seek","floor":8.0},{"not_picked":["Go for the Eyes","Cold Snap"],"picked":"Sweeping Beam","floor":10.0},{"not_picked":["Sweeping Beam","Go for the Eyes"],"picked":"Conserve Battery","floor":12.0},{"not_picked":["Leap","Rebound"],"picked":"White Noise","floor":14.0},{"not_picked":["Amplify","Thunder Strike"],"picked":"Echo Form","floor":16.0},{"not_picked":["Aggregate","Stack+1"],"picked":"Force Field+1","floor":18.0},{"not_picked":["Go for the Eyes","Stack+1"],"picked":"Glacier+1","floor":21.0},{"not_picked":["Coolheaded","Hyperbeam"],"picked":"Sunder","floor":23.0},{"not_picked":["Storm","Rebound"],"picked":"Barrage","floor":24.0},{"not_picked":["Redo","Gash"],"picked":"Beam Cell","floor":25.0},{"not_picked":["Coolheaded","Compile Driver+1"],"picked":"Barrage+1","floor":27.0},{"not_picked":["Consume","Sweeping Beam"],"picked":"Loop","floor":28.0},{"not_picked":["Consume","Capacitor"],"picked":"Glacier+1","floor":30.0},{"not_picked":["Loop+1","Melter"],"picked":"Echo Form","floor":31.0},{"not_picked":["Scrape","Stack","Beam Cell"],"picked":"Singing Bowl","floor":32.0},{"not_picked":["Machine Learning","Thunder Strike"],"picked":"Seek","floor":33.0},{"not_picked":["Heatsinks","Leap+1"],"picked":"Doom and Gloom","floor":35.0},{"not_picked":["Sadistic Nature","Forethought"],"picked":"Finesse","floor":37.0},{"not_picked":["Finesse","Blind"],"picked":"The Bomb","floor":37.0},{"not_picked":["Swift Strike","Dramatic Entrance","Discovery"],"picked":"Singing Bowl","floor":37.0},{"not_picked":["Steam","Compile Driver"],"picked":"Defragment","floor":41.0},{"not_picked":["Steam Power","Conserve Battery"],"picked":"Recycle","floor":42.0},{"not_picked":["Recycle","Lockon+1"],"picked":"Undo+1","floor":44.0},{"not_picked":["Leap+1","Melter+1"],"picked":"Chill","floor":45.0},{"not_picked":["Turbo","Coolheaded"],"picked":"Blizzard","floor":47.0},{"not_picked":["Rebound","Hello World"],"picked":"Barrage+1","floor":48.0},{"not_picked":["Melter","Turbo"],"picked":"Consume+1","floor":49.0},{"not_picked":["Leap","Barrage","Compile Driver"],"picked":"Singing Bowl","floor":52},{"not_picked":["Hello World+1","Aggregate","Echo Form"],"picked":"Singing Bowl","floor":54}],"player_experience":217225,"relics_obtained":[{"floor":6.0,"key":"Bag of Marbles"},{"floor":8.0,"key":"Lantern"},{"floor":9.0,"key":"Regal Pillow"},{"floor":10.0,"key":"Omamori"},{"floor":12.0,"key":"Pear"},{"floor":23.0,"key":"Dream Catcher"},{"floor":25.0,"key":"Ornamental Fan"},{"floor":28.0,"key":"Potion Belt"},{"floor":30.0,"key":"Singing Bowl"},{"floor":41.0,"key":"Kunai"},{"floor":43.0,"key":"Symbiotic Virus"},{"floor":44.0,"key":"Art of War"},{"floor":47.0,"key":"Dodecahedron"},{"floor":54,"key":"Nunchaku"}],"event_choices":[{"cards_removed":["Strike_B"],"damage_healed":0.0,"max_hp_gain":0.0,"max_hp_loss":0.0,"gold_gain":0.0,"event_name":"Golden Wing","player_choice":"Card Removal","floor":11.0,"gold_loss":0.0,"damage_taken":7.0},{"damage_healed":0.0,"max_hp_gain":0.0,"max_hp_loss":0.0,"gold_gain":0.0,"event_name":"Vampires","player_choice":"Ignored","floor":19.0,"gold_loss":0.0,"damage_taken":0.0},{"cards_removed":["Strike_B"],"damage_healed":0.0,"max_hp_gain":0.0,"max_hp_loss":0.0,"gold_gain":0.0,"event_name":"Beggar","player_choice":"Gave Gold","floor":20.0,"gold_loss":75.0,"damage_taken":0.0},{"damage_healed":0.0,"max_hp_gain":0.0,"max_hp_loss":0.0,"gold_gain":0.0,"event_name":"Accursed Blacksmith","player_choice":"Rummage","floor":22.0,"gold_loss":0.0,"damage_taken":0.0,"relics_obtained":["WarpedTongs"],"cards_obtained":["Pain"]},{"damage_healed":0.0,"max_hp_gain":0.0,"max_hp_loss":0.0,"gold_gain":0.0,"event_name":"Tomb of Lord Red Mask","player_choice":"Ignored","floor":36.0,"gold_loss":0.0,"damage_taken":0.0},{"damage_healed":0.0,"max_hp_gain":0.0,"max_hp_loss":0.0,"gold_gain":0.0,"event_name":"SensoryStone","player_choice":"Memory 3","floor":37.0,"gold_loss":0.0,"damage_taken":10.0},{"cards_removed":["Barrage"],"damage_healed":0.0,"max_hp_gain":0.0,"max_hp_loss":0.0,"gold_gain":0.0,"event_name":"Falling","player_choice":"Removed Attack","floor":38.0,"gold_loss":0.0,"damage_taken":0.0},{"damage_healed":0.0,"max_hp_gain":0.0,"max_hp_loss":0.0,"gold_gain":75.0,"event_name":"FaceTrader","player_choice":"Touch","floor":39.0,"gold_loss":0.0,"damage_taken":9.0}],"is_beta":false,"boss_relics":[{"not_picked":["Lizard Tail","Busted Crown"],"picked":"Fusion Hammer"},{"not_picked":["Inserter","Eternal Feather"],"picked":"Empty Cage"}],"items_purged_floors":[29,46],"is_endless":false,"potions_floor_spawned":[2,3,6,8,18,25,30,33,44,47],"killed_by":"The Heart","ascension_level":1}