{"gold_per_floor":[119,44,58,58,78,78,122,122,122,122,157,177,197,213,213,309,309,327,352,188,203,203,203,238,238,238,254,254,254,254,287,287,378,378,391,410,140,153,177,177,212,557,596,608,653,665,738,82,82,82,82],"floor_reached":52,"playtime":3121,"items_purged":["Strike_G","Strike_G","Strike_G"],"score":2066,"play_id":"dc35e476-2e97-45ed-855c-302916e92567","local_time":"20190307163040","is_ascension_mode":true,"campfire_choices":[{"floor":6.0,"key":"REST"},{"data":"Infinite Blades","floor":8.0,"key":"SMITH"},{"floor":10.0,"key":"REST"},{"floor":15.0,"key":"REST"},{"floor":23.0,"key":"REST"},{"data":"Footwork","floor":25.0,"key":"SMITH"},{"data":"Footwork","floor":29.0,"key":"SMITH"},{"data":"Terror","floor":32.0,"key":"SMITH"},{"floor":40.0,"key":"REST"},{"floor":46.0,"key":"REST"},{"floor":49,"key":"REST"}],"neow_cost":"TEN_PERCENT_HP_LOSS","seed_source_timestamp":537005279258299,"circlet_count":0,"master_deck":["AscendersBane","Defend_G","Defend_G","Defend_G","Defend_G","Defend_G","Strike_G","Survivor","Neutralize","Flying Knee","Terror+1","Infinite Blades+1","Glass Knife","Finisher","Blade Dance","Dodge and Roll","Tools of the Trade","Footwork+1","Blur+1","Footwork+1","Backstab","Leg Sweep","PiercingWail","Die Die Die","Dodge and Roll","Dodge and Roll","Footwork","Endless Agony","Burst","Acrobatics","Backstab","PiercingWail","Apotheosis"],"special_seed":0,"relics":["Ring of the Snake","Dead Branch","Ginger","Turnip","Gambling Chip","Philosopher\u0027s Stone","Ancient Tea Set","Bottled Tornado","Mercury Hourglass","Bag of Preparation","Fusion Hammer","MawBank","Smiling Mask","Mummified Hand","Letter Opener","Du-Vu Doll","Oddly Smooth Stone","Sundial"],"potions_floor_usage":[50,51,51,51],"damage_taken":[{"damage":3.0,"enemies":"2 Louse","floor":1.0,"turns":5.0},{"damage":4.0,"enemies":"Small Slimes","floor":3.0,"turns":3.0},{"damage":4.0,"enemies":"Cultist","floor":5.0,"turns":4.0},{"damage":32.0,"enemies":"3 Sentries","floor":7.0,"turns":5.0},{"damage":17.0,"enemies":"Lagavulin","floor":11.0,"turns":5.0},{"damage":0.0,"enemies":"Red Slaver","floor":12.0,"turns":4.0},{"damage":3.0,"enemies":"Blue Slaver","floor":13.0,"turns":3.0},{"damage":1.0,"enemies":"Looter","floor":14.0,"turns":3.0},{"damage":35.0,"enemies":"The Guardian","floor":16.0,"turns":9.0},{"damage":11.0,"enemies":"Shell Parasite","floor":18.0,"turns":5.0},{"damage":0.0,"enemies":"Chosen","floor":19.0,"turns":3.0},{"damage":6.0,"enemies":"Sentry and Sphere","floor":21.0,"turns":8.0},{"damage":0.0,"enemies":"Slavers","floor":24.0,"turns":1.0},{"damage":0.0,"enemies":"Cultist and Chosen","floor":27.0,"turns":3.0},{"damage":0.0,"enemies":"Book of Stabbing","floor":31.0,"turns":4.0},{"damage":41.0,"enemies":"Automaton","floor":33.0,"turns":14.0},{"damage":2.0,"enemies":"3 Shapes","floor":35.0,"turns":6.0},{"damage":2.0,"enemies":"3 Darklings","floor":36.0,"turns":4.0},{"damage":0.0,"enemies":"4 Shapes","floor":38.0,"turns":4.0},{"damage":1.0,"enemies":"Jaw Worm Horde","floor":39.0,"turns":5.0},{"damage":5.0,"enemies":"Nemesis","floor":41.0,"turns":7.0},{"damage":0.0,"enemies":"Giant Head","floor":45.0,"turns":5.0},{"damage":2.0,"enemies":"2 Orb Walkers","floor":47.0,"turns":3.0},{"damage":13,"enemies":"Awakened One","floor":50,"turns":9},{"damage":25,"enemies":"Donu and Deca","floor":51,"turns":9}],"seed_played":"-2864067644003371998","potions_obtained":[{"floor":1.0,"key":"Weak Potion"},{"floor":11.0,"key":"Regen Potion"},{"floor":13.0,"key":"Fire Potion"},{"floor":18.0,"key":"SteroidPotion"},{"floor":19.0,"key":"Energy Potion"},{"floor":27.0,"key":"FearPotion"},{"floor":35.0,"key":"GamblersBrew"},{"floor":38.0,"key":"Energy Potion"},{"floor":39.0,"key":"EntropicBrew"}],"is_trial":false,"path_per_floor":["M","?","M","?","M","R","E","R","T","R","E","M","M","M","R","B",null,"M","M","$","M","?","R","E","R","T","M","?","R","?","E","R","B",null,"M","M","$","M","M","R","E","?","T","T","E","R","?","$","R","B","B",null],"character_chosen":"THE_SILENT","items_purchased":["Footwork","Footwork","Endless Agony","Oddly Smooth Stone","Apotheosis","Sundial"],"campfire_rested":7,"item_purchase_floors":[20,37,37,48,48,48],"current_hp_per_floor":[56,56,52,31,27,45,13,13,13,31,14,14,11,10,28,8,47,36,36,36,30,30,48,48,48,48,48,48,48,48,48,48,7,47,45,43,43,43,42,60,55,55,55,55,55,60,58,58,60,47,22],"gold":82,"neow_bonus":"ONE_RARE_RELIC","is_prod":false,"is_daily":false,"chose_seed":false,"campfire_upgraded":4,"win_rate":0,"timestamp":1551976240,"path_taken":["M","?","M","?","M","R","E","R","T","R","E","M","M","M","R","BOSS","M","M","$","M","?","R","E","R","T","M","?","R","?","E","R","BOSS","M","?","?","M","M","R","E","?","T","?","E","R","?","$","R","BOSS","BOSS"],"build_version":"2019-01-23","purchased_purges":3,"victory":true,"max_hp_per_floor":[60,60,60,60,60,60,60,60,60,60,60,60,60,60,60,60,60,60,60,60,60,60,60,60,60,60,60,60,60,60,60,60,60,60,60,60,60,60,60,60,60,60,60,60,60,60,60,60,60,60,60],"card_choices":[{"not_picked":["Expertise","Poisoned Stab"],"picked":"Flying Knee","floor":1.0},{"not_picked":["Flechettes","Outmaneuver","Prepared"],"picked":"SKIP","floor":3.0},{"not_picked":["PiercingWail","Acrobatics"],"picked":"Terror","floor":5.0},{"not_picked":["Deadly Poison","Heel Hook"],"picked":"Infinite Blades","floor":7.0},{"not_picked":["Dagger Spray","Deadly Poison"],"picked":"Glass Knife","floor":11.0},{"not_picked":["Tactician","Deadly Poison"],"picked":"Finisher","floor":12.0},{"not_picked":["Quick Slash","Deflect"],"picked":"Blade Dance","floor":13.0},{"not_picked":["Dagger Spray","Flechettes"],"picked":"Dodge and Roll","floor":14.0},{"not_picked":["Wraith Form v2","Envenom"],"picked":"Tools of the Trade","floor":16.0},{"not_picked":["Deadly Poison","Underhanded Strike"],"picked":"Footwork","floor":18.0},{"not_picked":["Bane","Caltrops"],"picked":"Blur+1","floor":19.0},{"not_picked":["Skewer+1","Bane"],"picked":"Backstab","floor":21.0},{"not_picked":["Bouncing Flask","Caltrops"],"picked":"Leg Sweep","floor":24.0},{"not_picked":["Skewer","Deadly Poison"],"picked":"PiercingWail","floor":27.0},{"not_picked":["Masterful Stab","All Out Attack","Dagger Spray"],"picked":"SKIP","floor":31.0},{"not_picked":["A Thousand Cuts","Wraith Form v2"],"picked":"Die Die Die","floor":33.0},{"not_picked":["Acrobatics","Flying Knee+1"],"picked":"Dodge and Roll","floor":35.0},{"not_picked":["Outmaneuver","Flying Knee"],"picked":"Dodge and Roll","floor":36.0},{"not_picked":["PiercingWail","Deadly Poison"],"picked":"Burst","floor":38.0},{"not_picked":["Deflect","Terror"],"picked":"Acrobatics","floor":39.0},{"not_picked":["Bane","Accuracy"],"picked":"Backstab","floor":41.0},{"not_picked":["Prepared","Outmaneuver","Deadly Poison"],"picked":"SKIP","floor":45.0},{"not_picked":["Skewer","Dagger Throw"],"picked":"PiercingWail","floor":47}],"player_experience":1247260,"relics_obtained":[{"floor":7.0,"key":"Ginger"},{"floor":9.0,"key":"Turnip"},{"floor":11.0,"key":"Gambling Chip"},{"floor":24.0,"key":"Bottled Tornado"},{"floor":26.0,"key":"Mercury Hourglass"},{"floor":31.0,"key":"Bag of Preparation"},{"floor":41.0,"key":"MawBank"},{"floor":43.0,"key":"Smiling Mask"},{"floor":44.0,"key":"Mummified Hand"},{"floor":45.0,"key":"Letter Opener"},{"floor":47,"key":"Du-Vu Doll"}],"event_choices":[{"cards_removed":["Strike_G"],"damage_healed":0.0,"max_hp_gain":0.0,"max_hp_loss":0.0,"gold_gain":0.0,"event_name":"The Cleric","player_choice":"Card Removal","floor":2.0,"gold_loss":75.0,"damage_taken":0.0},{"damage_healed":0.0,"max_hp_gain":0.0,"max_hp_loss":0.0,"gold_gain":0.0,"event_name":"Golden Idol","player_choice":"Take Damage","floor":4.0,"gold_loss":0.0,"damage_taken":21.0,"relics_obtained":["Golden Idol"]},{"damage_healed":0.0,"max_hp_gain":0.0,"max_hp_loss":0.0,"gold_gain":0.0,"event_name":"The Mausoleum","player_choice":"Opened","floor":22.0,"gold_loss":0.0,"damage_taken":0.0,"relics_obtained":["Ancient Tea Set"],"cards_obtained":["Writhe"]},{"damage_healed":0.0,"max_hp_gain":0.0,"max_hp_loss":0.0,"gold_gain":0.0,"event_name":"Ghosts","player_choice":"Ignored","floor":28.0,"gold_loss":0.0,"damage_taken":0.0},{"cards_removed":["Writhe"],"damage_healed":0.0,"max_hp_gain":0.0,"max_hp_loss":0.0,"gold_gain":0.0,"event_name":"Fountain of Cleansing","player_choice":"Removed Curses","floor":30.0,"gold_loss":0.0,"damage_taken":0.0},{"damage_healed":0.0,"max_hp_gain":0.0,"max_hp_loss":0.0,"gold_gain":333.0,"event_name":"The Moai Head","player_choice":"Gave Idol","floor":42.0,"relics_lost":["Golden Idol"],"gold_loss":0.0,"damage_taken":0.0},{"damage_healed":0.0,"max_hp_gain":0.0,"max_hp_loss":0.0,"gold_gain":0.0,"event_name":"Mysterious Sphere","player_choice":"Fight","floor":47.0,"gold_loss":0.0,"damage_taken":0.0}],"is_beta":false,"boss_relics":[{"not_picked":["White Beast Statue","Coffee Dripper"],"picked":"Philosopher\u0027s Stone"},{"not_picked":["Sozu","Snecko Eye"],"picked":"Fusion Hammer"}],"items_purged_floors":[20,37,48],"is_endless":false,"potions_floor_spawned":[1,11,13,14,18,19,27,35,38,39,45],"ascension_level":20}