{"gold_per_floor":[164,164,183,193,206,239,271,283,295,336,360,372,396,422,434,548,560,585,607,633,744,768,780],"floor_reached":23,"playtime":3122,"items_purged":[],"score":234,"play_id":"f6808327-9605-48ce-ba18-b168e8df5a1b","local_time":"20181028203640","is_ascension_mode":false,"campfire_choices":[{"data":"Chill","floor":8,"key":"SMITH"},{"data":"Double Energy","floor":12,"key":"SMITH"},{"data":"Creative AI","floor":15,"key":"SMITH"}],"neow_cost":"NONE","seed_source_timestamp":184449657738698,"circlet_count":0,"master_deck":["Strike_B","Strike_B","Strike_B","Strike_B","Defend_B","Defend_B","Defend_B+1","Defend_B","Zap","Dualcast","Conserve Battery","Redo","Chill+1","Rip and Tear","White Noise","Rebound","Skim","Double Energy+1","Ball Lightning","Aggregate","Creative AI+1","Electrodynamics","Reprogram+1","Leap+1","Conserve Battery","Aggregate"],"relics":["Tiny House","MawBank","Letter Opener","Boot","Cursed Key"],"potions_floor_usage":[5,5,7,10,10,14,18,20,22],"damage_taken":[{"damage":0,"enemies":"2 Louse","floor":1,"turns":3},{"damage":0,"enemies":"Cultist","floor":3,"turns":4},{"damage":0,"enemies":"Small Slimes","floor":4,"turns":4},{"damage":0,"enemies":"Exordium Thugs","floor":5,"turns":3},{"damage":12,"enemies":"3 Sentries","floor":6,"turns":9},{"damage":0,"enemies":"Red Slaver","floor":7,"turns":5},{"damage":0,"enemies":"Lagavulin","floor":10,"turns":6},{"damage":3,"enemies":"Looter","floor":11,"turns":3},{"damage":0,"enemies":"3 Louse","floor":13,"turns":4},{"damage":16,"enemies":"Exordium Thugs","floor":14,"turns":4},{"damage":25,"enemies":"Slime Boss","floor":16,"turns":7},{"damage":11,"enemies":"Shell Parasite","floor":18,"turns":5},{"damage":11,"enemies":"Spheric Guardian","floor":19,"turns":5},{"damage":33,"enemies":"Snake Plant","floor":20,"turns":5},{"damage":8,"enemies":"Centurion and Healer","floor":22,"turns":6},{"damage":23,"enemies":"Gremlin Leader","floor":23,"turns":2}],"seed_played":"-1451640418816386770","potions_obtained":[{"floor":0,"key":"Weak Potion"},{"floor":2,"key":"Weak Potion"},{"floor":2,"key":"AttackPotion"},{"floor":3,"key":"AttackPotion"},{"floor":6,"key":"Block Potion"},{"floor":7,"key":"Fire Potion"},{"floor":10,"key":"Energy Potion"},{"floor":16,"key":"AttackPotion"},{"floor":19,"key":"Energy Potion"},{"floor":20,"key":"SneckoOil"}],"is_trial":false,"path_per_floor":["M","?","M","M","M","E","M","R","T","E","M","R","M","M","R","B",null,"M","M","M","?","M"],"character_chosen":"DEFECT","items_purchased":[],"campfire_rested":0,"item_purchase_floors":[],"current_hp_per_floor":[80,80,80,80,80,68,68,68,68,68,65,65,65,49,49,24,80,69,58,25,25,17,0],"gold":780,"neow_bonus":"BOSS_RELIC","is_prod":false,"is_daily":false,"chose_seed":false,"campfire_upgraded":3,"win_rate":0.0,"timestamp":1540784200,"path_taken":["M","?","M","M","M","E","M","R","T","E","M","R","M","M","R","BOSS","M","M","M","?","M","E"],"build_version":"2018-10-25v2","purchased_purges":0,"victory":false,"max_hp_per_floor":[80,80,80,80,80,80,80,80,80,80,80,80,80,80,80,80,80,80,80,80,80,80,80],"card_choices":[{"not_picked":["Streamline","Steam Power"],"picked":"Conserve Battery","floor":0},{"not_picked":["Barrage","Blizzard"],"picked":"Redo","floor":1},{"not_picked":["Compile Driver","Go for the Eyes"],"picked":"Chill","floor":3},{"not_picked":["Heatsinks","Gash"],"picked":"Rip and Tear","floor":4},{"not_picked":["All For One","Cold Snap"],"picked":"White Noise","floor":5},{"not_picked":["Steam","Barrage"],"picked":"Rebound","floor":6},{"not_picked":["Redo","Stack"],"picked":"Skim","floor":7},{"not_picked":["Go for the Eyes","Sunder"],"picked":"Double Energy","floor":10},{"not_picked":["Cold Snap","Chaos"],"picked":"Ball Lightning","floor":11},{"not_picked":["Hologram","Chill"],"picked":"Aggregate","floor":13},{"not_picked":["Barrage","Consume"],"picked":"Creative AI","floor":14},{"not_picked":["Reboot","Echo Form"],"picked":"Electrodynamics","floor":16},{"not_picked":["Go for the Eyes","Sweeping Beam"],"picked":"Reprogram+1","floor":18},{"not_picked":["Gash+1","Sweeping Beam+1"],"picked":"Leap+1","floor":19},{"not_picked":["Sunder","Barrage"],"picked":"Conserve Battery","floor":20},{"not_picked":["Rebound","Genetic Algorithm+1"],"picked":"Aggregate","floor":22}],"player_experience":164577,"relics_obtained":[{"floor":6,"key":"MawBank"},{"floor":9,"key":"Letter Opener"},{"floor":10,"key":"Boot"}],"event_choices":[{"damage_healed":0,"gold_gain":0,"player_choice":"Got Potions","damage_taken":0,"max_hp_gain":0,"max_hp_loss":0,"event_name":"The Lab","floor":2,"gold_loss":0},{"damage_healed":0,"gold_gain":99,"player_choice":"Stole From Cult","damage_taken":0,"max_hp_gain":0,"max_hp_loss":0,"event_name":"Nest","floor":21,"gold_loss":0}],"is_beta":false,"boss_relics":[{"not_picked":["Calling Bell","Busted Crown"],"picked":"Cursed Key"}],"items_purged_floors":[],"is_endless":false,"potions_floor_spawned":[3,6,7,10,16,19,20],"killed_by":"Gremlin Leader","ascension_level":0}