{"gold_per_floor":[115,129,54,68,68,68,68,68,93,112,139,150,180,190,190,285,285,269,269,269,120,132,132,164,178,249,249,266,266],"floor_reached":29,"playtime":1309,"items_purged":["Doubt"],"score":255,"play_id":"06e57a9f-d52d-40c2-8456-3b751170d95d","local_time":"20190122230754","is_ascension_mode":false,"campfire_choices":[{"floor":6,"key":"RECALL"},{"data":"Whirlwind","floor":8,"key":"SMITH"},{"data":"Corruption","floor":15,"key":"SMITH"},{"data":"Shrug It Off","floor":23,"key":"SMITH"}],"neow_cost":"CURSE","seed_source_timestamp":22614278617324,"circlet_count":0,"master_deck":["Strike_R","Strike_R","Strike_R","Strike_R","Strike_R","Defend_R","Defend_R","Defend_R","Defend_R","Bash","Immolate","Uppercut+1","Whirlwind+1","Shrug It Off","Corruption+1","Immolate","Shrug It Off+1","Reaper","Second Wind+1"],"relics":["Black Blood","Unceasing Top","Red Skull","Lantern","Frozen Egg 2","The Courier"],"potions_floor_usage":[13,13,24,24,28],"damage_taken":[{"damage":1,"enemies":"Jaw Worm","floor":1,"turns":3},{"damage":1,"enemies":"Cultist","floor":2,"turns":3},{"damage":0,"enemies":"Small Slimes","floor":4,"turns":2},{"damage":0,"enemies":"2 Fungi Beasts","floor":10,"turns":2},{"damage":18,"enemies":"Gremlin Nob","floor":11,"turns":4},{"damage":0,"enemies":"Lots of Slimes","floor":12,"turns":1},{"damage":10,"enemies":"Lagavulin","floor":13,"turns":6},{"damage":0,"enemies":"3 Louse","floor":14,"turns":1},{"damage":55,"enemies":"The Guardian","floor":16,"turns":13},{"damage":19,"enemies":"2 Thieves","floor":18,"turns":4},{"damage":25,"enemies":"Chosen","floor":22,"turns":6},{"damage":35,"enemies":"Book of Stabbing","floor":24,"turns":6},{"damage":31,"enemies":"Shelled Parasite and Fungi","floor":25,"turns":6},{"damage":13,"enemies":"Snake Plant","floor":28,"turns":4}],"seed_played":"-882144256060571680","potions_obtained":[{"floor":2,"key":"BloodPotion"},{"floor":7,"key":"PowerPotion"},{"floor":7,"key":"SteroidPotion"},{"floor":10,"key":"Energy Potion"},{"floor":12,"key":"AttackPotion"},{"floor":16,"key":"PowerPotion"},{"floor":18,"key":"FearPotion"},{"floor":24,"key":"SpeedPotion"}],"is_trial":false,"path_per_floor":["M","M","$","M","?","R","?","R","T","M","E","M","E","M","R","B",null,"M","?","?","$","M","R","E","M","T","?","M","$"],"character_chosen":"IRONCLAD","items_purchased":["Lantern"],"campfire_rested":0,"item_purchase_floors":[21],"current_hp_per_floor":[80,80,80,80,80,80,80,80,80,80,68,74,70,76,76,27,80,71,71,71,71,60,60,35,14,14,14,18,18],"gold":266,"neow_bonus":"THREE_RARE_CARDS","is_prod":false,"is_daily":false,"chose_seed":false,"campfire_upgraded":3,"win_rate":0,"timestamp":1548169674,"path_taken":["M","M","$","M","?","R","?","R","T","M","E","M","E","M","R","BOSS","M","?","?","$","?","R","E","M","T","?","M","$"],"build_version":"2019-01-17v2","purchased_purges":1,"victory":false,"max_hp_per_floor":[80,80,80,80,80,80,80,80,80,80,80,80,80,80,80,80,80,80,80,80,80,80,80,80,80,80,80,80,80],"card_choices":[{"not_picked":["Brutality","Exhume"],"picked":"Immolate","floor":0},{"not_picked":["Rampage","Clash"],"picked":"Uppercut","floor":1},{"not_picked":["Thunderclap","Headbutt"],"picked":"Whirlwind","floor":2},{"not_picked":["Rupture","Headbutt"],"picked":"Shrug It Off","floor":4},{"not_picked":["Uppercut","Dropkick"],"picked":"Corruption","floor":10},{"not_picked":["Heavy Blade","Thunderclap","Flex"],"picked":"SKIP","floor":11},{"not_picked":["Clash","Twin Strike","True Grit"],"picked":"SKIP","floor":12},{"not_picked":["Metallicize","Body Slam"],"picked":"Immolate","floor":13},{"not_picked":["True Grit","Armaments"],"picked":"Shrug It Off","floor":14},{"not_picked":["Exhume","Brutality"],"picked":"Reaper","floor":16},{"not_picked":["Cleave","Sword Boomerang","Body Slam"],"picked":"SKIP","floor":18},{"not_picked":["Headbutt","Pummel"],"picked":"Second Wind+1","floor":22},{"not_picked":["Reckless Charge","Body Slam","Wild Strike+1"],"picked":"SKIP","floor":24},{"not_picked":["Intimidate","Cleave","Warcry+1"],"picked":"SKIP","floor":25},{"not_picked":["Cleave","Impervious","Perfected Strike"],"picked":"SKIP","floor":28}],"player_experience":401066,"relics_obtained":[{"floor":11,"key":"Unceasing Top"},{"floor":13,"key":"Red Skull"},{"floor":24,"key":"Frozen Egg 2"},{"floor":26,"key":"The Courier"}],"event_choices":[{"damage_healed":0,"gold_gain":0,"player_choice":"Ignored","damage_taken":0,"max_hp_gain":0,"max_hp_loss":0,"event_name":"Liars Game","floor":5,"gold_loss":0},{"damage_healed":0,"gold_gain":0,"player_choice":"Got Potions","damage_taken":0,"max_hp_gain":0,"max_hp_loss":0,"event_name":"Lab","floor":7,"gold_loss":0},{"damage_healed":0,"gold_gain":0,"player_choice":"Ignored","damage_taken":0,"max_hp_gain":0,"max_hp_loss":0,"event_name":"Beggar","floor":19,"gold_loss":0},{"damage_healed":0,"gold_gain":0,"player_choice":"Forge","damage_taken":0,"max_hp_gain":0,"max_hp_loss":0,"event_name":"Accursed Blacksmith","floor":20,"gold_loss":0,"cards_upgraded":["Uppercut"]},{"damage_healed":0,"gold_gain":0,"player_choice":"Ignored","damage_taken":0,"max_hp_gain":0,"max_hp_loss":0,"event_name":"Ghosts","floor":27,"gold_loss":0}],"is_beta":false,"boss_relics":[{"not_picked":["Mark of Pain","Pandora\u0027s Box"],"picked":"Black Blood"}],"items_purged_floors":[3],"is_endless":false,"potions_floor_spawned":[2,10,12,16,18,24],"ascension_level":0}