{"gold_per_floor":[109,109,34,44,57,57,83,83,106,6,6,33,47,61,61,61],"floor_reached":16,"playtime":398,"items_purged":["Strike_B","Strike_B"],"score":220,"play_id":"09955809-dc69-4705-95f4-a57758e75f88","local_time":"20190124171929","is_ascension_mode":true,"campfire_choices":[{"data":"Gash","floor":6.0,"key":"SMITH"},{"floor":8.0,"key":"REST"},{"data":"Go for the Eyes","floor":11.0,"key":"SMITH"},{"floor":15,"key":"REST"}],"neow_cost":"NONE","seed_source_timestamp":27844436386358,"circlet_count":0,"master_deck":["AscendersBane","Strike_B","Strike_B","Defend_B","Defend_B","Defend_B","Defend_B","Zap+1","Dualcast","Gash+1","Go for the Eyes+1","Aggregate","Ball Lightning","BootSequence","Conserve Battery","Multi-Cast"],"special_seed":0,"relics":["Cracked Core","NeowsBlessing","Happy Flower","Strawberry","Dead Branch"],"potions_floor_usage":[12,16],"damage_taken":[{"damage":0.0,"enemies":"Jaw Worm","floor":1.0,"turns":1.0},{"damage":0.0,"enemies":"Cultist","floor":4.0,"turns":1.0},{"damage":0.0,"enemies":"Small Slimes","floor":5.0,"turns":1.0},{"damage":50.0,"enemies":"3 Sentries","floor":7.0,"turns":8.0},{"damage":32,"enemies":"Gremlin Nob","floor":12,"turns":4},{"damage":3,"enemies":"2 Fungi Beasts","floor":13,"turns":4},{"damage":3,"enemies":"Exordium Thugs","floor":14,"turns":4},{"damage":29,"enemies":"The Guardian","floor":16,"turns":5}],"seed_played":"912700645124550041","potions_obtained":[{"floor":5.0,"key":"Weak Potion"},{"floor":7.0,"key":"FearPotion"},{"floor":12,"key":"Ancient Potion"}],"is_trial":false,"path_per_floor":["M","?","$","M","M","R","E","R","T","$","R","E","M","M","R","B"],"character_chosen":"DEFECT","items_purchased":[],"campfire_rested":2,"item_purchase_floors":[],"current_hp_per_floor":[64,64,64,64,64,64,14,35,42,42,42,10,7,4,27,0],"gold":61,"neow_bonus":"THREE_ENEMY_KILL","is_prod":false,"is_daily":false,"chose_seed":false,"campfire_upgraded":2,"win_rate":0,"timestamp":1548350369,"path_taken":["M","?","$","M","?","R","E","R","T","?","R","E","M","M","R","BOSS"],"build_version":"2019-01-23","purchased_purges":2,"victory":false,"max_hp_per_floor":[71,71,71,71,71,71,71,71,78,78,78,78,78,78,78,78],"card_choices":[{"not_picked":["Barrage","Capacitor"],"picked":"Gash","floor":1.0},{"not_picked":["Compile Driver","Beam Cell"],"picked":"Go for the Eyes","floor":4.0},{"not_picked":["Lockon","Turbo"],"picked":"Aggregate","floor":5.0},{"not_picked":["Darkness","Skim"],"picked":"Ball Lightning","floor":7.0},{"not_picked":["Sweeping Beam","Conserve Battery"],"picked":"BootSequence","floor":12},{"not_picked":["Sweeping Beam","Redo"],"picked":"Conserve Battery","floor":13},{"not_picked":["Turbo","Rebound"],"picked":"Multi-Cast","floor":14}],"player_experience":1165671,"relics_obtained":[{"floor":7.0,"key":"Happy Flower"},{"floor":9.0,"key":"Strawberry"},{"floor":12,"key":"Dead Branch"}],"event_choices":[{"damage_healed":0.0,"max_hp_gain":0.0,"max_hp_loss":0.0,"gold_gain":0.0,"event_name":"Upgrade Shrine","player_choice":"Upgraded","floor":2.0,"gold_loss":0.0,"damage_taken":0.0,"cards_upgraded":["Zap"]}],"is_beta":false,"boss_relics":[],"items_purged_floors":[3,10],"is_endless":false,"potions_floor_spawned":[5,7,12,13],"killed_by":"The Guardian","ascension_level":20}