{"gold_per_floor":[119,134,134,154,154,154,154,189,212,212,238,255,15,15,15,115,115,134,144,67,67,80,105,117,117],"floor_reached":25,"playtime":2586,"items_purged":[],"score":231,"play_id":"198400ac-1192-4a59-90bc-8e9ef2cc87c8","local_time":"20190512031549","is_ascension_mode":false,"campfire_choices":[{"data":"Zap","floor":6.0,"key":"SMITH"},{"floor":10,"key":"REST"},{"data":"Consume","floor":15,"key":"SMITH"}],"neow_cost":"NONE","seed_source_timestamp":0,"circlet_count":0,"master_deck":["Strike_B+1","Strike_B","Strike_B","Defend_B","Defend_B","Defend_B","Defend_B","Zap+1","Dualcast","Sweeping Beam+1","Melter","Conserve Battery","Consume+1","Glacier","Self Repair","Creative AI","Defragment+1","Defragment","Reprogram+1","Core Surge"],"special_seed":0,"relics":["FrozenCore","Lantern","Dream Catcher","Bag of Marbles","Centennial Puzzle","Kunai","Happy Flower","CultistMask","Whetstone"],"potions_floor_usage":[11,16,19,24],"damage_taken":[{"damage":6.0,"enemies":"Cultist","floor":1.0,"turns":3.0},{"damage":0.0,"enemies":"Small Slimes","floor":2.0,"turns":3.0},{"damage":0.0,"enemies":"2 Louse","floor":4.0,"turns":2.0},{"damage":13,"enemies":"3 Sentries","floor":8,"turns":6},{"damage":9,"enemies":"Lagavulin","floor":11,"turns":7},{"damage":3,"enemies":"Exordium Thugs","floor":12,"turns":4},{"damage":29,"enemies":"Hexaghost","floor":16,"turns":13},{"damage":0,"enemies":"Spheric Guardian","floor":18,"turns":4},{"damage":5,"enemies":"2 Thieves","floor":19,"turns":5},{"damage":7,"enemies":"Snecko","floor":22,"turns":8},{"damage":50,"enemies":"Book of Stabbing","floor":23,"turns":9},{"damage":8,"enemies":"Sentry and Sphere","floor":24,"turns":4},{"damage":19,"enemies":"Slavers","floor":25,"turns":1}],"seed_played":"-5793381469068417387","potions_obtained":[{"floor":4.0,"key":"Block Potion"},{"floor":8,"key":"Block Potion"},{"floor":12,"key":"Poison Potion"},{"floor":16,"key":"Fire Potion"},{"floor":19,"key":"Fire Potion"},{"floor":24,"key":"Energy Potion"}],"is_trial":false,"path_per_floor":["M","M","?","M","?","R","?","E","T","R","E","M","$","?","R","B",null,"M","M","$","?","M","E","M","E"],"character_chosen":"DEFECT","items_purchased":["Kunai","Defragment"],"campfire_rested":1,"item_purchase_floors":[13,20],"current_hp_per_floor":[69,69,62,62,55,55,55,42,42,64,55,59,59,59,59,37,75,75,75,75,75,75,25,17,0],"gold":117,"neow_bonus":"RANDOM_COMMON_RELIC","is_prod":false,"is_daily":false,"chose_seed":false,"campfire_upgraded":2,"win_rate":0,"timestamp":1557645349,"path_taken":["M","M","?","M","?","R","?","E","T","R","E","M","$","?","R","BOSS","M","M","$","?","M","E","?","E"],"build_version":"2019-01-23","purchased_purges":0,"victory":false,"max_hp_per_floor":[75,75,75,75,75,75,75,75,75,75,75,75,75,75,75,75,75,75,75,75,75,75,75,75,75],"card_choices":[{"not_picked":["Beam Cell","Darkness"],"picked":"Sweeping Beam","floor":1.0},{"not_picked":["Rebound","Fusion"],"picked":"Melter","floor":2.0},{"not_picked":["Barrage","Cold Snap"],"picked":"Conserve Battery","floor":4.0},{"not_picked":["Barrage","Streamline"],"picked":"Consume","floor":8},{"not_picked":["Chaos","Leap"],"picked":"Glacier","floor":10},{"not_picked":["Glacier","Coolheaded"],"picked":"Self Repair","floor":11},{"not_picked":["Stack","Skim","Storm"],"picked":"SKIP","floor":12},{"not_picked":["Multi-Cast","Hyperbeam"],"picked":"Creative AI","floor":16},{"not_picked":["Beam Cell","Genetic Algorithm"],"picked":"Defragment+1","floor":18},{"not_picked":["Hologram","Sweeping Beam","Steam"],"picked":"SKIP","floor":19},{"not_picked":["Ball Lightning","Darkness"],"picked":"Reprogram+1","floor":22},{"not_picked":["Static Discharge","Streamline"],"picked":"Core Surge","floor":23},{"not_picked":["Compile Driver","Sweeping Beam","Gash"],"picked":"SKIP","floor":24}],"player_experience":180573,"relics_obtained":[{"floor":8,"key":"Dream Catcher"},{"floor":9,"key":"Bag of Marbles"},{"floor":11,"key":"Centennial Puzzle"},{"floor":23,"key":"Whetstone"}],"event_choices":[{"cards_removed":["Strike_B"],"damage_healed":0.0,"max_hp_gain":0.0,"max_hp_loss":0.0,"gold_gain":0.0,"event_name":"Golden Wing","player_choice":"Card Removal","floor":3.0,"gold_loss":0.0,"damage_taken":7.0},{"damage_healed":0.0,"max_hp_gain":0.0,"max_hp_loss":0.0,"gold_gain":0.0,"event_name":"Scrap Ooze","player_choice":"Fled","floor":5.0,"gold_loss":0.0,"damage_taken":7.0},{"damage_healed":0.0,"max_hp_gain":0.0,"max_hp_loss":0.0,"gold_gain":0.0,"event_name":"Shining Light","player_choice":"Ignored","floor":7.0,"gold_loss":0.0,"damage_taken":0.0},{"damage_healed":0,"gold_gain":0,"player_choice":"Gave Potion","damage_taken":0,"relics_obtained":["Happy Flower"],"max_hp_gain":0,"max_hp_loss":0,"event_name":"WeMeetAgain","floor":14,"gold_loss":0},{"damage_healed":0,"gold_gain":0,"player_choice":"Trade","damage_taken":0,"relics_obtained":["CultistMask"],"max_hp_gain":0,"max_hp_loss":0,"event_name":"FaceTrader","floor":21,"gold_loss":0}],"is_beta":false,"boss_relics":[{"not_picked":["White Beast Statue","Calling Bell"],"picked":"FrozenCore"}],"items_purged_floors":[],"is_endless":false,"potions_floor_spawned":[4,8,12,16,19,24],"killed_by":"Slavers","ascension_level":0}