{"gold_per_floor":[119,133,150,164,183,217,217,250,250,12,12,12,87,104,104,208,208,225,242,342,342],"floor_reached":21,"playtime":1564,"items_purged":[],"score":191,"play_id":"fc04fc44-055c-488b-b957-f2e2b9f34fea","local_time":"20181027184339","is_ascension_mode":false,"campfire_choices":[{"data":"Chaos","floor":7,"key":"SMITH"},{"floor":12,"key":"REST"},{"floor":15,"key":"REST"}],"neow_cost":"NONE","seed_source_timestamp":168467500596324,"circlet_count":0,"master_deck":["Strike_B","Strike_B","Strike_B","Strike_B","Defend_B","Defend_B","Defend_B","Defend_B","Zap","Dualcast","Blizzard","Ball Lightning","White Noise","Chaos+1","Darkness","Self Repair","Melter","Storm","Creative AI","Doom and Gloom+1","Compile Driver","Force Field+1"],"relics":["Cracked Core","NeowsBlessing","PreservedInsect","Matryoshka","Pantograph","Oddly Smooth Stone","Mercury Hourglass","Mummified Hand","Inserter","Unceasing Top","Meat on the Bone"],"potions_floor_usage":[4,8,19,20],"damage_taken":[{"damage":0,"enemies":"Cultist","floor":1,"turns":1},{"damage":0,"enemies":"Jaw Worm","floor":2,"turns":1},{"damage":0,"enemies":"2 Louse","floor":3,"turns":1},{"damage":16,"enemies":"Large Slime","floor":4,"turns":4},{"damage":8,"enemies":"Looter","floor":5,"turns":3},{"damage":15,"enemies":"Lagavulin","floor":6,"turns":5},{"damage":21,"enemies":"3 Sentries","floor":8,"turns":5},{"damage":0,"enemies":"Exordium Wildlife","floor":14,"turns":2},{"damage":50,"enemies":"Hexaghost","floor":16,"turns":8},{"damage":0,"enemies":"Spheric Guardian","floor":18,"turns":2},{"damage":28,"enemies":"Shell Parasite","floor":19,"turns":4},{"damage":26,"enemies":"Colosseum Slavers","floor":20,"turns":4},{"damage":20,"enemies":"Colosseum Nobs","floor":20,"turns":3},{"damage":25,"enemies":"Snake Plant","floor":21,"turns":3}],"seed_played":"6885702589776975325","potions_obtained":[{"floor":2,"key":"LiquidBronze"},{"floor":4,"key":"SteroidPotion"},{"floor":6,"key":"AttackPotion"},{"floor":14,"key":"FocusPotion"},{"floor":19,"key":"Fire Potion"}],"is_trial":false,"path_per_floor":["M","M","M","M","M","E","R","E","T","$","?","R","?","M","R","B",null,"M","M","?"],"character_chosen":"DEFECT","items_purchased":["Mercury Hourglass"],"campfire_rested":2,"item_purchase_floors":[10],"current_hp_per_floor":[75,75,75,59,51,36,36,22,22,22,15,37,26,26,48,30,75,75,54,22,0],"gold":342,"neow_bonus":"THREE_ENEMY_KILL","is_prod":false,"is_daily":false,"chose_seed":false,"campfire_upgraded":1,"win_rate":0.0,"timestamp":1540691019,"path_taken":["M","?","M","?","M","E","R","E","T","$","?","R","?","M","R","BOSS","M","M","?","M"],"build_version":"2018-10-25v2","purchased_purges":0,"victory":false,"max_hp_per_floor":[75,75,75,75,75,75,75,75,75,75,75,75,75,75,75,75,75,75,75,75,75],"card_choices":[{"not_picked":["Compile Driver","Streamline"],"picked":"Blizzard","floor":1},{"not_picked":["Tempest","Lockon"],"picked":"Ball Lightning","floor":2},{"not_picked":["Beam Cell","Glacier"],"picked":"White Noise","floor":3},{"not_picked":["Go for the Eyes","Rip and Tear"],"picked":"Chaos","floor":4},{"not_picked":["Redo","Rebound"],"picked":"Darkness","floor":5},{"not_picked":["Steam","Barrage"],"picked":"Self Repair","floor":6},{"not_picked":["Ball Lightning","Double Energy"],"picked":"Melter","floor":8},{"not_picked":["Gash","Heatsinks"],"picked":"Storm","floor":14},{"not_picked":["All For One","Biased Cognition"],"picked":"Creative AI","floor":16},{"not_picked":["Barrage","Rebound+1"],"picked":"Doom and Gloom+1","floor":18},{"not_picked":["Double Energy","Lockon"],"picked":"Compile Driver","floor":19},{"not_picked":["Coolheaded","Consume+1"],"picked":"Force Field+1","floor":20}],"player_experience":160030,"relics_obtained":[{"floor":6,"key":"PreservedInsect"},{"floor":8,"key":"Matryoshka"},{"floor":9,"key":"Pantograph"},{"floor":9,"key":"Oddly Smooth Stone"},{"floor":20,"key":"Unceasing Top"},{"floor":20,"key":"Meat on the Bone"}],"event_choices":[{"damage_healed":0,"gold_gain":0,"player_choice":"Success","damage_taken":7,"relics_obtained":["Mummified Hand"],"max_hp_gain":0,"max_hp_loss":0,"event_name":"Scrap Ooze","floor":11,"gold_loss":0},{"damage_healed":0,"gold_gain":75,"player_choice":"Gather Gold","damage_taken":11,"max_hp_gain":0,"max_hp_loss":0,"event_name":"World of Goop","floor":13,"gold_loss":0},{"damage_healed":0,"gold_gain":0,"player_choice":"Fight","damage_taken":0,"max_hp_gain":0,"max_hp_loss":0,"event_name":"Colosseum","floor":20,"gold_loss":0},{"damage_healed":0,"gold_gain":0,"player_choice":"Fought Nobs","damage_taken":0,"max_hp_gain":0,"max_hp_loss":0,"event_name":"Colosseum","floor":20,"gold_loss":0}],"is_beta":false,"boss_relics":[{"not_picked":["Ectoplasm","Tiny House"],"picked":"Inserter"}],"items_purged_floors":[],"is_endless":false,"potions_floor_spawned":[2,4,6,14,19],"killed_by":"Snake Plant","ascension_level":0}