{"gold_per_floor":[112,112,127,127,152,186,136,199,223,261,211,252,252,217,167,296,296,314,314,27,27,42,85,85,129,177,127,77,118,149,216,178,311,323,356,368,426,438,466,428,390,402],"floor_reached":42,"playtime":4380,"items_purged":[],"score":799,"play_id":"4665c616-f8d7-4151-aade-22e6ebbc45c7","local_time":"20190113163843","is_ascension_mode":true,"campfire_choices":[{"data":"Slimebound:Split","floor":7.0,"key":"SMITH"},{"data":"Slimebound:DuplicatedForm","floor":11.0,"key":"SMITH"},{"data":"Slimebound:LeadByExample","floor":15.0,"key":"SMITH"},{"data":"Slimebound:MassRepurpose","floor":27,"key":"SMITH"},{"floor":28,"key":"REST"},{"floor":32,"key":"REST"},{"data":"Slimebound:SplitMire","floor":40,"key":"SMITH"},{"data":"Slimebound:SuperSplit","floor":41,"key":"SMITH"}],"neow_cost":"","seed_source_timestamp":0,"circlet_count":0,"master_deck":["Slimebound:Defend_Slimebound","Slimebound:Defend_Slimebound","Slimebound:Defend_Slimebound","Slimebound:Defend_Slimebound","Slimebound:Split+1","Slimebound:CorrosiveSpit","Slimebound:ProtectTheBoss","Slimebound:AcidGelatin","Slimebound:LeadByExample+1","Slimebound:OozeBath","Slimebound:Recollect","Slimebound:DuplicatedForm+1","Slimebound:LeechLife","Slimebound:StudyTheSpire","Slimebound:SplitMire+1","Slimebound:Tackle+1","Slimebound:Tackle","Slimebound:Tackle+1","Slimebound:Tackle","Slimebound:SpikyOuterGoop","Bandage Up","Slimebound:MassRepurpose+1","Slimebound:SpikyOuterGoop","Slimebound:FinishingTackle","Slimebound:SlimeSpikes","Slimebound:RainOfGoop","Slimebound:RainOfGoop+1","Slimebound:LivingWall","Slimebound:LeechingTouch+1","Slimebound:SuperSplit+1","Slimebound:LeechingTouch+1","Slimebound:SplitBruiser+1"],"special_seed":0,"relics":["Slimebound:AbsorbEndCombat","Orichalcum","Golden Idol","Slimebound:GreedOozeRelic","Pen Nib","Tiny Chest","Strawberry","Mummified Hand","Oddly Smooth Stone","White Beast Statue","Molten Egg 2","WingedGreaves","Vajra","Whetstone","MawBank","Art of War","Philosopher\u0027s Stone","Bag of Marbles"],"potions_floor_usage":[25,25,29,33,33,42,42],"damage_taken":[{"damage":6.0,"enemies":"Small Slimes","floor":1.0,"turns":3.0},{"damage":6.0,"enemies":"2 Louse","floor":3.0,"turns":3.0},{"damage":13.0,"enemies":"Jaw Worm","floor":5.0,"turns":4.0},{"damage":20.0,"enemies":"3 Sentries","floor":6.0,"turns":9.0},{"damage":16.0,"enemies":"Lagavulin","floor":8.0,"turns":6.0},{"damage":23.0,"enemies":"3 Sentries","floor":10.0,"turns":6.0},{"damage":25.0,"enemies":"Gremlin Nob","floor":12.0,"turns":4.0},{"damage":33.0,"enemies":"The Guardian","floor":16.0,"turns":8.0},{"damage":11.0,"enemies":"Spheric Guardian","floor":18.0,"turns":3.0},{"damage":27.0,"enemies":"Chosen","floor":22.0,"turns":4.0},{"damage":38.0,"enemies":"Slavers","floor":23.0,"turns":4.0},{"damage":66,"enemies":"Gremlin Leader","floor":25,"turns":6},{"damage":43,"enemies":"Book of Stabbing","floor":29,"turns":4},{"damage":29,"enemies":"Shelled Parasite and Fungi","floor":30,"turns":2},{"damage":47,"enemies":"Champ","floor":33,"turns":8},{"damage":68,"enemies":"3 Darklings","floor":35,"turns":6},{"damage":17,"enemies":"3 Shapes","floor":39,"turns":4},{"damage":93,"enemies":"Reptomancer","floor":42,"turns":3}],"seed_played":"-1057101164023934365","potions_obtained":[{"floor":1.0,"key":"SpeedPotion"},{"floor":8.0,"key":"Swift Potion"},{"floor":10.0,"key":"SkillPotion"},{"floor":12.0,"key":"GamblersBrew"},{"floor":16.0,"key":"SkillPotion"},{"floor":18.0,"key":"Dexterity Potion"},{"floor":22.0,"key":"Fire Potion"},{"floor":23.0,"key":"Weak Potion"},{"floor":25,"key":"Fruit Juice"},{"floor":29,"key":"Ancient Potion"},{"floor":30,"key":"Slimebound:SlimedPotion"},{"floor":33,"key":"SpeedPotion"},{"floor":35,"key":"Strength Potion"},{"floor":39,"key":"Energy Potion"}],"is_trial":false,"path_per_floor":["M","?","M","?","M","E","R","E","T","E","R","E","?","?","R","B",null,"M","?","$","?","M","E","T","E","T","R","R","E","M","T","R","B",null,"M","?","T","?","M","R","R","E"],"character_chosen":"SLIMEBOUND","items_purchased":["Slimebound:Recollect","PowerPotion","Slimebound:SpikyOuterGoop","Bandage Up","Slimebound:MassRepurpose"],"campfire_rested":2,"item_purchase_floors":[0,0,20,20,20],"current_hp_per_floor":[70,53,50,50,45,38,38,41,48,40,40,41,46,66,66,73,82,82,82,82,82,76,65,65,25,25,25,49,45,37,37,63,68,87,64,64,64,64,73,73,73,0],"gold":402,"neow_bonus":"","is_prod":false,"is_daily":false,"chose_seed":false,"campfire_upgraded":6,"win_rate":0,"timestamp":1547419123,"path_taken":["M","?","M","?","M","E","R","E","T","E","R","E","?","?","R","BOSS","M","?","$","?","M","E","?","E","T","R","R","E","?","?","R","BOSS","M","?","?","?","M","R","R","E"],"build_version":"2019-01-10","purchased_purges":0,"victory":false,"max_hp_per_floor":[70,70,70,70,70,70,70,70,77,77,77,77,82,82,82,82,82,82,82,82,82,82,82,82,82,82,82,82,87,87,87,87,87,87,87,87,87,87,87,87,87,87],"card_choices":[{"not_picked":["Slimebound:PressTheAttack","Slimebound:LeechEnergy"],"picked":"Slimebound:AcidGelatin","floor":1.0},{"not_picked":["Slimebound:GoopTackle","Slimebound:DivideAndConquer"],"picked":"Slimebound:LeadByExample","floor":3.0},{"not_picked":["Slimebound:ItLooksTasty","Slimebound:LeechingTouch"],"picked":"Slimebound:OozeBath","floor":5.0},{"not_picked":["Slimebound:Lick","Slimebound:DivideAndConquer"],"picked":"Slimebound:Gluttony","floor":6.0},{"not_picked":["Slimebound:ComboTackle","Slimebound:GoopSpray"],"picked":"Slimebound:Recollect","floor":8.0},{"not_picked":["Slimebound:ProtectTheBoss","Slimebound:HauntingLick"],"picked":"Slimebound:DuplicatedForm","floor":10.0},{"not_picked":["Slimebound:ItLooksTasty","Slimebound:DivideAndConquer"],"picked":"Slimebound:LeechLife","floor":12.0},{"not_picked":["Slimebound:Overexert","Slimebound:CheckThePlaybook"],"picked":"Slimebound:StudyTheSpire","floor":16.0},{"not_picked":["Slimebound:RollThrough","Slimebound:GoopTackle+1"],"picked":"Slimebound:SplitMire","floor":18.0},{"not_picked":["Slimebound:AcidGelatin","Slimebound:FirmFortitude+1"],"picked":"Slimebound:SlimeSpikes","floor":22.0},{"not_picked":["Slimebound:GoopSpray","Slimebound:SplitLeeching"],"picked":"Slimebound:RainOfGoop","floor":23.0},{"not_picked":["Slimebound:RejuvenatingLick","Slimebound:FormOfPuddle+1"],"picked":"Slimebound:RainOfGoop+1","floor":25},{"not_picked":["Slimebound:TendrilStrike+1","Slimebound:SlimeSpikes"],"picked":"Slimebound:LivingWall","floor":29},{"not_picked":["Slimebound:GoopTackle+1","Slimebound:AcidGelatin+1"],"picked":"Slimebound:LeechingTouch+1","floor":30},{"not_picked":["Slimebound:OozeBath","Slimebound:WasteNot"],"picked":"Slimebound:SuperSplit","floor":33},{"not_picked":["Slimebound:SplitBruiser","Slimebound:VenomTackle+1"],"picked":"Slimebound:LeechingTouch+1","floor":35},{"not_picked":["Slimebound:DivideAndConquer+1","Slimebound:MegaLick+1"],"picked":"Slimebound:SplitBruiser+1","floor":39}],"player_experience":244886,"relics_obtained":[{"floor":6.0,"key":"Pen Nib"},{"floor":8.0,"key":"Tiny Chest"},{"floor":9.0,"key":"Strawberry"},{"floor":10.0,"key":"Mummified Hand"},{"floor":12.0,"key":"Oddly Smooth Stone"},{"floor":23.0,"key":"Molten Egg 2"},{"floor":24.0,"key":"WingedGreaves"},{"floor":25,"key":"Vajra"},{"floor":26,"key":"Whetstone"},{"floor":29,"key":"MawBank"},{"floor":31,"key":"Art of War"},{"floor":37,"key":"Bag of Marbles"}],"event_choices":[{"damage_healed":0.0,"max_hp_gain":0.0,"max_hp_loss":0.0,"gold_gain":0.0,"event_name":"Golden Idol","player_choice":"Take Damage","floor":2.0,"gold_loss":0.0,"damage_taken":17.0,"relics_obtained":["Golden Idol"]},{"damage_healed":0.0,"max_hp_gain":5.0,"max_hp_loss":0.0,"gold_gain":0.0,"event_name":"Big Fish","player_choice":"Donut","floor":13.0,"gold_loss":0.0,"damage_taken":0.0},{"damage_healed":20.0,"max_hp_gain":0.0,"max_hp_loss":0.0,"gold_gain":0.0,"event_name":"The Cleric","player_choice":"Healed","floor":14.0,"gold_loss":35.0,"damage_taken":0.0},{"damage_healed":0.0,"max_hp_gain":0.0,"max_hp_loss":0.0,"gold_gain":0.0,"cards_transformed":["Slimebound:Gluttony","Slimebound:Tackle"],"event_name":"Drug Dealer","player_choice":"Became Test Subject","floor":21.0,"gold_loss":0.0,"damage_taken":0.0,"cards_obtained":["Slimebound:SpikyOuterGoop","Slimebound:FinishingTackle"]},{"damage_healed":0,"gold_gain":0,"player_choice":"Ignored","damage_taken":0,"max_hp_gain":0,"max_hp_loss":0,"event_name":"Tomb of Lord Red Mask","floor":36,"gold_loss":0},{"damage_healed":0,"gold_gain":0,"player_choice":"Ignored","damage_taken":0,"max_hp_gain":0,"max_hp_loss":0,"event_name":"SecretPortal","floor":38,"gold_loss":0}],"is_beta":false,"boss_relics":[{"not_picked":["Ectoplasm","Fusion Hammer"],"picked":"White Beast Statue"},{"not_picked":["Black Star","Coffee Dripper"],"picked":"Philosopher\u0027s Stone"}],"items_purged_floors":[],"is_endless":false,"potions_floor_spawned":[1,8,10,12,16,18,22,23,25,29,30,33,35,39],"killed_by":"Reptomancer","ascension_level":3}