{"gold_per_floor":[110,110,123,146,221,259,259,303,303,303,303],"floor_reached":11,"playtime":365,"items_purged":[],"score":138,"play_id":"f0fbd557-6719-4c40-8357-db505607c52e","local_time":"20190131210650","is_ascension_mode":true,"campfire_choices":[{"floor":7,"key":"REST"},{"data":"Searing Blow","floor":10,"key":"SMITH"}],"neow_cost":"","seed_source_timestamp":0,"circlet_count":0,"master_deck":["Strike_R","Strike_R","Strike_R","Strike_R","Strike_R","Defend_R","Defend_R","Defend_R","Defend_R","Bash","Shrug It Off","Searing Blow+1","Rampage","Corruption","Spot Weakness"],"relics":["Burning Blood","Golden Idol","Bag of Preparation","The Courier","Question Card"],"potions_floor_usage":[4,8],"damage_taken":[{"damage":5,"enemies":"Jaw Worm","floor":1,"turns":5},{"damage":7,"enemies":"2 Louse","floor":3,"turns":3},{"damage":7,"enemies":"Small Slimes","floor":4,"turns":5},{"damage":46,"enemies":"3 Sentries","floor":6,"turns":9},{"damage":21,"enemies":"Lagavulin","floor":8,"turns":7},{"damage":17,"enemies":"3 Sentries","floor":11,"turns":4}],"seed_played":"3855052275096403373","potions_obtained":[{"floor":3,"key":"PowerPotion"},{"floor":4,"key":"Fire Potion"}],"is_trial":true,"path_per_floor":["M","?","M","M","?","E","R","E","T","R","E"],"character_chosen":"IRONCLAD","items_purchased":[],"campfire_rested":1,"item_purchase_floors":[],"current_hp_per_floor":[80,60,59,58,47,7,31,16,16,16,0],"gold":303,"neow_bonus":"","is_prod":false,"is_daily":false,"chose_seed":false,"campfire_upgraded":1,"win_rate":0,"timestamp":1548968810,"path_taken":["M","?","M","M","?","E","R","E","T","R","E"],"build_version":"2019-01-23","purchased_purges":0,"victory":false,"max_hp_per_floor":[80,80,80,80,80,80,80,80,80,80,80],"card_choices":[{"not_picked":["Body Slam","Sentinel"],"picked":"Shrug It Off","floor":1},{"not_picked":["Flex","Second Wind"],"picked":"Searing Blow","floor":3},{"not_picked":["Flame Barrier","Armaments"],"picked":"Rampage","floor":4},{"not_picked":["Headbutt","Fire Breathing"],"picked":"Corruption","floor":6},{"not_picked":["Anger","Warcry"],"picked":"Spot Weakness","floor":8}],"player_experience":1177816,"relics_obtained":[{"floor":6,"key":"Bag of Preparation"},{"floor":8,"key":"The Courier"},{"floor":9,"key":"Question Card"}],"event_choices":[{"damage_healed":0,"gold_gain":0,"player_choice":"Take Damage","damage_taken":20,"relics_obtained":["Golden Idol"],"max_hp_gain":0,"max_hp_loss":0,"event_name":"Golden Idol","floor":2,"gold_loss":0},{"damage_healed":0,"gold_gain":75,"player_choice":"Gather Gold","damage_taken":11,"max_hp_gain":0,"max_hp_loss":0,"event_name":"World of Goop","floor":5,"gold_loss":0}],"is_beta":false,"boss_relics":[],"items_purged_floors":[],"is_endless":true,"potions_floor_spawned":[3,4],"killed_by":"3 Sentries","ascension_level":1}