{"gold_per_floor":[116,116,129,82,93,118,136,156,181,208,225,225,236,262,262,336,336,356,367,23,40,57,57,57],"floor_reached":24,"playtime":1038,"items_purged":["Strike_G"],"score":424,"play_id":"0156527b-fd1b-4152-b09a-dfc53a2064a2","local_time":"20190311005350","is_ascension_mode":true,"campfire_choices":[{"floor":12.0,"key":"REST"},{"floor":15.0,"key":"REST"},{"data":"Envenom","floor":23,"key":"SMITH"}],"neow_cost":"NONE","seed_source_timestamp":41080397854200,"circlet_count":0,"master_deck":["AscendersBane","Defend_G","Defend_G","Defend_G","Defend_G","Defend_G","Strike_G","Strike_G+1","Strike_G","Strike_G","Survivor","Neutralize+1","Backstab","Footwork","Dagger Spray","Backstab","Heel Hook","Backflip","PiercingWail","Dagger Spray","Malaise","Envenom+1","Dagger Throw","Deadly Poison","Footwork","Deadly Poison","Dodge and Roll"],"special_seed":0,"relics":["Ring of the Snake","NeowsBlessing","Vajra","Whetstone","Oddly Smooth Stone","Odd Mushroom","Ancient Tea Set","Eternal Feather","Lee\u0027s Waffle"],"potions_floor_usage":[16,18,24],"damage_taken":[{"damage":0.0,"enemies":"Small Slimes","floor":1.0,"turns":1.0},{"damage":0.0,"enemies":"Cultist","floor":3.0,"turns":1.0},{"damage":0.0,"enemies":"Jaw Worm","floor":5.0,"turns":1.0},{"damage":42.0,"enemies":"Gremlin Nob","floor":6.0,"turns":6.0},{"damage":1.0,"enemies":"Blue Slaver","floor":7.0,"turns":5.0},{"damage":6.0,"enemies":"Exordium Thugs","floor":8.0,"turns":4.0},{"damage":9.0,"enemies":"The Mushroom Lair","floor":10.0,"turns":3.0},{"damage":0.0,"enemies":"2 Fungi Beasts","floor":11.0,"turns":2.0},{"damage":3.0,"enemies":"Looter","floor":13.0,"turns":3.0},{"damage":9.0,"enemies":"3 Sentries","floor":14.0,"turns":7.0},{"damage":25,"enemies":"Hexaghost","floor":16,"turns":12},{"damage":22,"enemies":"Shell Parasite","floor":18,"turns":9},{"damage":25,"enemies":"Chosen","floor":19,"turns":8},{"damage":18,"enemies":"Centurion and Healer","floor":21,"turns":12},{"damage":22,"enemies":"Snecko","floor":22,"turns":7},{"damage":35,"enemies":"Slavers","floor":24,"turns":3}],"seed_played":"-1486365979443896795","potions_obtained":[{"floor":3.0,"key":"Energy Potion"},{"floor":5.0,"key":"Dexterity Potion"},{"floor":11.0,"key":"FairyPotion"},{"floor":14.0,"key":"Fire Potion"},{"floor":16,"key":"SneckoOil"},{"floor":22,"key":"PowerPotion"}],"is_trial":false,"path_per_floor":["M","?","M","?","M","E","M","M","T","?","M","R","M","E","R","B",null,"M","M","$","M","M","R","E"],"character_chosen":"THE_SILENT","items_purchased":["Lee\u0027s Waffle","Footwork"],"campfire_rested":2,"item_purchase_floors":[20,20],"current_hp_per_floor":[59,59,59,59,59,17,16,10,10,1,1,20,17,8,27,2,50,28,3,73,55,33,48,13],"gold":57,"neow_bonus":"THREE_ENEMY_KILL","is_prod":false,"is_daily":false,"chose_seed":false,"campfire_upgraded":1,"win_rate":0,"timestamp":1552265630,"path_taken":["M","?","?","?","M","E","M","M","T","?","?","R","M","E","R","BOSS","M","M","$","M","M","R","E"],"build_version":"2019-01-23","purchased_purges":1,"victory":false,"max_hp_per_floor":[66,66,66,66,66,66,66,66,66,66,66,66,66,66,66,66,66,66,66,73,73,73,73,73],"card_choices":[{"not_picked":["Crippling Poison","Riddle With Holes"],"picked":"Slice","floor":1.0},{"not_picked":["Slice","PiercingWail"],"picked":"Backstab","floor":3.0},{"not_picked":["Heel Hook","Concentrate"],"picked":"Footwork","floor":5.0},{"not_picked":["Eviscerate","Dagger Throw"],"picked":"Dagger Spray","floor":6.0},{"not_picked":["Setup","Acrobatics"],"picked":"Backstab","floor":7.0},{"not_picked":["Cloak And Dagger","Underhanded Strike"],"picked":"Heel Hook","floor":8.0},{"not_picked":["Poisoned Stab","Cloak And Dagger"],"picked":"Backflip","floor":10.0},{"not_picked":["Cloak And Dagger","Prepared"],"picked":"PiercingWail","floor":11.0},{"not_picked":["Bouncing Flask","Riddle With Holes"],"picked":"Dagger Spray","floor":13.0},{"not_picked":["Crippling Poison","Outmaneuver"],"picked":"Malaise","floor":14.0},{"not_picked":["Malaise","Doppelganger"],"picked":"Envenom","floor":16},{"not_picked":["Flying Knee","Poisoned Stab"],"picked":"Dagger Throw","floor":18},{"not_picked":["Blade Dance","Poisoned Stab"],"picked":"Deadly Poison","floor":19},{"not_picked":["Riddle With Holes","Cloak And Dagger"],"picked":"Deadly Poison","floor":21},{"not_picked":["Bane","Outmaneuver"],"picked":"Dodge and Roll","floor":22}],"player_experience":1264839,"relics_obtained":[{"floor":6.0,"key":"Whetstone"},{"floor":9.0,"key":"Oddly Smooth Stone"},{"floor":10.0,"key":"Odd Mushroom"},{"floor":14.0,"key":"Ancient Tea Set"}],"event_choices":[{"cards_removed":["Slice"],"damage_healed":0.0,"max_hp_gain":0.0,"max_hp_loss":0.0,"gold_gain":0.0,"event_name":"WeMeetAgain","player_choice":"Gave Card","floor":2.0,"gold_loss":0.0,"damage_taken":0.0,"relics_obtained":["Vajra"]},{"damage_healed":0.0,"max_hp_gain":0.0,"max_hp_loss":0.0,"gold_gain":0.0,"event_name":"World of Goop","player_choice":"Left Gold","floor":4.0,"gold_loss":47.0,"damage_taken":0.0},{"damage_healed":0.0,"max_hp_gain":0.0,"max_hp_loss":0.0,"gold_gain":0.0,"event_name":"Mushrooms","player_choice":"Fought Mushrooms","floor":10.0,"gold_loss":0.0,"damage_taken":0.0}],"is_beta":false,"boss_relics":[{"not_picked":["Empty Cage","Fusion Hammer"],"picked":"Eternal Feather"}],"items_purged_floors":[20],"is_endless":false,"potions_floor_spawned":[3,5,11,14,16,22],"killed_by":"Slavers","ascension_level":20}