{"gold_per_floor":[118,128,203,153,172,172,51,51,81,101,132,145,145,164,164,164],"floor_reached":16,"playtime":538,"items_purged":["Defend_R"],"score":138,"play_id":"c2e9e50f-56c7-41ed-ab42-d8d1d421a29b","local_time":"20190321165802","is_ascension_mode":true,"campfire_choices":[{"data":"Corruption","floor":6,"key":"SMITH"},{"data":"Thunderclap","floor":15,"key":"SMITH"}],"neow_cost":"NONE","seed_source_timestamp":31130072830574,"circlet_count":0,"master_deck":["Strike_R","Strike_R","Strike_R","Defend_R","Defend_R","Defend_R","Bash","Demon Form","Shockwave","Twin Strike","Corruption+1","Cleave","Cleave","Thunderclap+1"],"relics":["Burning Blood","PreservedInsect","Tiny Chest","Dream Catcher"],"potions_floor_usage":[],"damage_taken":[{"damage":1,"enemies":"Cultist","floor":1,"turns":4},{"damage":7,"enemies":"Jaw Worm","floor":2,"turns":5},{"damage":11,"enemies":"2 Louse","floor":5,"turns":2},{"damage":15,"enemies":"Red Slaver","floor":10,"turns":4},{"damage":29,"enemies":"Gremlin Nob","floor":11,"turns":4},{"damage":6,"enemies":"Looter","floor":12,"turns":4},{"damage":14,"enemies":"Lots of Slimes","floor":14,"turns":3},{"damage":0,"enemies":"Slime Boss","floor":16,"turns":1}],"seed_played":"-3595480301072337540","potions_obtained":[{"floor":5,"key":"SteroidPotion"},{"floor":10,"key":"EssenceOfSteel"},{"floor":12,"key":"Dexterity Potion"},{"floor":14,"key":"Regen Potion"}],"is_trial":false,"path_per_floor":["M","M","?","?","M","R","$","?","T","M","E","M","?","M","R","B"],"character_chosen":"IRONCLAD","items_purchased":["Cleave"],"campfire_rested":0,"item_purchase_floors":[7],"current_hp_per_floor":[77,76,65,65,60,60,60,60,60,51,28,28,28,20,20,20],"gold":164,"neow_bonus":"ONE_RANDOM_RARE_CARD","is_prod":false,"is_daily":false,"chose_seed":false,"campfire_upgraded":2,"win_rate":0,"timestamp":1553212682,"path_taken":["M","M","?","?","M","R","?","?","T","M","E","?","?","?","R","BOSS"],"build_version":"2019-01-23","purchased_purges":1,"victory":false,"max_hp_per_floor":[80,80,80,80,80,80,80,80,80,80,80,80,80,80,80,80],"card_choices":[{"not_picked":["Heavy Blade","Warcry"],"picked":"Shockwave","floor":1},{"not_picked":["Combust","Entrench"],"picked":"Twin Strike","floor":2},{"not_picked":["Warcry","Carnage"],"picked":"Corruption","floor":5},{"not_picked":["Shockwave","Shrug It Off"],"picked":"Cleave","floor":10},{"not_picked":["Flex","Sentinel","Searing Blow"],"picked":"SKIP","floor":11},{"not_picked":["Twin Strike","Shockwave","Cleave"],"picked":"SKIP","floor":12},{"not_picked":["Metallicize","Sword Boomerang"],"picked":"Thunderclap","floor":14}],"player_experience":446620,"relics_obtained":[{"floor":9,"key":"Tiny Chest"},{"floor":11,"key":"Dream Catcher"}],"event_choices":[{"damage_healed":0,"gold_gain":75,"player_choice":"Gather Gold","damage_taken":11,"max_hp_gain":0,"max_hp_loss":0,"event_name":"World of Goop","floor":3,"gold_loss":0},{"cards_removed":["Strike_R"],"damage_healed":0,"gold_gain":0,"player_choice":"Card Removal","damage_taken":0,"max_hp_gain":0,"max_hp_loss":0,"event_name":"The Cleric","floor":4,"gold_loss":50},{"damage_healed":0,"gold_gain":0,"player_choice":"Gave Potion","damage_taken":0,"relics_obtained":["PreservedInsect"],"max_hp_gain":0,"max_hp_loss":0,"event_name":"WeMeetAgain","floor":8,"gold_loss":0},{"cards_removed":["Strike_R"],"damage_healed":0,"gold_gain":0,"player_choice":"Purged","damage_taken":0,"max_hp_gain":0,"max_hp_loss":0,"event_name":"Purifier","floor":13,"gold_loss":0}],"is_beta":false,"boss_relics":[],"items_purged_floors":[7],"is_endless":false,"potions_floor_spawned":[5,10,12,14],"killed_by":"Slime Boss","ascension_level":7}