{"gold_per_floor":[110,122,133,133,152,152,152,180,180,180,4,4,16,43,43,145,145,162,177,177,92,92,92,124,157,157,157,177,177,211,13,13,118,118,136,136,154,172,172,199,199,228,228,228,36,36,66,79,79,79],"floor_reached":51,"playtime":10146,"items_purged":[],"score":1053,"play_id":"953aa98e-5f97-4c00-a203-c3711850dcd9","local_time":"20190317225613","is_ascension_mode":true,"campfire_choices":[{"data":"Armaments","floor":6.0,"key":"SMITH"},{"data":"Barricade","floor":10.0,"key":"SMITH"},{"data":"Flame Barrier","floor":12.0,"key":"SMITH"},{"data":"Uppercut","floor":15.0,"key":"SMITH"},{"data":"RitualDagger","floor":23.0,"key":"SMITH"},{"floor":27.0,"key":"REST"},{"data":"Inflame","floor":29.0,"key":"SMITH"},{"data":"Reaper","floor":32.0,"key":"SMITH"},{"data":"Evolve","floor":41,"key":"SMITH"},{"floor":44,"key":"REST"},{"data":"Shockwave","floor":49,"key":"SMITH"}],"neow_cost":"","seed_source_timestamp":0,"circlet_count":0,"master_deck":["Strike_R","Strike_R","Strike_R","Strike_R","Defend_R","Defend_R","Defend_R","Defend_R","Bash","Inflame+1","Uppercut+1","Flex","Armaments+1","Anger","Disarm","Sword Boomerang","Barricade+1","Flame Barrier+1","True Grit","Evolve+1","Reaper+1","Warcry","Reckless Charge+1","RitualDagger+1","Reckless Charge","Metallicize+1","Blood for Blood","Demon Form+1","Uppercut","Headbutt+1","True Grit+1","Shockwave+1","Heavy Blade+1"],"special_seed":0,"relics":["Black Blood","CultistMask","Sundial","Paper Frog","Pear","Snecko Eye","Red Skull","Red Mask","Juzu Bracelet","Shuriken","Darkstone Periapt","Toy Ornithopter","Self Forming Clay","Art of War","Mercury Hourglass","Molten Egg 2","Incense Burner"],"potions_floor_usage":[38,48,48,48],"damage_taken":[{"damage":1.0,"enemies":"Cultist","floor":1.0,"turns":4.0},{"damage":10.0,"enemies":"Small Slimes","floor":2.0,"turns":3.0},{"damage":5.0,"enemies":"Jaw Worm","floor":3.0,"turns":4.0},{"damage":10.0,"enemies":"Looter","floor":5.0,"turns":2.0},{"damage":23.0,"enemies":"Lagavulin","floor":8.0,"turns":5.0},{"damage":5.0,"enemies":"Large Slime","floor":13.0,"turns":4.0},{"damage":10.0,"enemies":"3 Sentries","floor":14.0,"turns":8.0},{"damage":9.0,"enemies":"The Guardian","floor":16.0,"turns":8.0},{"damage":9.0,"enemies":"Spheric Guardian","floor":18.0,"turns":4.0},{"damage":1.0,"enemies":"Shell Parasite","floor":19.0,"turns":5.0},{"damage":23.0,"enemies":"Masked Bandits","floor":24.0,"turns":5.0},{"damage":61.0,"enemies":"Slavers","floor":25.0,"turns":9.0},{"damage":22.0,"enemies":"Centurion and Healer","floor":28.0,"turns":7.0},{"damage":0.0,"enemies":"Book of Stabbing","floor":30.0,"turns":4.0},{"damage":48.0,"enemies":"Automaton","floor":33.0,"turns":10.0},{"damage":18,"enemies":"Orb Walker","floor":35,"turns":4},{"damage":35,"enemies":"3 Darklings","floor":37,"turns":8},{"damage":20,"enemies":"Writhing Mass","floor":38,"turns":5},{"damage":9,"enemies":"Nemesis","floor":40,"turns":7},{"damage":65,"enemies":"Giant Head","floor":42,"turns":9},{"damage":46,"enemies":"Reptomancer","floor":47,"turns":7},{"damage":0,"enemies":"Jaw Worm Horde","floor":48,"turns":4},{"damage":42,"enemies":"Time Eater","floor":50,"turns":6}],"seed_played":"-3518013673947926101","potions_obtained":[{"floor":2.0,"key":"Fruit Juice"},{"floor":8.0,"key":"Poison Potion"},{"floor":16.0,"key":"Poison Potion"},{"floor":18.0,"key":"Strength Potion"},{"floor":19.0,"key":"FearPotion"},{"floor":24.0,"key":"BloodPotion"},{"floor":28.0,"key":"PowerPotion"},{"floor":47,"key":"SkillPotion"},{"floor":48,"key":"Fire Potion"}],"is_trial":false,"path_per_floor":["M","M","M","?","M","R","?","E","T","R","$","R","M","E","R","B",null,"M","M","?","?","?","R","?","E","T","R","M","R","E","$","R","B",null,"M","?","M","M","?","E","R","E","T","R","$","T","E","M","R","B",null],"character_chosen":"IRONCLAD","items_purchased":["Inflame","Uppercut","Flex","Flame Barrier","True Grit","PowerPotion","Toy Ornithopter","Shockwave","Swift Potion","GamblersBrew"],"campfire_rested":2,"item_purchase_floors":[0,0,0,11,11,11,31,45,45,45],"current_hp_per_floor":[80,76,82,82,78,78,78,61,61,61,61,61,62,68,68,65,95,92,95,76,76,70,70,63,44,44,74,72,72,78,78,78,63,100,92,92,87,88,88,90,90,46,46,76,76,76,63,88,88,80],"gold":79,"neow_bonus":"","is_prod":false,"is_daily":false,"chose_seed":false,"campfire_upgraded":9,"win_rate":0,"timestamp":1552888573,"path_taken":["M","M","?","?","?","R","?","E","T","R","?","R","M","E","R","BOSS","M","M","?","?","?","R","?","E","T","R","M","R","E","$","R","BOSS","M","?","M","M","?","E","R","E","T","R","$","?","E","M","R","BOSS"],"build_version":"2019-01-23","purchased_purges":0,"victory":true,"max_hp_per_floor":[80,80,85,85,85,85,85,85,85,85,85,85,85,95,95,95,95,95,95,100,100,100,100,100,100,100,100,100,100,100,100,100,100,100,100,100,100,106,103,103,103,103,103,103,103,103,103,103,103,103],"card_choices":[{"not_picked":["Thunderclap","Clothesline"],"picked":"Armaments","floor":1.0},{"not_picked":["Sentinel","Flex"],"picked":"Anger","floor":2.0},{"not_picked":["Body Slam","Twin Strike"],"picked":"Disarm","floor":3.0},{"not_picked":["Iron Wave","Warcry","Body Slam"],"picked":"SKIP","floor":5.0},{"not_picked":["Immolate","Heavy Blade"],"picked":"Barricade","floor":8.0},{"not_picked":["Clothesline","Warcry"],"picked":"Evolve","floor":13.0},{"not_picked":["Iron Wave","Wild Strike","True Grit"],"picked":"SKIP","floor":14.0},{"not_picked":["Juggernaut","Dark Embrace"],"picked":"Reaper","floor":16.0},{"not_picked":["Flex","Infernal Blade+1"],"picked":"Warcry","floor":18.0},{"not_picked":["Wild Strike","True Grit"],"picked":"Reckless Charge+1","floor":19.0},{"not_picked":["Hemokinesis","Sever Soul"],"picked":"Reckless Charge","floor":24.0},{"not_picked":["Havoc+1","Flex"],"picked":"Metallicize+1","floor":25.0},{"not_picked":["Body Slam+1","Shockwave+1"],"picked":"Blood for Blood","floor":28.0},{"not_picked":["Havoc","Warcry","Clothesline"],"picked":"SKIP","floor":30.0},{"not_picked":["Exhume","Brutality"],"picked":"Demon Form","floor":33.0},{"not_picked":["Warcry+1","Shrug It Off","True Grit+1"],"picked":"SKIP","floor":35},{"not_picked":["Body Slam","Dark Embrace","Clothesline"],"picked":"SKIP","floor":37},{"not_picked":["Rage+1","Combust"],"picked":"Uppercut","floor":38},{"not_picked":["Blood for Blood","Thunderclap+1"],"picked":"Headbutt+1","floor":40},{"not_picked":["Perfected Strike+1","Thunderclap+1"],"picked":"True Grit+1","floor":42},{"not_picked":["Perfected Strike+1","Rupture+1"],"picked":"Heavy Blade+1","floor":47},{"not_picked":["Cleave+1","Flex+1","Barricade"],"picked":"SKIP","floor":48}],"player_experience":287532,"relics_obtained":[{"floor":8.0,"key":"Sundial"},{"floor":9.0,"key":"Paper Frog"},{"floor":14.0,"key":"Pear"},{"floor":24.0,"key":"Red Mask"},{"floor":25.0,"key":"Juzu Bracelet"},{"floor":26.0,"key":"Shuriken"},{"floor":30.0,"key":"Darkstone Periapt"},{"floor":40,"key":"Self Forming Clay"},{"floor":42,"key":"Art of War"},{"floor":43,"key":"Mercury Hourglass"},{"floor":46,"key":"Molten Egg 2"},{"floor":47,"key":"Incense Burner"}],"event_choices":[{"damage_healed":0.0,"max_hp_gain":0.0,"max_hp_loss":0.0,"gold_gain":0.0,"event_name":"FaceTrader","player_choice":"Trade","floor":4.0,"gold_loss":0.0,"damage_taken":0.0,"relics_obtained":["CultistMask"]},{"damage_healed":0.0,"max_hp_gain":0.0,"max_hp_loss":0.0,"gold_gain":0.0,"cards_transformed":["Strike_R"],"event_name":"Transmorgrifier","player_choice":"Transformed","floor":7.0,"gold_loss":0.0,"damage_taken":0.0,"cards_obtained":["Sword Boomerang"]},{"damage_healed":0.0,"max_hp_gain":5.0,"max_hp_loss":0.0,"gold_gain":0.0,"event_name":"Forgotten Altar","player_choice":"Shed Blood","floor":20.0,"gold_loss":0.0,"damage_taken":24.0},{"damage_healed":0.0,"max_hp_gain":0.0,"max_hp_loss":0.0,"gold_gain":0.0,"event_name":"Addict","player_choice":"Obtained Relic","floor":21.0,"gold_loss":85.0,"damage_taken":0.0,"relics_obtained":["Red Skull"]},{"damage_healed":0.0,"max_hp_gain":0.0,"max_hp_loss":0.0,"gold_gain":0.0,"event_name":"Nest","player_choice":"Joined the Cult","floor":22.0,"gold_loss":0.0,"damage_taken":6.0,"cards_obtained":["RitualDagger"]},{"damage_healed":0.0,"max_hp_gain":0.0,"max_hp_loss":0.0,"gold_gain":0.0,"event_name":"Masked Bandits","player_choice":"Fought Bandits","floor":24.0,"gold_loss":0.0,"damage_taken":0.0},{"damage_healed":0,"gold_gain":0,"player_choice":"Upgraded","damage_taken":0,"max_hp_gain":0,"max_hp_loss":0,"event_name":"Upgrade Shrine","floor":36,"gold_loss":0,"cards_upgraded":["Demon Form"]},{"cards_removed":["Parasite"],"damage_healed":0,"gold_gain":0,"player_choice":"Removed Curses","damage_taken":0,"max_hp_gain":0,"max_hp_loss":0,"event_name":"Fountain of Cleansing","floor":39,"gold_loss":0}],"is_beta":false,"boss_relics":[{"not_picked":["Runic Pyramid","Mark of Pain"],"picked":"Snecko Eye"},{"not_picked":["Black Star","Runic Dome"],"picked":"Black Blood"}],"items_purged_floors":[],"is_endless":false,"potions_floor_spawned":[2,8,16,18,19,24,28,47,48],"ascension_level":1}