{"gold_per_floor":[118,128,203,227,239,239,267,267,267,267,278,278,297,309,309,382,382,397,397,412,118,129,129,163,163,163,178,178,78,78,89,89,161,161,180,180,180,55,55,84,84,103,148,148,180,180,198,198],"floor_reached":48,"playtime":2101,"items_purged":["Pain","Doubt","Writhe"],"score":1066,"play_id":"f2b8311d-bb00-49d6-a17a-9cab0ee101a1","local_time":"20190203143715","is_ascension_mode":true,"campfire_choices":[{"floor":6.0,"key":"REST"},{"data":"All Out Attack","floor":8.0,"key":"SMITH"},{"data":"Neutralize","floor":10.0,"key":"SMITH"},{"floor":15.0,"key":"REST"},{"floor":23.0,"key":"REST"},{"data":"Backflip","floor":25.0,"key":"SMITH"},{"floor":32.0,"key":"REST"},{"floor":41.0,"key":"REST"},{"floor":44.0,"key":"REST"}],"neow_cost":"NONE","seed_source_timestamp":0,"circlet_count":0,"master_deck":["AscendersBane","Defend_G","Defend_G","Defend_G","Defend_G","Strike_G","Strike_G","Strike_G+1","Survivor","Neutralize+1","Choke+1","Malaise+1","Tactician+1","All Out Attack+1","Deadly Poison","Deadly Poison","Dodge and Roll","Poisoned Stab+1","Deflect","Corpse Explosion","Endless Agony+1","Backflip+1","Poisoned Stab+1","Endless Agony+1","Dodge and Roll","Sucker Punch+1","Noxious Fumes+1","Tools of the Trade","Crippling Poison","Acrobatics+1","Madness","Madness","Leg Sweep+1","Bane+1","Predator+1","Bane+1","Bane+1"],"special_seed":0,"relics":["Astrolabe","Bag of Preparation","StoneCalendar","Darkstone Periapt","WarpedTongs","Cursed Key","TwistedFunnel","Lantern","Prayer Wheel","Calipers","WristBlade","Molten Egg 2","Whetstone","Blue Candle"],"potions_floor_usage":[45],"damage_taken":[{"damage":5.0,"enemies":"2 Louse","floor":1.0,"turns":3.0},{"damage":4.0,"enemies":"Jaw Worm","floor":2.0,"turns":4.0},{"damage":4.0,"enemies":"Small Slimes","floor":5.0,"turns":4.0},{"damage":16.0,"enemies":"Lagavulin","floor":7.0,"turns":6.0},{"damage":2.0,"enemies":"Red Slaver","floor":11.0,"turns":3.0},{"damage":14.0,"enemies":"Exordium Thugs","floor":13.0,"turns":6.0},{"damage":9.0,"enemies":"Gremlin Gang","floor":14.0,"turns":4.0},{"damage":14.0,"enemies":"The Guardian","floor":16.0,"turns":9.0},{"damage":10.0,"enemies":"3 Byrds","floor":18.0,"turns":2.0},{"damage":14.0,"enemies":"Shell Parasite","floor":20.0,"turns":4.0},{"damage":17.0,"enemies":"Snecko","floor":22.0,"turns":4.0},{"damage":2.0,"enemies":"Gremlin Leader","floor":24.0,"turns":6.0},{"damage":13.0,"enemies":"Snake Plant","floor":27.0,"turns":5.0},{"damage":13.0,"enemies":"Cultist and Chosen","floor":31.0,"turns":4.0},{"damage":56.0,"enemies":"Collector","floor":33.0,"turns":8.0},{"damage":11.0,"enemies":"3 Darklings","floor":35.0,"turns":3.0},{"damage":30.0,"enemies":"Giant Head","floor":40.0,"turns":8.0},{"damage":4.0,"enemies":"3 Shapes","floor":42.0,"turns":4.0},{"damage":53,"enemies":"Reptomancer","floor":45,"turns":7},{"damage":7,"enemies":"Writhing Mass","floor":47,"turns":7},{"damage":0,"enemies":"3 Darklings","floor":48,"turns":1}],"seed_played":"4921161688761836417","potions_obtained":[{"floor":1.0,"key":"GhostInAJar"},{"floor":2.0,"key":"Ancient Potion"},{"floor":16.0,"key":"GhostInAJar"},{"floor":33.0,"key":"Strength Potion"},{"floor":42.0,"key":"AttackPotion"},{"floor":47,"key":"Dexterity Potion"}],"is_trial":false,"path_per_floor":["M","M","?","T","M","R","E","R","T","R","M","?","M","M","R","B",null,"M","?","M","$","M","R","E","R","T","M","?","$","?","M","R","B",null,"M","?","?","$","?","E","R","M","T","R","E","?","M","M"],"character_chosen":"THE_SILENT","items_purchased":["TwistedFunnel"],"campfire_rested":6,"item_purchase_floors":[21],"current_hp_per_floor":[54,50,39,39,35,54,38,38,38,38,36,42,28,19,40,26,61,51,51,37,37,20,41,39,39,45,32,48,48,54,41,66,10,66,55,40,40,40,40,10,35,31,37,64,11,11,4,4],"gold":198,"neow_bonus":"BOSS_RELIC","is_prod":false,"is_daily":false,"chose_seed":false,"campfire_upgraded":3,"win_rate":0,"timestamp":1549204635,"path_taken":["M","M","?","?","M","R","E","R","T","R","M","?","?","M","R","BOSS","M","?","M","$","?","R","E","R","T","M","?","$","?","M","R","BOSS","M","?","?","$","?","E","R","?","T","R","E","?","M","M"],"build_version":"2019-01-23","purchased_purges":3,"victory":false,"max_hp_per_floor":[66,66,66,66,66,66,66,66,66,66,66,72,72,72,72,72,72,72,72,72,72,72,72,72,72,78,78,78,78,84,84,84,84,84,84,84,84,84,84,84,84,84,90,90,90,90,90,90],"card_choices":[{"not_picked":["Dash","Catalyst"],"picked":"All Out Attack","floor":1.0},{"not_picked":["Bane","Acrobatics"],"picked":"Deadly Poison","floor":2.0},{"not_picked":["Flechettes","Underhanded Strike","Reflex"],"picked":"SKIP","floor":5.0},{"not_picked":["Expertise","Underhanded Strike"],"picked":"Deadly Poison","floor":7.0},{"not_picked":["Prepared","Setup"],"picked":"Dodge and Roll","floor":11.0},{"not_picked":["Bane","Prepared"],"picked":"Poisoned Stab","floor":13.0},{"not_picked":["Masterful Stab","Outmaneuver"],"picked":"Deflect","floor":14.0},{"not_picked":["Adrenaline","Malaise"],"picked":"Corpse Explosion","floor":16.0},{"not_picked":["Poisoned Stab+1","Deflect+1"],"picked":"Endless Agony+1","floor":18.0},{"not_picked":["Flying Knee","Expertise"],"picked":"Backflip","floor":20.0},{"not_picked":["Blur","Dagger Spray"],"picked":"Poisoned Stab+1","floor":22.0},{"not_picked":["Acrobatics","Bane"],"picked":"Endless Agony+1","floor":24.0},{"not_picked":["Acrobatics","Infinite Blades"],"picked":"Dodge and Roll","floor":27.0},{"not_picked":["Expertise","Outmaneuver"],"picked":"Sucker Punch+1","floor":27.0},{"not_picked":["Sucker Punch","Backflip"],"picked":"Noxious Fumes","floor":31.0},{"not_picked":["Dagger Spray","Backstab","Outmaneuver"],"picked":"SKIP","floor":31.0},{"not_picked":["Unload","Burst"],"picked":"Tools of the Trade","floor":33.0},{"not_picked":["Cloak And Dagger","Dodge and Roll"],"picked":"Crippling Poison","floor":35.0},{"not_picked":["Caltrops","Blade Dance"],"picked":"Acrobatics+1","floor":35.0},{"not_picked":["Choke","Concentrate+1"],"picked":"Leg Sweep+1","floor":40.0},{"not_picked":["Acrobatics","Flying Knee+1"],"picked":"Bane+1","floor":42.0},{"not_picked":["Setup","Dagger Spray+1"],"picked":"Predator+1","floor":42.0},{"not_picked":["Poisoned Stab+1","Dodge and Roll"],"picked":"Bane+1","floor":45},{"not_picked":["Flying Knee+1","Acrobatics"],"picked":"Bane+1","floor":47},{"not_picked":["Tactician","Dodge and Roll","Noxious Fumes"],"picked":"SKIP","floor":47}],"player_experience":1180728,"relics_obtained":[{"floor":4.0,"key":"Bag of Preparation"},{"floor":7.0,"key":"StoneCalendar"},{"floor":9.0,"key":"Darkstone Periapt"},{"floor":24.0,"key":"Lantern"},{"floor":26.0,"key":"Prayer Wheel"},{"floor":40.0,"key":"Molten Egg 2"},{"floor":43.0,"key":"Whetstone"},{"floor":45,"key":"Blue Candle"}],"event_choices":[{"damage_healed":0.0,"max_hp_gain":0.0,"max_hp_loss":0.0,"gold_gain":75.0,"event_name":"World of Goop","player_choice":"Gather Gold","floor":3.0,"gold_loss":0.0,"damage_taken":11.0},{"damage_healed":0.0,"max_hp_gain":0.0,"max_hp_loss":0.0,"gold_gain":0.0,"event_name":"Accursed Blacksmith","player_choice":"Rummage","floor":12.0,"gold_loss":0.0,"damage_taken":0.0,"relics_obtained":["WarpedTongs"],"cards_obtained":["Pain"]},{"damage_healed":0.0,"max_hp_gain":0.0,"max_hp_loss":0.0,"gold_gain":0.0,"event_name":"Match and Keep!","player_choice":"0 cards matched","floor":19.0,"gold_loss":0.0,"damage_taken":0.0,"cards_obtained":[]},{"damage_healed":16.0,"max_hp_gain":0.0,"max_hp_loss":0.0,"gold_gain":0.0,"event_name":"The Library","player_choice":"Heal","floor":28.0,"gold_loss":0.0,"damage_taken":0.0},{"damage_healed":0.0,"max_hp_gain":0.0,"max_hp_loss":0.0,"gold_gain":0.0,"event_name":"The Mausoleum","player_choice":"Opened","floor":30.0,"gold_loss":0.0,"damage_taken":0.0,"relics_obtained":["Calipers"],"cards_obtained":["Writhe"]},{"damage_healed":0.0,"max_hp_gain":0.0,"max_hp_loss":0.0,"gold_gain":0.0,"event_name":"Winding Halls","player_choice":"Embrace Madness","floor":36.0,"gold_loss":0.0,"damage_taken":15.0,"cards_obtained":["Madness","Madness"]},{"damage_healed":0.0,"max_hp_gain":0.0,"max_hp_loss":0.0,"gold_gain":0.0,"event_name":"The Moai Head","player_choice":"Ignored","floor":37.0,"gold_loss":0.0,"damage_taken":0.0},{"damage_healed":0.0,"max_hp_gain":0.0,"max_hp_loss":0.0,"gold_gain":0.0,"event_name":"Upgrade Shrine","player_choice":"Upgraded","floor":39.0,"gold_loss":0.0,"damage_taken":0.0,"cards_upgraded":["Noxious Fumes"]},{"cards_removed":["Regret"],"damage_healed":0,"gold_gain":0,"player_choice":"Removed Curses","damage_taken":0,"max_hp_gain":0,"max_hp_loss":0,"event_name":"Fountain of Cleansing","floor":46,"gold_loss":0}],"is_beta":false,"boss_relics":[{"not_picked":["Runic Dome","Calling Bell"],"picked":"Cursed Key"},{"not_picked":["Lizard Tail","Velvet Choker"],"picked":"WristBlade"}],"items_purged_floors":[21,29,38],"is_endless":false,"potions_floor_spawned":[1,2,16,18,33,42,47],"killed_by":"3 Darklings","ascension_level":20}