{"gold_per_floor":[118,118,134,59,69,69,100,110,161,214,264,264,298,311,311,387,387,406,115,115,9,0,0,29,43,43,124,24,41,56,106,106,106],"floor_reached":33,"playtime":988,"items_purged":["Strike_G","Strike_G"],"score":546,"play_id":"39ac6ddb-b287-45c6-bf24-58a533580a2e","local_time":"20190422230155","is_ascension_mode":true,"campfire_choices":[{"data":"Infinite Blades","floor":6.0,"key":"SMITH"},{"floor":12.0,"key":"REST"},{"data":"Blade Dance","floor":15.0,"key":"SMITH"},{"data":"Accuracy","floor":23,"key":"SMITH"},{"floor":32,"key":"REST"}],"neow_cost":"NONE","seed_source_timestamp":1075406332583700,"circlet_count":0,"master_deck":["AscendersBane","Defend_G","Defend_G","Defend_G","Defend_G","Defend_G","Strike_G","Strike_G","Strike_G","Survivor","Neutralize","Infinite Blades+1","Accuracy+1","Footwork","Sucker Punch","Blade Dance+1","Leg Sweep","Dodge and Roll","Unload","Backstab","RitualDagger","Accuracy","Blade Dance","Heel Hook","Dodge and Roll","Deflect","Blade Dance"],"special_seed":0,"relics":["Ring of the Snake","NeowsBlessing","WarpedTongs","Pear","Anchor","Lantern","Happy Flower","Runic Pyramid","ClockworkSouvenir","Juzu Bracelet","Ornamental Fan","Molten Egg 2"],"potions_floor_usage":[30],"damage_taken":[{"damage":0.0,"enemies":"2 Louse","floor":1.0,"turns":1.0},{"damage":0.0,"enemies":"Cultist","floor":3.0,"turns":1.0},{"damage":0.0,"enemies":"Small Slimes","floor":5.0,"turns":1.0},{"damage":34.0,"enemies":"Gremlin Nob","floor":7.0,"turns":5.0},{"damage":2.0,"enemies":"Blue Slaver","floor":8.0,"turns":4.0},{"damage":13.0,"enemies":"3 Sentries","floor":13.0,"turns":7.0},{"damage":3.0,"enemies":"Large Slime","floor":14.0,"turns":4.0},{"damage":12.0,"enemies":"Slime Boss","floor":16.0,"turns":8.0},{"damage":16.0,"enemies":"Shell Parasite","floor":18.0,"turns":7.0},{"damage":33,"enemies":"Slavers","floor":24,"turns":5},{"damage":0,"enemies":"3 Byrds","floor":25,"turns":6},{"damage":5,"enemies":"Cultist and Chosen","floor":29,"turns":6},{"damage":2,"enemies":"Snake Plant","floor":30,"turns":4},{"damage":40,"enemies":"Automaton","floor":33,"turns":6}],"seed_played":"-2042367315945516281","potions_obtained":[{"floor":1.0,"key":"Explosive Potion"},{"floor":5.0,"key":"Weak Potion"},{"floor":7.0,"key":"SteroidPotion"},{"floor":13.0,"key":"Energy Potion"},{"floor":24,"key":"Ancient Potion"},{"floor":25,"key":"Weak Potion"}],"is_trial":false,"path_per_floor":["M","?","M","?","M","R","E","M","T","T","?","R","E","M","R","B",null,"M","$","?","$","?","R","E","M","T","T","$","M","M","?","R","B"],"character_chosen":"THE_SILENT","items_purchased":["ClockworkSouvenir","Accuracy","Blade Dance"],"campfire_rested":2,"item_purchase_floors":[19,21,21],"current_hp_per_floor":[59,59,59,59,59,59,35,33,33,33,33,55,42,39,39,27,64,48,48,42,42,42,42,9,9,9,9,9,4,2,2,24,0],"gold":106,"neow_bonus":"THREE_ENEMY_KILL","is_prod":false,"is_daily":false,"chose_seed":false,"campfire_upgraded":3,"win_rate":0,"timestamp":1555970515,"path_taken":["M","?","?","?","M","R","E","M","T","?","?","R","E","?","R","BOSS","M","$","?","$","?","R","E","M","T","?","?","M","M","?","R","BOSS"],"build_version":"2019-01-23","purchased_purges":2,"victory":false,"max_hp_per_floor":[66,66,66,66,66,66,76,76,76,76,76,76,76,76,76,76,76,76,76,76,76,76,76,76,76,76,76,76,76,76,76,76,76],"card_choices":[{"not_picked":["Accuracy","Outmaneuver"],"picked":"Infinite Blades","floor":1.0},{"not_picked":["Finisher","Expertise"],"picked":"Accuracy","floor":3.0},{"not_picked":["Backflip","PiercingWail"],"picked":"Footwork","floor":5.0},{"not_picked":["Reflex","Wraith Form v2"],"picked":"Sucker Punch","floor":7.0},{"not_picked":["Prepared","Deflect"],"picked":"Blade Dance","floor":8.0},{"not_picked":["Riddle With Holes","PiercingWail"],"picked":"Leg Sweep","floor":13.0},{"not_picked":["Poisoned Stab","Flying Knee"],"picked":"Dodge and Roll","floor":14.0},{"not_picked":["Venomology","Tools of the Trade"],"picked":"Unload","floor":16.0},{"not_picked":["Leg Sweep","PiercingWail"],"picked":"Backstab","floor":18.0},{"not_picked":["Riddle With Holes+1","Crippling Poison"],"picked":"Heel Hook","floor":24},{"not_picked":["PiercingWail+1","Reflex"],"picked":"Dodge and Roll","floor":25},{"not_picked":["Backflip","Catalyst"],"picked":"Deflect","floor":29},{"not_picked":["Dagger Throw+1","Leg Sweep"],"picked":"Blade Dance","floor":30}],"player_experience":1315883,"relics_obtained":[{"floor":7.0,"key":"Pear"},{"floor":9.0,"key":"Anchor"},{"floor":10.0,"key":"Lantern"},{"floor":13.0,"key":"Happy Flower"},{"floor":24,"key":"Juzu Bracelet"},{"floor":26,"key":"Ornamental Fan"},{"floor":27,"key":"Molten Egg 2"}],"event_choices":[{"damage_healed":0.0,"max_hp_gain":0.0,"max_hp_loss":0.0,"gold_gain":0.0,"event_name":"Accursed Blacksmith","player_choice":"Rummage","floor":2.0,"gold_loss":0.0,"damage_taken":0.0,"relics_obtained":["WarpedTongs"],"cards_obtained":["Pain"]},{"cards_removed":["Pain"],"damage_healed":0.0,"max_hp_gain":0.0,"max_hp_loss":0.0,"gold_gain":0.0,"event_name":"The Cleric","player_choice":"Card Removal","floor":4.0,"gold_loss":75.0,"damage_taken":0.0},{"damage_healed":0.0,"max_hp_gain":0.0,"max_hp_loss":0.0,"gold_gain":50.0,"event_name":"Golden Shrine","player_choice":"Pray","floor":11.0,"gold_loss":0.0,"damage_taken":0.0},{"damage_healed":0.0,"max_hp_gain":0.0,"max_hp_loss":0.0,"gold_gain":0.0,"event_name":"Nest","player_choice":"Joined the Cult","floor":20.0,"gold_loss":0.0,"damage_taken":6.0,"cards_obtained":["RitualDagger"]},{"damage_healed":0,"gold_gain":0,"player_choice":"Paid Fearfully","damage_taken":0,"max_hp_gain":0,"max_hp_loss":0,"event_name":"Masked Bandits","floor":22,"gold_loss":9},{"damage_healed":0,"gold_gain":50,"player_choice":"Pray","damage_taken":0,"max_hp_gain":0,"max_hp_loss":0,"event_name":"Golden Shrine","floor":31,"gold_loss":0}],"is_beta":false,"boss_relics":[{"not_picked":["Calling Bell","Coffee Dripper"],"picked":"Runic Pyramid"}],"items_purged_floors":[19,28],"is_endless":false,"potions_floor_spawned":[1,5,7,13,24,25],"killed_by":"Automaton","ascension_level":20}