{"gold_per_floor":[109,59,59,74,91,91,119,119,187,187,187,62,62,80,80,177,177,197,211,221,67,67,102,102,29,103,114,114,134,114,134,134,235,235,245,195,214,231,231,231,247,247,295,79,98,198,198,225,225,225],"floor_reached":51,"playtime":3574,"items_purged":["Strike_R","Strike_R","Strike_R","Strike_R","Defend_R"],"score":762,"play_id":"3545f48e-964a-4fc2-a1ab-fcf9c68ca69e","local_time":"20190430013250","is_ascension_mode":true,"campfire_choices":[{"data":"Bash","floor":6.0,"key":"SMITH"},{"data":"Fiend Fire","floor":8.0,"key":"SMITH"},{"data":"Inflame","floor":10.0,"key":"SMITH"},{"data":"Heavy Blade","floor":13.0,"key":"SMITH"},{"data":"Ghostly Armor","floor":15.0,"key":"SMITH"},{"floor":24.0,"key":"REST"},{"data":"Shrug It Off","floor":28.0,"key":"SMITH"},{"floor":32.0,"key":"REST"},{"data":"Flex","floor":40.0,"key":"SMITH"},{"data":"Shrug It Off","floor":42.0,"key":"SMITH"},{"data":"Iron Wave","floor":47.0,"key":"SMITH"},{"floor":49,"key":"REST"}],"neow_cost":"NONE","seed_source_timestamp":0,"circlet_count":0,"master_deck":["Defend_R","Defend_R+1","Defend_R","Bash+1","Iron Wave+1","Fiend Fire+1","Inflame+1","Headbutt","Heavy Blade+1","Ghostly Armor+1","Limit Break+1","Flex+1","Heavy Blade+1","Evolve+1","Shrug It Off+1","Shrug It Off+1","Cleave","Intimidate+1","Reaper","Parasite","Chrysalis+1"],"special_seed":0,"relics":["Burning Blood","Strawberry","Red Skull","Shuriken","Art of War","Velvet Choker","Smiling Mask","Bottled Lightning","Mark of Pain","CultistMask","Oddly Smooth Stone","Dead Branch","War Paint"],"potions_floor_usage":[50],"damage_taken":[{"damage":3.0,"enemies":"2 Louse","floor":1.0,"turns":4.0},{"damage":2.0,"enemies":"Jaw Worm","floor":4.0,"turns":3.0},{"damage":0.0,"enemies":"Cultist","floor":5.0,"turns":2.0},{"damage":39.0,"enemies":"Lagavulin","floor":7.0,"turns":6.0},{"damage":11.0,"enemies":"Looter","floor":14.0,"turns":2.0},{"damage":34.0,"enemies":"The Guardian","floor":16.0,"turns":8.0},{"damage":22.0,"enemies":"3 Byrds","floor":18.0,"turns":4.0},{"damage":18.0,"enemies":"Chosen","floor":19.0,"turns":5.0},{"damage":4.0,"enemies":"Centurion and Healer","floor":20.0,"turns":3.0},{"damage":37.0,"enemies":"Book of Stabbing","floor":23.0,"turns":5.0},{"damage":12.0,"enemies":"Snake Plant","floor":27.0,"turns":3.0},{"damage":17.0,"enemies":"3 Cultists","floor":29.0,"turns":4.0},{"damage":10.0,"enemies":"Snecko","floor":31.0,"turns":4.0},{"damage":27.0,"enemies":"Collector","floor":33.0,"turns":7.0},{"damage":10.0,"enemies":"Orb Walker","floor":35.0,"turns":3.0},{"damage":2.0,"enemies":"3 Shapes","floor":37.0,"turns":5.0},{"damage":38.0,"enemies":"Writhing Mass","floor":38.0,"turns":5.0},{"damage":27.0,"enemies":"Spire Growth","floor":41.0,"turns":4.0},{"damage":26.0,"enemies":"4 Shapes","floor":45.0,"turns":7.0},{"damage":8.0,"enemies":"Mind Bloom Boss Battle","floor":46.0,"turns":6.0},{"damage":35,"enemies":"Reptomancer","floor":48,"turns":4},{"damage":46,"enemies":"Donu and Deca","floor":50,"turns":7}],"seed_played":"6376231371959441779","potions_obtained":[{"floor":4.0,"key":"SmokeBomb"},{"floor":19.0,"key":"PowerPotion"},{"floor":27.0,"key":"Explosive Potion"},{"floor":30.0,"key":"EntropicBrew"},{"floor":33.0,"key":"Fruit Juice"},{"floor":35.0,"key":"EssenceOfSteel"},{"floor":45.0,"key":"Ancient Potion"}],"is_trial":false,"path_per_floor":["M","?","?","M","M","R","E","R","T","R","?","$","R","M","R","B",null,"M","M","M","$","?","E","R","$","T","M","R","M","?","M","R","B",null,"M","$","M","M","?","R","M","R","T","$","M","?","R","E","R","B",null],"character_chosen":"IRONCLAD","items_purchased":["Heavy Blade","Shrug It Off","Cleave","Chrysalis"],"campfire_rested":3,"item_purchase_floors":[12,21,25,44],"current_hp_per_floor":[87,87,87,87,87,87,54,54,54,54,54,54,54,49,49,21,87,71,59,61,61,61,30,56,56,56,50,50,39,39,35,61,45,92,88,88,92,71,71,71,66,66,66,66,72,70,70,41,68,64],"gold":225,"neow_bonus":"RANDOM_COMMON_RELIC","is_prod":false,"is_daily":false,"chose_seed":false,"campfire_upgraded":9,"win_rate":0,"timestamp":1556602370,"path_taken":["M","?","?","M","?","R","E","R","T","R","?","$","R","?","R","BOSS","M","M","M","$","?","E","R","$","T","M","R","?","?","?","R","BOSS","M","$","M","M","?","R","M","R","T","$","?","?","R","E","R","BOSS"],"build_version":"2019-01-23","purchased_purges":5,"victory":true,"max_hp_per_floor":[87,87,87,87,87,87,87,87,87,87,87,87,87,87,87,87,87,87,87,87,87,87,87,87,87,87,87,87,87,87,87,87,92,92,92,92,92,92,92,92,92,92,92,92,92,92,92,92,92,92],"card_choices":[{"not_picked":["True Grit","Havoc"],"picked":"Iron Wave","floor":1.0},{"not_picked":["Corruption","Shockwave"],"picked":"Inflame","floor":4.0},{"not_picked":["Iron Wave","Entrench"],"picked":"Headbutt","floor":5.0},{"not_picked":["Iron Wave","Combust","Sever Soul"],"picked":"SKIP","floor":7.0},{"not_picked":["Combust","Reckless Charge"],"picked":"Ghostly Armor","floor":14.0},{"not_picked":["Impervious","Exhume"],"picked":"Limit Break","floor":16.0},{"not_picked":["Spot Weakness","Infernal Blade"],"picked":"Flex","floor":18.0},{"not_picked":["Ghostly Armor","Iron Wave"],"picked":"Heavy Blade+1","floor":19.0},{"not_picked":["Twin Strike","Wild Strike"],"picked":"Evolve+1","floor":20.0},{"not_picked":["Heavy Blade","Ghostly Armor"],"picked":"Shrug It Off","floor":23.0},{"not_picked":["Cleave+1","Perfected Strike","Wild Strike"],"picked":"SKIP","floor":27.0},{"not_picked":["Havoc","Twin Strike"],"picked":"Intimidate+1","floor":29.0},{"not_picked":["Perfected Strike","Wild Strike","Brutality"],"picked":"SKIP","floor":31.0},{"not_picked":["Berserk","Dark Embrace"],"picked":"Reaper","floor":33.0},{"not_picked":["Pommel Strike+1","Headbutt+1","Cleave+1"],"picked":"SKIP","floor":35.0},{"not_picked":["Sword Boomerang","Headbutt+1","Inflame+1"],"picked":"SKIP","floor":37.0},{"not_picked":["Clash+1","Twin Strike+1","Havoc+1"],"picked":"SKIP","floor":38.0},{"not_picked":["Dual Wield+1","Clash","Clothesline"],"picked":"SKIP","floor":41.0},{"not_picked":["Iron Wave","Clothesline+1","Pommel Strike+1"],"picked":"SKIP","floor":45.0},{"not_picked":["Sever Soul+1","Clash","Searing Blow+1"],"picked":"SKIP","floor":48}],"player_experience":147863,"relics_obtained":[{"floor":7.0,"key":"Red Skull"},{"floor":9.0,"key":"Shuriken"},{"floor":23.0,"key":"Smiling Mask"},{"floor":26.0,"key":"Bottled Lightning"},{"floor":43.0,"key":"Oddly Smooth Stone"},{"floor":46.0,"key":"Dead Branch"},{"floor":48,"key":"War Paint"}],"event_choices":[{"cards_removed":["Strike_R"],"damage_healed":0.0,"max_hp_gain":0.0,"max_hp_loss":0.0,"gold_gain":0.0,"event_name":"The Cleric","player_choice":"Card Removal","floor":2.0,"gold_loss":50.0,"damage_taken":0.0},{"damage_healed":0.0,"max_hp_gain":0.0,"max_hp_loss":0.0,"gold_gain":0.0,"event_name":"Match and Keep!","player_choice":"1 cards matched","floor":3.0,"gold_loss":0.0,"damage_taken":0.0,"cards_obtained":["Fiend Fire"]},{"damage_healed":0.0,"max_hp_gain":0.0,"max_hp_loss":0.0,"gold_gain":0.0,"event_name":"WeMeetAgain","player_choice":"Gave Potion","floor":11.0,"gold_loss":0.0,"damage_taken":0.0,"relics_obtained":["Art of War"]},{"damage_healed":0.0,"max_hp_gain":0.0,"max_hp_loss":0.0,"gold_gain":0.0,"event_name":"Accursed Blacksmith","player_choice":"Forge","floor":22.0,"gold_loss":0.0,"damage_taken":0.0,"cards_upgraded":["Limit Break"]},{"damage_healed":0.0,"max_hp_gain":0.0,"max_hp_loss":0.0,"gold_gain":0.0,"event_name":"The Woman in Blue","player_choice":"Bought 1 Potion","floor":30.0,"gold_loss":0.0,"damage_taken":0.0},{"damage_healed":0.0,"max_hp_gain":0.0,"max_hp_loss":0.0,"gold_gain":0.0,"event_name":"FaceTrader","player_choice":"Trade","floor":39.0,"gold_loss":0.0,"damage_taken":0.0,"relics_obtained":["CultistMask"]},{"damage_healed":0.0,"max_hp_gain":0.0,"max_hp_loss":0.0,"gold_gain":0.0,"event_name":"MindBloom","player_choice":"Fight","floor":46.0,"gold_loss":0.0,"damage_taken":0.0}],"is_beta":false,"boss_relics":[{"not_picked":["Snecko Eye","Black Star"],"picked":"Velvet Choker"},{"not_picked":["Calling Bell","Lizard Tail"],"picked":"Mark of Pain"}],"items_purged_floors":[12,21,25,36,44],"is_endless":false,"potions_floor_spawned":[4,19,27,31,33,35,45],"ascension_level":2}