{"gold_per_floor":[118,137,137,16,34,72,72,105,105,105,105,129,129,51,51,182,182,207,227,227,251,376,409,409,424,424,462,462,493,493,508,508,633,633,647,661,77,102,102,146,160,160,229,229,244,244,263,286,286,286],"floor_reached":51,"playtime":7757,"items_purged":["Strike_G","Strike_G","Defend_G"],"score":1012,"play_id":"7ff4d70f-a45a-4d22-a1b6-a76fd7272154","local_time":"20190501010509","is_ascension_mode":true,"campfire_choices":[{"data":"Neutralize","floor":7.0,"key":"SMITH"},{"data":"Footwork","floor":13.0,"key":"SMITH"},{"data":"Noxious Fumes","floor":15.0,"key":"SMITH"},{"floor":24,"key":"REST"},{"floor":28,"key":"REST"},{"data":"Deadly Poison","floor":30,"key":"SMITH"},{"floor":32,"key":"REST"},{"data":"Burst","floor":42,"key":"SMITH"},{"data":"Adrenaline","floor":44,"key":"SMITH"},{"data":"Blur","floor":46,"key":"SMITH"},{"floor":49,"key":"DIG"}],"neow_cost":"NONE","seed_source_timestamp":0,"circlet_count":0,"master_deck":["Defend_G","Defend_G","Defend_G","Survivor","Neutralize+1","Deadly Poison+1","Deadly Poison+1","Terror","Footwork+1","Backflip","Noxious Fumes+1","Adrenaline+1","Adrenaline+1","Tools of the Trade+1","Bouncing Flask+1","Outmaneuver+1","Escape Plan","Prepared+1","Deflect+1","Corpse Explosion+1","Blur+1","Footwork","Blur+1","Burst+1","Parasite"],"special_seed":0,"relics":["Ring of the Snake","Smiling Mask","Golden Idol","Lantern","Shovel","The Courier","Astrolabe","Letter Opener","Blood Vial","Blue Candle","Tough Bandages","Thread and Needle","Black Star","Potion Belt","Question Card","Oddly Smooth Stone","War Paint","FossilizedHelix","Kunai","Whetstone"],"potions_floor_usage":[22,25,33,33,50],"damage_taken":[{"damage":4.0,"enemies":"Small Slimes","floor":1.0,"turns":6.0},{"damage":7.0,"enemies":"2 Louse","floor":2.0,"turns":3.0},{"damage":0.0,"enemies":"Jaw Worm","floor":5.0,"turns":4.0},{"damage":19.0,"enemies":"Gremlin Nob","floor":6.0,"turns":5.0},{"damage":8.0,"enemies":"Lagavulin","floor":8.0,"turns":6.0},{"damage":5.0,"enemies":"Exordium Thugs","floor":12.0,"turns":6.0},{"damage":0.0,"enemies":"Hexaghost","floor":16.0,"turns":9.0},{"damage":0.0,"enemies":"Spheric Guardian","floor":18.0,"turns":3.0},{"damage":18.0,"enemies":"2 Thieves","floor":19.0,"turns":5.0},{"damage":2.0,"enemies":"Centurion and Healer","floor":21.0,"turns":6.0},{"damage":7,"enemies":"Colosseum Slavers","floor":22,"turns":5},{"damage":41,"enemies":"Colosseum Nobs","floor":22,"turns":4},{"damage":0,"enemies":"Book of Stabbing","floor":23,"turns":5},{"damage":0,"enemies":"Snake Plant","floor":25,"turns":2},{"damage":30,"enemies":"Slavers","floor":27,"turns":5},{"damage":0,"enemies":"Book of Stabbing","floor":29,"turns":5},{"damage":0,"enemies":"Chosen and Byrds","floor":31,"turns":4},{"damage":4,"enemies":"Collector","floor":33,"turns":8},{"damage":0,"enemies":"3 Shapes","floor":35,"turns":3},{"damage":0,"enemies":"Orb Walker","floor":36,"turns":3},{"damage":0,"enemies":"Spire Growth","floor":38,"turns":5},{"damage":0,"enemies":"Reptomancer","floor":40,"turns":7},{"damage":0,"enemies":"3 Darklings","floor":41,"turns":3},{"damage":0,"enemies":"Jaw Worm Horde","floor":45,"turns":2},{"damage":0,"enemies":"Sphere and 2 Shapes","floor":47,"turns":3},{"damage":0,"enemies":"Writhing Mass","floor":48,"turns":4},{"damage":0,"enemies":"Donu and Deca","floor":50,"turns":6}],"seed_played":"-5395141784716789065","potions_obtained":[{"floor":2.0,"key":"Fruit Juice"},{"floor":6.0,"key":"Fruit Juice"},{"floor":16.0,"key":"Swift Potion"},{"floor":19.0,"key":"Fire Potion"},{"floor":27,"key":"AttackPotion"},{"floor":29,"key":"PowerPotion"},{"floor":36,"key":"Energy Potion"},{"floor":48,"key":"EssenceOfSteel"}],"is_trial":false,"path_per_floor":["M","M","?","$","M","E","R","E","T","?","?","M","R","$","R","B",null,"M","M","?","M","?","E","R","M","T","E","R","E","R","M","R","B",null,"M","M","$","M","?","E","M","R","T","R","M","R","M","M","R","B",null],"character_chosen":"THE_SILENT","items_purchased":["Terror","Noxious Fumes","Potion Belt","Question Card","Blur","Oddly Smooth Stone","Footwork"],"campfire_rested":3,"item_purchase_floors":[4,14,37,37,37,37,37],"current_hp_per_floor":[66,64,64,64,64,50,50,42,42,35,59,54,54,54,54,54,74,74,56,74,72,24,24,46,48,48,20,42,44,44,46,68,66,74,74,74,74,74,74,74,74,74,74,74,74,74,74,74,74,74],"gold":286,"neow_bonus":"RANDOM_COMMON_RELIC","is_prod":false,"is_daily":false,"chose_seed":false,"campfire_upgraded":7,"win_rate":0,"timestamp":1556687109,"path_taken":["M","M","?","$","M","E","R","E","T","?","?","M","R","$","R","BOSS","M","M","?","?","?","E","R","M","T","E","R","E","R","M","R","BOSS","M","M","$","M","?","E","M","R","T","R","M","R","M","M","R","BOSS"],"build_version":"2019-01-23","purchased_purges":3,"victory":true,"max_hp_per_floor":[70,75,69,69,69,74,74,74,74,74,74,74,74,74,74,74,74,74,74,74,74,74,74,74,74,74,74,74,74,74,74,74,74,74,74,74,74,74,74,74,74,74,74,74,74,74,74,74,74,74],"card_choices":[{"not_picked":["Sucker Punch","Dagger Spray"],"picked":"Deadly Poison","floor":1.0},{"not_picked":["Quick Slash","Dagger Spray"],"picked":"Deadly Poison","floor":2.0},{"not_picked":["Poisoned Stab","Bane","Sucker Punch"],"picked":"SKIP","floor":5.0},{"not_picked":["Underhanded Strike","Tactician","Setup"],"picked":"SKIP","floor":6.0},{"not_picked":["Tools of the Trade","Skewer"],"picked":"Footwork","floor":8.0},{"not_picked":["Sucker Punch","Deadly Poison"],"picked":"Backflip","floor":12.0},{"not_picked":["Die Die Die","Venomology"],"picked":"Adrenaline","floor":16.0},{"not_picked":["Backflip","Deflect"],"picked":"Bouncing Flask+1","floor":18.0},{"not_picked":["Blade Dance","Wraith Form v2"],"picked":"Outmaneuver+1","floor":19.0},{"not_picked":["Flying Knee","Acrobatics+1","Slice"],"picked":"SKIP","floor":21.0},{"not_picked":["Blade Dance","Riddle With Holes"],"picked":"Escape Plan","floor":22},{"not_picked":["Dagger Spray+1","Backstab","Bane"],"picked":"SKIP","floor":23},{"not_picked":["Endless Agony","Dagger Throw+1","Well Laid Plans"],"picked":"SKIP","floor":25},{"not_picked":["Infinite Blades","Setup"],"picked":"Prepared+1","floor":27},{"not_picked":["Deadly Poison","Malaise","Dagger Spray"],"picked":"SKIP","floor":29},{"not_picked":["Underhanded Strike","Blade Dance"],"picked":"Deflect+1","floor":31},{"not_picked":["Unload","Phantasmal Killer"],"picked":"Corpse Explosion","floor":33},{"not_picked":["Bane","Outmaneuver","Reflex"],"picked":"SKIP","floor":35},{"not_picked":["Cloak And Dagger","Flechettes","Flying Knee"],"picked":"SKIP","floor":36},{"not_picked":["Accuracy","Poisoned Stab+1","Skewer+1"],"picked":"Blur+1","floor":38},{"not_picked":["Calculated Gamble+1","Caltrops","Flying Knee+1"],"picked":"Burst","floor":40},{"not_picked":["Accuracy","Poisoned Stab+1","Deflect+1","Eviscerate"],"picked":"SKIP","floor":41},{"not_picked":["Slice","Dagger Spray+1","Cloak And Dagger","Outmaneuver"],"picked":"SKIP","floor":45},{"not_picked":["Quick Slash+1","Caltrops","Deflect","Underhanded Strike"],"picked":"SKIP","floor":47},{"not_picked":["Deadly Poison+1","Dagger Spray+1","Prepared+1","Flechettes+1"],"picked":"SKIP","floor":48}],"player_experience":151437,"relics_obtained":[{"floor":6.0,"key":"Lantern"},{"floor":8.0,"key":"Shovel"},{"floor":9.0,"key":"The Courier"},{"floor":22,"key":"Letter Opener"},{"floor":23,"key":"Blood Vial"},{"floor":26,"key":"Blue Candle"},{"floor":27,"key":"Tough Bandages"},{"floor":29,"key":"Thread and Needle"},{"floor":40,"key":"War Paint"},{"floor":40,"key":"FossilizedHelix"},{"floor":43,"key":"Kunai"},{"floor":49,"key":"Whetstone"}],"event_choices":[{"damage_healed":0.0,"max_hp_gain":0.0,"max_hp_loss":6.0,"gold_gain":0.0,"event_name":"Golden Idol","player_choice":"Lose Max HP","floor":3.0,"gold_loss":0.0,"damage_taken":0.0,"relics_obtained":["Golden Idol"]},{"cards_removed":["Strike_G"],"damage_healed":0.0,"max_hp_gain":0.0,"max_hp_loss":0.0,"gold_gain":0.0,"event_name":"Golden Wing","player_choice":"Card Removal","floor":10.0,"gold_loss":0.0,"damage_taken":7.0},{"damage_healed":24.0,"max_hp_gain":0.0,"max_hp_loss":0.0,"gold_gain":0.0,"event_name":"Big Fish","player_choice":"Banana","floor":11.0,"gold_loss":0.0,"damage_taken":0.0},{"cards_removed":["Setup"],"damage_healed":18.0,"max_hp_gain":0.0,"max_hp_loss":0.0,"gold_gain":0.0,"event_name":"Bonfire Elementals","player_choice":"Offered Uncommon","floor":20.0,"gold_loss":0.0,"damage_taken":0.0},{"damage_healed":0,"gold_gain":0,"player_choice":"Fight","damage_taken":0,"max_hp_gain":0,"max_hp_loss":0,"event_name":"Colosseum","floor":22,"gold_loss":0},{"damage_healed":0,"gold_gain":0,"player_choice":"Fought Nobs","damage_taken":0,"max_hp_gain":0,"max_hp_loss":0,"event_name":"Colosseum","floor":22,"gold_loss":0},{"damage_healed":0,"gold_gain":0,"player_choice":"Ignored","damage_taken":0,"max_hp_gain":0,"max_hp_loss":0,"event_name":"SecretPortal","floor":39,"gold_loss":0}],"is_beta":false,"boss_relics":[{"not_picked":["Empty Cage","Busted Crown"],"picked":"Astrolabe"},{"not_picked":["Runic Pyramid","Sozu"],"picked":"Black Star"}],"items_purged_floors":[4,14,37],"is_endless":false,"potions_floor_spawned":[2,6,16,19,22,27,29,36,48],"ascension_level":2}