{"gold_per_floor":[112,112,112,128,139,164,164,189,212,212,137,154,154,169,169,169],"floor_reached":16,"playtime":537,"items_purged":["Strike_R"],"score":220,"play_id":"c41e0dcb-0cbe-437b-acd3-7b0d8af5ed79","local_time":"20190201202600","is_ascension_mode":true,"campfire_choices":[{"floor":7,"key":"REST"},{"data":"Wild Strike","floor":10,"key":"SMITH"},{"data":"Cleave","floor":13,"key":"SMITH"},{"data":"Shrug It Off","floor":15,"key":"SMITH"}],"neow_cost":"NONE","seed_source_timestamp":84018716056144,"circlet_count":0,"master_deck":["AscendersBane","Strike_R","Strike_R","Strike_R","Strike_R","Defend_R","Defend_R","Defend_R","Defend_R","Bash+1","Perfected Strike+1","Shrug It Off+1","Wild Strike+1","Cleave+1","Power Through","Pommel Strike"],"relics":["Burning Blood","Orichalcum","Red Skull","Anchor"],"potions_floor_usage":[],"damage_taken":[{"damage":9,"enemies":"Small Slimes","floor":1,"turns":4},{"damage":11,"enemies":"2 Louse","floor":4,"turns":3},{"damage":7,"enemies":"Jaw Worm","floor":5,"turns":2},{"damage":28,"enemies":"Lagavulin","floor":6,"turns":7},{"damage":2,"enemies":"Gremlin Nob","floor":8,"turns":3},{"damage":1,"enemies":"Exordium Thugs","floor":12,"turns":3},{"damage":2,"enemies":"Gremlin Gang","floor":14,"turns":3},{"damage":80,"enemies":"Hexaghost","floor":16,"turns":9}],"seed_played":"8204796902380191684","potions_obtained":[{"floor":4,"key":"GamblersBrew"},{"floor":5,"key":"Strength Potion"},{"floor":14,"key":"SteroidPotion"}],"is_trial":false,"path_per_floor":["M","?","?","M","M","E","R","E","T","R","$","M","R","M","R","B"],"character_chosen":"IRONCLAD","items_purchased":[],"campfire_rested":1,"item_purchase_floors":[],"current_hp_per_floor":[65,70,70,65,64,42,66,70,70,70,70,75,75,79,79,0],"gold":169,"neow_bonus":"UPGRADE_CARD","is_prod":false,"is_daily":false,"chose_seed":false,"campfire_upgraded":3,"win_rate":0,"timestamp":1549052760,"path_taken":["M","?","?","M","M","E","R","E","T","R","?","M","R","M","R","BOSS"],"build_version":"2019-01-23","purchased_purges":1,"victory":false,"max_hp_per_floor":[75,80,80,80,80,80,80,80,80,80,80,80,80,80,80,80],"card_choices":[{"not_picked":["Armaments","Flex"],"picked":"Perfected Strike","floor":1},{"not_picked":["Armaments","Headbutt"],"picked":"Shrug It Off","floor":4},{"not_picked":["Perfected Strike","Body Slam"],"picked":"Wild Strike","floor":5},{"not_picked":["Anger","Carnage"],"picked":"Cleave","floor":6},{"not_picked":["Body Slam","Barricade","Clash"],"picked":"SKIP","floor":8},{"not_picked":["Flame Barrier","Clothesline"],"picked":"Power Through","floor":12},{"not_picked":["Rage","Iron Wave"],"picked":"Pommel Strike","floor":14}],"player_experience":1178181,"relics_obtained":[{"floor":6,"key":"Orichalcum"},{"floor":8,"key":"Red Skull"},{"floor":9,"key":"Anchor"}],"event_choices":[{"damage_healed":0,"gold_gain":0,"player_choice":"Donut","damage_taken":0,"max_hp_gain":5,"max_hp_loss":0,"event_name":"Big Fish","floor":2,"gold_loss":0},{"damage_healed":0,"gold_gain":0,"player_choice":"Grow","damage_taken":0,"max_hp_gain":0,"max_hp_loss":0,"event_name":"Living Wall","floor":3,"gold_loss":0,"cards_upgraded":["Perfected Strike"]}],"is_beta":false,"boss_relics":[],"items_purged_floors":[11],"is_endless":false,"potions_floor_spawned":[4,5,14],"killed_by":"Hexaghost","ascension_level":20}