{"gold_per_floor":[369,389,15,27,27,27,60,72,72,72,10,41,53,88,88,165,165,183,196,210,210,210,242,242,242,242,252,272,307,332,332,332,405,405,423,423,185,185,198,198,198,228,228,261,275,497,497,65,65,65],"floor_reached":50,"playtime":1352,"items_purged":["Strike_R","Defend_R"],"score":1187,"play_id":"f30fa869-737f-4334-acff-6ff0b3db1534","local_time":"20190518222826","is_ascension_mode":true,"campfire_choices":[{"data":"Uppercut","floor":6.0,"key":"SMITH"},{"data":"Uppercut","floor":10.0,"key":"SMITH"},{"data":"Perfected Strike","floor":15.0,"key":"SMITH"},{"floor":25.0,"key":"REST"},{"floor":32.0,"key":"RECALL"},{"floor":40.0,"key":"REST"},{"floor":49.0,"key":"REST"}],"neow_cost":"TEN_PERCENT_HP_LOSS","seed_source_timestamp":188906812040500,"circlet_count":0,"master_deck":["AscendersBane","Strike_R+1","Strike_R","Strike_R+1","Defend_R","Defend_R","Defend_R","Uppercut+1","Pommel Strike","Pommel Strike","Pommel Strike","Uppercut+1","Perfected Strike+1","Shockwave","Inflame","Exhume","Perfected Strike","Spot Weakness+1","RitualDagger","Ghostly Armor","Pommel Strike","Twin Strike+1","True Grit","Double Tap","Dropkick","Blind","Metallicize","Headbutt+1"],"special_seed":0,"relics":["Burning Blood","FossilizedHelix","Meat on the Bone","Ginger","Mango","Charon\u0027s Ashes","Blood Vial","Fusion Hammer","Turnip","Mummified Hand","Bottled Flame","Red Mask","Sozu","Anchor","Pear","Bag of Preparation","Whetstone","Incense Burner"],"potions_floor_usage":[],"damage_taken":[{"damage":7.0,"enemies":"Cultist","floor":1.0,"turns":4.0},{"damage":2.0,"enemies":"2 Louse","floor":2.0,"turns":3.0},{"damage":0.0,"enemies":"Small Slimes","floor":4.0,"turns":3.0},{"damage":40.0,"enemies":"3 Sentries","floor":7.0,"turns":8.0},{"damage":0.0,"enemies":"2 Fungi Beasts","floor":8.0,"turns":3.0},{"damage":15.0,"enemies":"Lagavulin","floor":12.0,"turns":5.0},{"damage":0.0,"enemies":"Large Slime","floor":13.0,"turns":4.0},{"damage":18.0,"enemies":"Gremlin Nob","floor":14.0,"turns":4.0},{"damage":30.0,"enemies":"The Guardian","floor":16.0,"turns":9.0},{"damage":0.0,"enemies":"Chosen","floor":18.0,"turns":3.0},{"damage":0.0,"enemies":"Spheric Guardian","floor":19.0,"turns":3.0},{"damage":12.0,"enemies":"Snake Plant","floor":20.0,"turns":2.0},{"damage":16.0,"enemies":"Gremlin Leader","floor":23.0,"turns":5.0},{"damage":7.0,"enemies":"Cultist and Chosen","floor":27.0,"turns":4.0},{"damage":13.0,"enemies":"Shelled Parasite and Fungi","floor":28.0,"turns":3.0},{"damage":21.0,"enemies":"Slavers","floor":29.0,"turns":4.0},{"damage":0.0,"enemies":"Masked Bandits","floor":30.0,"turns":3.0},{"damage":49.0,"enemies":"Automaton","floor":33.0,"turns":6.0},{"damage":0.0,"enemies":"Orb Walker","floor":35.0,"turns":2.0},{"damage":0.0,"enemies":"3 Darklings","floor":39.0,"turns":3.0},{"damage":23.0,"enemies":"Nemesis","floor":42.0,"turns":5.0},{"damage":47.0,"enemies":"Reptomancer","floor":44.0,"turns":4.0},{"damage":0.0,"enemies":"Spire Growth","floor":45.0,"turns":2.0},{"damage":99,"enemies":"Time Eater","floor":50,"turns":8}],"seed_played":"-5010794591457342009","potions_obtained":[{"floor":1.0,"key":"Strength Potion"},{"floor":8.0,"key":"BloodPotion"},{"floor":14.0,"key":"EntropicBrew"},{"floor":30.0,"key":"Strength Potion"}],"is_trial":false,"path_per_floor":["M","M","$","M","?","R","E","M","T","R","?","E","M","E","R","B",null,"M","M","M","?","?","E","?","R","T","M","M","E","?","?","R","B",null,"M","?","$","?","M","R","?","E","T","E","M","?","?","$","R","B"],"character_chosen":"IRONCLAD","items_purchased":["FossilizedHelix","Pommel Strike","Anchor","Incense Burner"],"campfire_rested":3,"item_purchase_floors":[3,3,37,48],"current_hp_per_floor":[67,68,68,68,68,68,34,52,52,52,66,57,63,51,51,41,72,80,82,76,70,70,62,62,82,82,81,75,70,78,78,78,49,74,82,82,82,82,82,82,82,75,75,48,56,56,56,56,83,0],"gold":65,"neow_bonus":"TWO_FIFTY_GOLD","is_prod":false,"is_daily":false,"chose_seed":false,"campfire_upgraded":3,"win_rate":0,"timestamp":1558214906,"path_taken":["M","M","$","M","?","R","E","M","T","R","?","E","?","E","R","BOSS","M","M","?","?","?","E","?","R","T","?","M","E","?","?","R","BOSS","M","?","?","?","?","R","?","E","T","E","M","?","?","$","R","BOSS"],"build_version":"2019-01-23","purchased_purges":2,"victory":false,"max_hp_per_floor":[68,68,68,68,68,68,68,68,68,68,82,82,82,82,82,82,82,82,82,82,82,82,82,82,82,82,82,82,82,82,82,82,82,82,82,82,82,82,82,82,82,92,92,92,92,92,92,92,92,92],"card_choices":[{"not_picked":["Dual Wield","Flame Barrier"],"picked":"Uppercut","floor":1.0},{"not_picked":["Twin Strike","Thunderclap"],"picked":"Pommel Strike","floor":2.0},{"not_picked":["Pummel","Dual Wield"],"picked":"Pommel Strike","floor":4.0},{"not_picked":["Entrench","Intimidate"],"picked":"Uppercut","floor":7.0},{"not_picked":["Combust","Entrench","Feel No Pain"],"picked":"SKIP","floor":8.0},{"not_picked":["Twin Strike","Pommel Strike"],"picked":"Perfected Strike","floor":12.0},{"not_picked":["Reckless Charge","Combust"],"picked":"Shockwave","floor":13.0},{"not_picked":["Twin Strike","Searing Blow"],"picked":"Inflame","floor":14.0},{"not_picked":["Immolate","Brutality"],"picked":"Exhume","floor":16.0},{"not_picked":["Thunderclap","Twin Strike","Warcry"],"picked":"SKIP","floor":18.0},{"not_picked":["Second Wind","Sword Boomerang"],"picked":"Perfected Strike","floor":19.0},{"not_picked":["Shrug It Off","Dual Wield+1"],"picked":"Spot Weakness+1","floor":20.0},{"not_picked":["Bloodletting","Battle Trance"],"picked":"Ghostly Armor","floor":23.0},{"not_picked":["Intimidate","Shockwave","Wild Strike"],"picked":"SKIP","floor":27.0},{"not_picked":["Clash+1","Dropkick"],"picked":"Pommel Strike","floor":28.0},{"not_picked":["Juggernaut","Combust"],"picked":"Twin Strike+1","floor":29.0},{"not_picked":["Armaments","Infernal Blade"],"picked":"True Grit","floor":30.0},{"not_picked":["Immolate","Barricade"],"picked":"Double Tap","floor":33.0},{"not_picked":["Body Slam","Fire Breathing+1","Flex"],"picked":"SKIP","floor":35.0},{"not_picked":["True Grit","Clothesline"],"picked":"Dropkick","floor":39.0},{"not_picked":["The Bomb","Transmutation"],"picked":"Blind","floor":41.0},{"not_picked":["Combust","Power Through"],"picked":"Metallicize","floor":42.0},{"not_picked":["Burning Pact","Feel No Pain"],"picked":"Headbutt+1","floor":44.0},{"not_picked":["Sentinel","Blood for Blood","Cleave"],"picked":"SKIP","floor":45.0}],"player_experience":1362064,"relics_obtained":[{"floor":7.0,"key":"Meat on the Bone"},{"floor":9.0,"key":"Ginger"},{"floor":12.0,"key":"Charon\u0027s Ashes"},{"floor":14.0,"key":"Blood Vial"},{"floor":23.0,"key":"Turnip"},{"floor":26.0,"key":"Mummified Hand"},{"floor":29.0,"key":"Bottled Flame"},{"floor":30.0,"key":"Red Mask"},{"floor":42.0,"key":"Pear"},{"floor":43.0,"key":"Bag of Preparation"},{"floor":44.0,"key":"Whetstone"}],"event_choices":[{"damage_healed":0.0,"max_hp_gain":0.0,"max_hp_loss":0.0,"gold_gain":0.0,"event_name":"The Cleric","player_choice":"Leave","floor":5.0,"gold_loss":0.0,"damage_taken":0.0},{"damage_healed":0.0,"max_hp_gain":0.0,"max_hp_loss":0.0,"gold_gain":0.0,"event_name":"WeMeetAgain","player_choice":"Paid Gold","floor":11.0,"gold_loss":62.0,"damage_taken":0.0,"relics_obtained":["Mango"]},{"damage_healed":0.0,"max_hp_gain":0.0,"max_hp_loss":0.0,"gold_gain":0.0,"event_name":"Nest","player_choice":"Joined the Cult","floor":21.0,"gold_loss":0.0,"damage_taken":6.0,"cards_obtained":["RitualDagger"]},{"damage_healed":0.0,"max_hp_gain":0.0,"max_hp_loss":0.0,"gold_gain":0.0,"event_name":"Vampires","player_choice":"Ignored","floor":22.0,"gold_loss":0.0,"damage_taken":0.0},{"cards_removed":["Strike_R"],"damage_healed":0.0,"max_hp_gain":0.0,"max_hp_loss":0.0,"gold_gain":0.0,"event_name":"Bonfire Elementals","player_choice":"Offered Basic","floor":24.0,"gold_loss":0.0,"damage_taken":0.0},{"damage_healed":0.0,"max_hp_gain":0.0,"max_hp_loss":0.0,"gold_gain":0.0,"event_name":"Masked Bandits","player_choice":"Fought Bandits","floor":30.0,"gold_loss":0.0,"damage_taken":0.0},{"damage_healed":0.0,"max_hp_gain":0.0,"max_hp_loss":0.0,"gold_gain":0.0,"event_name":"The Mausoleum","player_choice":"Ignored","floor":31.0,"gold_loss":0.0,"damage_taken":0.0},{"damage_healed":0.0,"max_hp_gain":0.0,"max_hp_loss":0.0,"gold_gain":0.0,"event_name":"SecretPortal","player_choice":"Ignored","floor":36.0,"gold_loss":0.0,"damage_taken":0.0},{"damage_healed":0.0,"max_hp_gain":0.0,"max_hp_loss":0.0,"gold_gain":0.0,"event_name":"Lab","player_choice":"Got Potions","floor":38.0,"gold_loss":0.0,"damage_taken":0.0},{"damage_healed":0.0,"max_hp_gain":0.0,"max_hp_loss":0.0,"gold_gain":0.0,"event_name":"SensoryStone","player_choice":"Memory 1","floor":41.0,"gold_loss":0.0,"damage_taken":0.0},{"damage_healed":0.0,"max_hp_gain":0.0,"max_hp_loss":0.0,"gold_gain":222.0,"event_name":"Tomb of Lord Red Mask","player_choice":"Wore Mask","floor":46.0,"gold_loss":0.0,"damage_taken":0.0},{"cards_removed":["Bash"],"damage_healed":0.0,"max_hp_gain":0.0,"max_hp_loss":0.0,"gold_gain":0.0,"event_name":"Falling","player_choice":"Removed Attack","floor":47.0,"gold_loss":0.0,"damage_taken":0.0}],"is_beta":false,"boss_relics":[{"not_picked":["Astrolabe","Empty Cage"],"picked":"Fusion Hammer"},{"not_picked":["Velvet Choker","Black Blood"],"picked":"Sozu"}],"items_purged_floors":[37,48],"is_endless":false,"potions_floor_spawned":[1,8,13,14,19,20,30,35,42],"killed_by":"Time Eater","ascension_level":20}