{"gold_per_floor":[109,123,123,123,136,171,171,182,182,132,164,184,184],"floor_reached":13,"playtime":774,"items_purged":[],"score":109,"play_id":"f96976b4-0449-4226-ab17-c57453743504","local_time":"20181202120534","is_ascension_mode":true,"campfire_choices":[{"data":"Zap","floor":7,"key":"SMITH"}],"neow_cost":"NONE","seed_source_timestamp":38137535174286,"circlet_count":0,"master_deck":["Strike_B","Strike_B","Strike_B","Defend_B","Defend_B","Defend_B","Defend_B","Zap+1","Dualcast","Coolheaded","Scrape","Blind","Darkness","Go for the Eyes","Coolheaded","Conserve Battery","Meteor Strike","Capacitor"],"relics":["Cracked Core","NeowsBlessing","Blue Candle","Centennial Puzzle","Cables","Girya"],"potions_floor_usage":[11,11,13],"damage_taken":[{"damage":0,"enemies":"Cultist","floor":1,"turns":1},{"damage":0,"enemies":"Jaw Worm","floor":2,"turns":1},{"damage":0,"enemies":"2 Louse","floor":5,"turns":1},{"damage":12,"enemies":"Lagavulin","floor":6,"turns":7},{"damage":8,"enemies":"Looter","floor":8,"turns":3},{"damage":7,"enemies":"Gremlin Nob","floor":11,"turns":4},{"damage":17,"enemies":"3 Louse","floor":12,"turns":2},{"damage":35,"enemies":"3 Sentries","floor":13,"turns":6}],"seed_played":"8926364919288348871","potions_obtained":[{"floor":1,"key":"LiquidBronze"},{"floor":8,"key":"Weak Potion"},{"floor":12,"key":"LiquidBronze"}],"is_trial":false,"path_per_floor":["M","M","T","?","M","E","R","M","T","?","E","M","E"],"character_chosen":"DEFECT","items_purchased":[],"campfire_rested":0,"item_purchase_floors":[],"current_hp_per_floor":[75,75,75,75,75,63,63,55,55,55,48,31,0],"gold":184,"neow_bonus":"THREE_ENEMY_KILL","is_prod":false,"is_daily":false,"chose_seed":false,"campfire_upgraded":1,"win_rate":0,"timestamp":1543781134,"path_taken":["M","?","?","?","?","E","R","M","T","?","E","M","E"],"build_version":"2018-11-15","purchased_purges":0,"victory":false,"max_hp_per_floor":[75,75,75,75,75,75,75,75,75,75,75,75,75],"card_choices":[{"not_picked":["Double Energy","Hello World"],"picked":"Coolheaded","floor":1},{"not_picked":["Steam","Tempest"],"picked":"Scrape","floor":2},{"not_picked":["Lockon","Turbo"],"picked":"Go for the Eyes","floor":5},{"not_picked":["Leap","Steam"],"picked":"Coolheaded","floor":6},{"not_picked":["Beam Cell","Undo"],"picked":"Conserve Battery","floor":8},{"not_picked":["Beam Cell","Leap"],"picked":"Meteor Strike","floor":11},{"not_picked":["Blizzard","Static Discharge"],"picked":"Capacitor","floor":12}],"player_experience":295731,"relics_obtained":[{"floor":3,"key":"Blue Candle"},{"floor":6,"key":"Centennial Puzzle"},{"floor":9,"key":"Cables"},{"floor":11,"key":"Girya"}],"event_choices":[{"damage_healed":0,"gold_gain":0,"player_choice":"2 cards matched","damage_taken":0,"max_hp_gain":0,"max_hp_loss":0,"event_name":"Match and Keep!","floor":4,"gold_loss":0,"cards_obtained":["Blind","Darkness"]},{"cards_removed":["Strike_B"],"damage_healed":0,"gold_gain":0,"player_choice":"Card Removal","damage_taken":0,"max_hp_gain":0,"max_hp_loss":0,"event_name":"The Cleric","floor":10,"gold_loss":50}],"is_beta":true,"boss_relics":[],"items_purged_floors":[],"is_endless":false,"potions_floor_spawned":[1,8,12],"killed_by":"3 Sentries","ascension_level":3}