{"gold_per_floor":[117,136,97,176,176,176,207,207,253,253,263,280,307,325,325,424,424,437,457,457,470,488,517,529,553,644,656,531,555,567,592,604,712,724,752,160,160,260,279,279],"floor_reached":40,"playtime":2052,"items_purged":["Strike_G"],"score":679,"play_id":"4368589e-2b3f-420a-8903-7a142c62d40c","local_time":"20190314145730","is_ascension_mode":true,"campfire_choices":[{"data":"Cloak And Dagger","floor":6.0,"key":"SMITH"},{"data":"Terror","floor":8.0,"key":"SMITH"},{"data":"Neutralize","floor":10.0,"key":"SMITH"},{"data":"Infinite Blades","floor":15,"key":"SMITH"},{"data":"A Thousand Cuts","floor":24,"key":"SMITH"},{"floor":27,"key":"REST"},{"floor":30,"key":"REST"},{"data":"Escape Plan","floor":32,"key":"SMITH"}],"neow_cost":"NONE","seed_source_timestamp":33036811575363,"circlet_count":0,"master_deck":["Defend_G","Defend_G","Defend_G","Defend_G","Defend_G","Strike_G","Strike_G","Strike_G","Strike_G","Survivor","Neutralize+1","Cloak And Dagger+1","Infinite Blades+1","Terror+1","Flying Knee","A Thousand Cuts+1","Dagger Spray","Dash","Escape Plan+1","After Image","Footwork","Infinite Blades"],"special_seed":0,"relics":["Ring of the Snake","NeowsBlessing","Ornamental Fan","Bronze Scales","Ninja Scroll","Lizard Tail","MawBank","Matryoshka","Ancient Tea Set","Sozu","Peace Pipe","Toolbox"],"potions_floor_usage":[16,16,21,22,23,23,33,33,33],"damage_taken":[{"damage":0.0,"enemies":"Cultist","floor":1.0,"turns":1.0},{"damage":0.0,"enemies":"2 Louse","floor":2.0,"turns":1.0},{"damage":0.0,"enemies":"Lagavulin","floor":7.0,"turns":1.0},{"damage":0.0,"enemies":"Small Slimes","floor":11.0,"turns":3.0},{"damage":0.0,"enemies":"Exordium Wildlife","floor":12.0,"turns":2.0},{"damage":1,"enemies":"Gremlin Nob","floor":13,"turns":3},{"damage":2,"enemies":"Exordium Thugs","floor":14,"turns":3},{"damage":16,"enemies":"Hexaghost","floor":16,"turns":8},{"damage":6,"enemies":"Shell Parasite","floor":18,"turns":4},{"damage":5,"enemies":"3 Byrds","floor":19,"turns":3},{"damage":3,"enemies":"3 Cultists","floor":21,"turns":4},{"damage":7,"enemies":"Cultist and Chosen","floor":22,"turns":5},{"damage":0,"enemies":"Slavers","floor":23,"turns":5},{"damage":35,"enemies":"Snake Plant","floor":25,"turns":5},{"damage":10,"enemies":"Sentry and Sphere","floor":29,"turns":4},{"damage":10,"enemies":"Snecko","floor":31,"turns":4},{"damage":61,"enemies":"Collector","floor":33,"turns":10},{"damage":5,"enemies":"Orb Walker","floor":35,"turns":3},{"damage":22,"enemies":"3 Shapes","floor":39,"turns":4},{"damage":28,"enemies":"Giant Head","floor":40,"turns":6}],"seed_played":"2781314140951079360","potions_obtained":[{"floor":1.0,"key":"PowerPotion"},{"floor":11.0,"key":"FearPotion"},{"floor":13,"key":"Weak Potion"},{"floor":16,"key":"Dexterity Potion"},{"floor":21,"key":"Ancient Potion"},{"floor":22,"key":"Explosive Potion"},{"floor":25,"key":"SteroidPotion"},{"floor":29,"key":"Block Potion"},{"floor":31,"key":"AttackPotion"}],"is_trial":false,"path_per_floor":["M","M","$","T","?","R","E","R","T","R","M","M","E","M","R","B",null,"M","M","?","M","M","E","R","M","T","R","?","M","R","M","R","B",null,"M","$","?","?","M","E"],"character_chosen":"THE_SILENT","items_purchased":["Infinite Blades","Peace Pipe","Toolbox","Infinite Blades"],"campfire_rested":2,"item_purchase_floors":[3,36,36,36],"current_hp_per_floor":[63,63,63,63,63,63,63,63,63,63,63,63,62,60,60,44,64,58,53,53,50,43,43,43,8,8,29,29,19,40,30,30,8,55,50,50,50,50,28,0],"gold":279,"neow_bonus":"THREE_ENEMY_KILL","is_prod":false,"is_daily":false,"chose_seed":false,"campfire_upgraded":6,"win_rate":0,"timestamp":1552600650,"path_taken":["M","M","$","?","?","R","E","R","T","R","?","?","E","M","R","BOSS","M","M","?","M","M","E","R","M","T","R","?","M","R","M","R","BOSS","M","$","?","?","?","E"],"build_version":"2019-01-23","purchased_purges":1,"victory":false,"max_hp_per_floor":[70,70,70,70,70,70,70,70,70,70,70,70,70,70,70,70,70,70,70,70,70,70,70,70,70,70,70,70,70,70,70,70,70,70,70,70,66,66,66,66],"card_choices":[{"not_picked":["Reflex","Dodge and Roll"],"picked":"Cloak And Dagger","floor":1.0},{"not_picked":["PiercingWail","Setup","Riddle With Holes"],"picked":"SKIP","floor":2.0},{"not_picked":["Bane","Slice"],"picked":"Terror","floor":7.0},{"not_picked":["Masterful Stab","Finisher"],"picked":"Flying Knee","floor":11.0},{"not_picked":["Predator","Backflip","Sucker Punch"],"picked":"SKIP","floor":12.0},{"not_picked":["Endless Agony","Calculated Gamble","Quick Slash"],"picked":"SKIP","floor":13},{"not_picked":["Dodge and Roll","Backflip","Well Laid Plans"],"picked":"SKIP","floor":14},{"not_picked":["Wraith Form v2","Storm of Steel"],"picked":"A Thousand Cuts","floor":16},{"not_picked":["Underhanded Strike","Backflip","Concentrate"],"picked":"SKIP","floor":18},{"not_picked":["Slice+1","Dodge and Roll","Outmaneuver"],"picked":"SKIP","floor":19},{"not_picked":["Deflect","Predator"],"picked":"Dagger Spray","floor":21},{"not_picked":["Outmaneuver","Calculated Gamble+1"],"picked":"Dash","floor":22},{"not_picked":["Setup","Flechettes+1"],"picked":"Escape Plan","floor":23},{"not_picked":["Flying Knee","Backflip","Terror"],"picked":"SKIP","floor":25},{"not_picked":["Backflip","Dagger Throw","Dagger Spray"],"picked":"SKIP","floor":29},{"not_picked":["Storm of Steel","PiercingWail","Crippling Poison"],"picked":"SKIP","floor":31},{"not_picked":["Night Terror","Wraith Form v2"],"picked":"After Image","floor":33},{"not_picked":["Underhanded Strike+1","Outmaneuver+1"],"picked":"Footwork","floor":35},{"not_picked":["Quick Slash","Deadly Poison+1","Poisoned Stab+1"],"picked":"SKIP","floor":39}],"player_experience":429927,"relics_obtained":[{"floor":7.0,"key":"Ornamental Fan"},{"floor":9.0,"key":"Bronze Scales"},{"floor":13,"key":"Ninja Scroll"},{"floor":23,"key":"MawBank"},{"floor":26,"key":"Matryoshka"}],"event_choices":[{"damage_healed":0.0,"max_hp_gain":0.0,"max_hp_loss":0.0,"gold_gain":0.0,"event_name":"The Woman in Blue","player_choice":"Bought 0 Potions","floor":5.0,"gold_loss":0.0,"damage_taken":0.0},{"damage_healed":0,"gold_gain":0,"player_choice":"Ignored","damage_taken":0,"max_hp_gain":0,"max_hp_loss":0,"event_name":"Vampires","floor":20,"gold_loss":0},{"damage_healed":0,"gold_gain":0,"player_choice":"Paid Gold","damage_taken":0,"relics_obtained":["Ancient Tea Set"],"max_hp_gain":0,"max_hp_loss":0,"event_name":"WeMeetAgain","floor":28,"gold_loss":137},{"damage_healed":0,"gold_gain":0,"player_choice":"Max HP","damage_taken":0,"max_hp_gain":0,"max_hp_loss":4,"event_name":"Winding Halls","floor":37,"gold_loss":0},{"damage_healed":0,"gold_gain":100,"player_choice":"Pray","damage_taken":0,"max_hp_gain":0,"max_hp_loss":0,"event_name":"Golden Shrine","floor":38,"gold_loss":0}],"is_beta":false,"boss_relics":[{"not_picked":["Runic Pyramid","Ectoplasm"],"picked":"Lizard Tail"},{"not_picked":["Philosopher\u0027s Stone","Runic Dome"],"picked":"Sozu"}],"items_purged_floors":[36],"is_endless":false,"potions_floor_spawned":[1,11,13,16,21,22,25,29,31,35],"killed_by":"Giant Head","ascension_level":9}