{"gold_per_floor":[111,131,131,56,67,67,101,120,120,147,166,166,184,203,203,278,278,297,297,2,19,32,32,42,62,62,62,62,72,72,72,72,144,144,155,75,88,88,99,99,199,199,199,199,218,228,228,255,255,255,255],"floor_reached":51,"playtime":1918,"items_purged":["Strike_R","Strike_R+1"],"score":1361,"play_id":"314db18c-5055-4ccb-8fb1-fde5b980c3c9","local_time":"20190305133248","is_ascension_mode":true,"campfire_choices":[{"data":"Iron Wave","floor":6.0,"key":"SMITH"},{"floor":15.0,"key":"DIG"},{"floor":23.0,"key":"DIG"},{"floor":30.0,"key":"DIG"},{"floor":32.0,"key":"DIG"},{"data":"Limit Break","floor":40.0,"key":"SMITH"},{"data":"Limit Break","floor":42.0,"key":"SMITH"},{"floor":44.0,"key":"DIG"},{"floor":47.0,"key":"DIG"},{"data":"Offering","floor":49.0,"key":"SMITH"}],"neow_cost":"NONE","seed_source_timestamp":354428463976600,"circlet_count":0,"master_deck":["AscendersBane","Strike_R+1","Strike_R+1","Strike_R+1","Defend_R+1","Defend_R+1","Defend_R+1","Defend_R+1","Bash","Iron Wave+1","Spot Weakness","Reaper","Bash","Battle Trance","Sword Boomerang+1","Clothesline","Shrug It Off","Iron Wave","Limit Break+1","Shrug It Off","Feed","Offering+1","Flex","Limit Break+1","Twin Strike+1","Battle Trance+1","Cleave+1","Pummel+1","Pommel Strike","Double Tap","Flex+1","Madness","Madness","Flex+1"],"special_seed":0,"relics":["Burning Blood","Boot","Question Card","Shovel","Blood Vial","Eternal Feather","Brimstone","Vajra","Art of War","Letter Opener","Dream Catcher","The Courier","Cursed Key","StoneCalendar","Pen Nib","Whetstone","Pantograph"],"potions_floor_usage":[],"damage_taken":[{"damage":8.0,"enemies":"Cultist","floor":1.0,"turns":5.0},{"damage":4.0,"enemies":"Small Slimes","floor":2.0,"turns":4.0},{"damage":6.0,"enemies":"Jaw Worm","floor":5.0,"turns":5.0},{"damage":28.0,"enemies":"Lagavulin","floor":7.0,"turns":5.0},{"damage":19.0,"enemies":"Exordium Wildlife","floor":8.0,"turns":5.0},{"damage":50.0,"enemies":"Gremlin Nob","floor":10.0,"turns":6.0},{"damage":12.0,"enemies":"Lots of Slimes","floor":11.0,"turns":4.0},{"damage":6.0,"enemies":"2 Fungi Beasts","floor":13.0,"turns":3.0},{"damage":7.0,"enemies":"Looter","floor":14.0,"turns":3.0},{"damage":54.0,"enemies":"Slime Boss","floor":16.0,"turns":11.0},{"damage":35.0,"enemies":"Spheric Guardian","floor":18.0,"turns":6.0},{"damage":0.0,"enemies":"2 Thieves","floor":19.0,"turns":1.0},{"damage":26.0,"enemies":"Snake Plant","floor":21.0,"turns":3.0},{"damage":20.0,"enemies":"3 Cultists","floor":22.0,"turns":4.0},{"damage":17.0,"enemies":"Centurion and Healer","floor":24.0,"turns":4.0},{"damage":14.0,"enemies":"Chosen and Byrds","floor":25.0,"turns":3.0},{"damage":6.0,"enemies":"Cultist and Chosen","floor":29.0,"turns":2.0},{"damage":52.0,"enemies":"Champ","floor":33.0,"turns":4.0},{"damage":38.0,"enemies":"3 Shapes","floor":35.0,"turns":4.0},{"damage":47.0,"enemies":"3 Darklings","floor":37.0,"turns":5.0},{"damage":6.0,"enemies":"Transient","floor":39.0,"turns":6.0},{"damage":0.0,"enemies":"Mind Bloom Boss Battle","floor":41.0,"turns":3.0},{"damage":35.0,"enemies":"Writhing Mass","floor":45.0,"turns":3.0},{"damage":14.0,"enemies":"Sphere and 2 Shapes","floor":46.0,"turns":3.0},{"damage":48.0,"enemies":"Giant Head","floor":48.0,"turns":6.0},{"damage":83.0,"enemies":"Awakened One","floor":50.0,"turns":6.0},{"damage":51,"enemies":"Donu and Deca","floor":51,"turns":3}],"seed_played":"-4311809889246767601","potions_obtained":[{"floor":1.0,"key":"Poison Potion"},{"floor":5.0,"key":"SkillPotion"},{"floor":7.0,"key":"SkillPotion"},{"floor":11.0,"key":"Ancient Potion"},{"floor":16.0,"key":"SmokeBomb"},{"floor":21.0,"key":"GamblersBrew"},{"floor":22.0,"key":"AttackPotion"},{"floor":24.0,"key":"Fire Potion"},{"floor":29.0,"key":"Fire Potion"},{"floor":39.0,"key":"SteroidPotion"}],"is_trial":false,"path_per_floor":["M","M","?","$","M","R","E","M","T","E","M","?","M","M","R","B",null,"M","M","$","M","M","R","M","M","T","?","T","M","R","?","R","B",null,"M","$","M","?","M","R","?","R","T","R","M","M","R","E","R","B","B"],"character_chosen":"IRONCLAD","items_purchased":["Brimstone","Limit Break"],"campfire_rested":0,"item_purchase_floors":[20,20],"current_hp_per_floor":[73,75,75,75,76,76,60,57,57,18,37,37,51,60,60,14,65,38,46,46,31,46,61,87,84,84,84,84,86,94,94,94,48,83,87,87,92,75,88,94,94,94,94,94,65,62,80,40,58,8,0],"gold":255,"neow_bonus":"TEN_PERCENT_HP_BONUS","is_prod":false,"is_daily":false,"chose_seed":false,"campfire_upgraded":4,"win_rate":0,"timestamp":1551792768,"path_taken":["M","M","?","?","M","R","E","M","T","E","?","?","M","M","R","BOSS","M","M","$","M","M","R","M","M","T","?","?","?","R","?","R","BOSS","M","$","M","?","M","R","?","R","T","R","M","M","R","E","R","BOSS","BOSS"],"build_version":"2019-01-23","purchased_purges":2,"victory":false,"max_hp_per_floor":[82,82,82,82,82,82,82,82,82,82,82,82,82,82,82,82,82,82,82,82,85,88,88,91,94,94,94,94,94,94,94,94,94,94,94,94,94,94,94,94,94,94,94,94,94,97,97,97,97,97,97],"card_choices":[{"not_picked":["Heavy Blade","Anger"],"picked":"Iron Wave","floor":1.0},{"not_picked":["Burning Pact","Flex"],"picked":"Spot Weakness","floor":2.0},{"not_picked":["Flex","Body Slam"],"picked":"Sword Boomerang","floor":5.0},{"not_picked":["Bludgeon","Rupture"],"picked":"Clothesline","floor":7.0},{"not_picked":["Infernal Blade","Anger"],"picked":"Shrug It Off","floor":8.0},{"not_picked":["Pommel Strike","Battle Trance","Heavy Blade"],"picked":"Iron Wave","floor":10.0},{"not_picked":["Thunderclap","Dual Wield","Clothesline"],"picked":"Limit Break","floor":11.0},{"not_picked":["Clash","Feel No Pain","True Grit"],"picked":"Shrug It Off","floor":13.0},{"not_picked":["Headbutt","Wild Strike","Rupture"],"picked":"Feed","floor":14.0},{"not_picked":["Brutality","Berserk","Immolate"],"picked":"Offering","floor":16.0},{"not_picked":["Seeing Red","Uppercut","Disarm"],"picked":"Flex","floor":18.0},{"not_picked":["Flame Barrier","Headbutt+1","Uppercut"],"picked":"Twin Strike+1","floor":21.0},{"not_picked":["Body Slam+1","Pommel Strike","Second Wind"],"picked":"Battle Trance+1","floor":22.0},{"not_picked":["Entrench","Anger","Carnage"],"picked":"Cleave+1","floor":24.0},{"not_picked":["Anger","True Grit","Clash"],"picked":"Pummel","floor":25.0},{"not_picked":["Clothesline","Armaments","Corruption"],"picked":"Pommel Strike","floor":29.0},{"not_picked":["Bludgeon","Berserk","Dark Embrace"],"picked":"Double Tap","floor":33.0},{"not_picked":["Ghostly Armor","Clash","Entrench","Fire Breathing"],"picked":"SKIP","floor":35.0},{"not_picked":["Twin Strike","Burning Pact","Wild Strike+1"],"picked":"Flex+1","floor":37.0},{"not_picked":["Sword Boomerang","Clothesline","Thunderclap+1","Wild Strike"],"picked":"SKIP","floor":39.0},{"not_picked":["Armaments","Sentinel","Twin Strike","Headbutt"],"picked":"SKIP","floor":45.0},{"not_picked":["Warcry","Anger","Flex","Clash"],"picked":"SKIP","floor":46.0},{"not_picked":["Anger","Shrug It Off","Sentinel"],"picked":"Flex+1","floor":48.0}],"player_experience":1231081,"relics_obtained":[{"floor":7.0,"key":"Boot"},{"floor":9.0,"key":"Question Card"},{"floor":10.0,"key":"Shovel"},{"floor":15.0,"key":"Blood Vial"},{"floor":23.0,"key":"Vajra"},{"floor":26.0,"key":"Art of War"},{"floor":28.0,"key":"Letter Opener"},{"floor":30.0,"key":"Dream Catcher"},{"floor":32.0,"key":"The Courier"},{"floor":41.0,"key":"StoneCalendar"},{"floor":44.0,"key":"Pen Nib"},{"floor":47.0,"key":"Whetstone"},{"floor":48.0,"key":"Pantograph"}],"event_choices":[{"damage_healed":0.0,"max_hp_gain":0.0,"max_hp_loss":0.0,"gold_gain":0.0,"event_name":"Match and Keep!","player_choice":"3 cards matched","floor":3.0,"gold_loss":0.0,"damage_taken":0.0,"cards_obtained":["Reaper","Bash","Battle Trance"]},{"damage_healed":0.0,"max_hp_gain":0.0,"max_hp_loss":0.0,"gold_gain":0.0,"event_name":"Shining Light","player_choice":"Ignored","floor":12.0,"gold_loss":0.0,"damage_taken":0.0},{"damage_healed":0.0,"max_hp_gain":0.0,"max_hp_loss":0.0,"gold_gain":0.0,"event_name":"Back to Basics","player_choice":"Simplicity","floor":31.0,"gold_loss":0.0,"damage_taken":0.0,"cards_upgraded":["Strike_R","Strike_R","Strike_R","Strike_R","Defend_R","Defend_R","Defend_R","Defend_R"]},{"damage_healed":0.0,"max_hp_gain":0.0,"max_hp_loss":0.0,"gold_gain":0.0,"event_name":"Winding Halls","player_choice":"Embrace Madness","floor":38.0,"gold_loss":0.0,"damage_taken":17.0,"cards_obtained":["Madness","Madness"]},{"damage_healed":0.0,"max_hp_gain":0.0,"max_hp_loss":0.0,"gold_gain":0.0,"event_name":"MindBloom","player_choice":"Fight","floor":41.0,"gold_loss":0.0,"damage_taken":0.0}],"is_beta":false,"boss_relics":[{"not_picked":["White Beast Statue","Velvet Choker"],"picked":"Eternal Feather"},{"not_picked":["Snecko Eye","Lizard Tail"],"picked":"Cursed Key"}],"items_purged_floors":[4,36],"is_endless":false,"potions_floor_spawned":[1,5,7,11,16,21,22,24,29,39,41,45,48],"killed_by":"Donu and Deca","ascension_level":20}