{"gold_per_floor":[117,217,234,244,258,258,286,306,306,306,325,338,367,381,381,478,478,464,480,171,190,190,190,190,190,190,190,190,190,206,156,156,261,261,271,371,386,98,0,0,25,25,25,25,40,40,55,102,102,102,102,102,64,94,94],"floor_reached":55,"playtime":2656,"items_purged":["Strike_G","Defend_G+1","Strike_G+1"],"score":687,"play_id":"aa6ab2b0-ec8d-458b-b097-e8b4cbab1b67","local_time":"20181129190523","is_ascension_mode":false,"campfire_choices":[{"data":"Dodge and Roll","floor":6.0,"key":"SMITH"},{"data":"Caltrops","floor":10.0,"key":"SMITH"},{"data":"Caltrops","floor":15.0,"key":"SMITH"},{"floor":23.0,"key":"REST"},{"data":"Footwork","floor":27.0,"key":"SMITH"},{"data":"Dodge and Roll","floor":29.0,"key":"SMITH"},{"floor":32.0,"key":"RECALL"},{"floor":40,"key":"REST"},{"floor":44,"key":"REST"},{"floor":46,"key":"DIG"},{"floor":49,"key":"REST"},{"data":"Noxious Fumes","floor":52,"key":"SMITH"}],"neow_cost":"NONE","seed_source_timestamp":0,"circlet_count":0,"master_deck":["Defend_G+1","Defend_G+1","Defend_G+1","Defend_G+1","Strike_G+1","Strike_G+1","Strike_G+1","Survivor","Neutralize","Poisoned Stab","Backflip","Dodge and Roll+1","Blur","Caltrops+1","Backstab","Blur","Adrenaline","Caltrops+1","Malaise","Predator","Dodge and Roll+1","Footwork+1","Bandage Up","Dark Shackles","Noxious Fumes+1","Bane","Noxious Fumes","PiercingWail+1"],"special_seed":0,"relics":["Sozu","Smiling Mask","Lantern","Regal Pillow","Velvet Choker","Paper Crane","Ninja Scroll","MutagenicStrength","Runic Pyramid","Shovel","Blood Vial","Red Mask","Dodecahedron","Mango","Potion Belt","Nunchaku","Gremlin Horn"],"potions_floor_usage":[],"damage_taken":[{"damage":0.0,"enemies":"2 Louse","floor":1.0,"turns":3.0},{"damage":0.0,"enemies":"Cultist","floor":3.0,"turns":4.0},{"damage":0.0,"enemies":"Small Slimes","floor":4.0,"turns":3.0},{"damage":1.0,"enemies":"Looter","floor":5.0,"turns":3.0},{"damage":7.0,"enemies":"Lagavulin","floor":7.0,"turns":10.0},{"damage":4.0,"enemies":"Exordium Wildlife","floor":8.0,"turns":5.0},{"damage":0.0,"enemies":"3 Louse","floor":11.0,"turns":2.0},{"damage":7.0,"enemies":"Blue Slaver","floor":12.0,"turns":2.0},{"damage":21.0,"enemies":"3 Sentries","floor":13.0,"turns":11.0},{"damage":0.0,"enemies":"2 Fungi Beasts","floor":14.0,"turns":4.0},{"damage":25.0,"enemies":"The Guardian","floor":16.0,"turns":10.0},{"damage":12.0,"enemies":"2 Thieves","floor":18.0,"turns":4.0},{"damage":21.0,"enemies":"Spheric Guardian","floor":19.0,"turns":5.0},{"damage":5.0,"enemies":"Chosen and Byrds","floor":21.0,"turns":8.0},{"damage":0.0,"enemies":"Sentry and Sphere","floor":30.0,"turns":6.0},{"damage":41.0,"enemies":"Automaton","floor":33.0,"turns":16.0},{"damage":24.0,"enemies":"3 Darklings","floor":35.0,"turns":7.0},{"damage":0.0,"enemies":"Mind Bloom Boss Battle","floor":36.0,"turns":7.0},{"damage":0,"enemies":"3 Shapes","floor":37,"turns":7},{"damage":60,"enemies":"Reptomancer","floor":41,"turns":9},{"damage":7,"enemies":"3 Darklings","floor":45,"turns":6},{"damage":6,"enemies":"Writhing Mass","floor":47,"turns":6},{"damage":32,"enemies":"2 Orb Walkers","floor":48,"turns":7},{"damage":30,"enemies":"Time Eater","floor":50,"turns":14},{"damage":45,"enemies":"Shield and Spear","floor":54,"turns":7},{"damage":55,"enemies":"The Heart","floor":55,"turns":3}],"seed_played":"3095721385213282318","potions_obtained":[],"is_trial":false,"path_per_floor":["M","?","M","M","M","R","E","M","T","R","M","M","E","M","R","B",null,"M","M","$","M","?","R","?","$","T","R","?","R","M","$","R","B",null,"M","?","M","$","?","R","E","?","T","R","M","R","M","?","R","B",null,"R","$","E","B"],"character_chosen":"THE_SILENT","items_purchased":["Paper Crane","Bandage Up","Blood Vial","Noxious Fumes"],"campfire_rested":4,"item_purchase_floors":[20,38,38,53],"current_hp_per_floor":[70,70,70,70,69,69,62,58,58,58,58,51,30,30,30,5,70,58,37,37,32,32,68,68,68,68,68,68,68,68,68,68,27,70,46,46,46,46,46,70,14,14,28,68,67,67,67,41,81,57,84,84,84,43,0],"gold":94,"neow_bonus":"BOSS_RELIC","is_prod":false,"is_daily":false,"chose_seed":false,"campfire_upgraded":6,"win_rate":0,"timestamp":1543518323,"path_taken":["M","?","M","M","M","R","E","M","T","R","M","M","E","?","R","BOSS","M","M","$","M","?","R","?","?","T","R","?","R","M","$","R","BOSS","M","?","M","$","?","R","E","?","T","R","M","R","M","?","R","BOSS","R","$","E","BOSS"],"build_version":"2018-11-15","purchased_purges":3,"victory":false,"max_hp_per_floor":[70,70,70,70,70,70,70,70,70,70,70,70,70,70,70,70,70,70,70,70,70,70,70,70,70,70,70,70,70,70,70,70,70,70,70,70,70,70,70,70,70,70,84,84,84,84,84,84,84,84,84,84,84,84,84],"card_choices":[{"not_picked":["Sucker Punch","Dagger Spray"],"picked":"Poisoned Stab","floor":1.0},{"not_picked":["Flechettes","Deflect"],"picked":"Backflip","floor":3.0},{"not_picked":["Acrobatics","Slice"],"picked":"Dodge and Roll","floor":4.0},{"not_picked":["Concentrate","Flechettes"],"picked":"Blur","floor":5.0},{"not_picked":["Quick Slash","Outmaneuver"],"picked":"Caltrops","floor":7.0},{"not_picked":["Acrobatics","Deflect"],"picked":"Backstab","floor":8.0},{"not_picked":["Outmaneuver","Sucker Punch"],"picked":"Blur","floor":11.0},{"not_picked":["Cloak And Dagger","Blur"],"picked":"Adrenaline","floor":12.0},{"not_picked":["Poisoned Stab","Acrobatics"],"picked":"Caltrops","floor":13.0},{"not_picked":["Underhanded Strike","Acrobatics","Deflect"],"picked":"SKIP","floor":14.0},{"not_picked":["Grand Finale","Storm of Steel"],"picked":"Malaise","floor":16.0},{"not_picked":["Terror+1","Bane"],"picked":"Predator","floor":18.0},{"not_picked":["Masterful Stab+1","Dagger Throw"],"picked":"Dodge and Roll","floor":19.0},{"not_picked":["Poisoned Stab+1","Quick Slash"],"picked":"Footwork","floor":21.0},{"not_picked":["Dodge and Roll","Cloak And Dagger","Acrobatics"],"picked":"SKIP","floor":30.0},{"not_picked":["Acrobatics+1","Quick Slash","Flying Knee+1"],"picked":"SKIP","floor":35.0},{"not_picked":["Backflip","Underhanded Strike","Deflect"],"picked":"SKIP","floor":37},{"not_picked":["Adrenaline","Predator","Catalyst"],"picked":"SKIP","floor":41},{"not_picked":["Panacea","Swift Strike"],"picked":"Dark Shackles","floor":42},{"not_picked":["Bane","Concentrate+1"],"picked":"Noxious Fumes","floor":45},{"not_picked":["Deflect+1","Dagger Spray+1","Leg Sweep"],"picked":"SKIP","floor":47},{"not_picked":["Skewer","Acrobatics+1"],"picked":"Bane","floor":48},{"not_picked":["Masterful Stab+1","Skewer+1"],"picked":"PiercingWail+1","floor":54}],"player_experience":197396,"relics_obtained":[{"floor":7.0,"key":"Smiling Mask"},{"floor":9.0,"key":"Lantern"},{"floor":13.0,"key":"Regal Pillow"},{"floor":36.0,"key":"Shovel"},{"floor":41,"key":"Dodecahedron"},{"floor":43,"key":"Mango"},{"floor":46,"key":"Potion Belt"},{"floor":48,"key":"Nunchaku"},{"floor":54,"key":"Gremlin Horn"}],"event_choices":[{"damage_healed":0.0,"max_hp_gain":0.0,"max_hp_loss":0.0,"gold_gain":100.0,"event_name":"Golden Shrine","player_choice":"Pray","floor":2.0,"gold_loss":0.0,"damage_taken":0.0},{"damage_healed":0.0,"max_hp_gain":0.0,"max_hp_loss":0.0,"gold_gain":0.0,"event_name":"Back to Basics","player_choice":"Simplicity","floor":22.0,"gold_loss":0.0,"damage_taken":0.0,"cards_upgraded":["Defend_G","Defend_G","Defend_G","Defend_G","Defend_G","Strike_G","Strike_G","Strike_G","Strike_G"]},{"damage_healed":0.0,"max_hp_gain":0.0,"max_hp_loss":0.0,"gold_gain":0.0,"event_name":"The Mausoleum","player_choice":"Opened","floor":24.0,"gold_loss":0.0,"damage_taken":0.0,"relics_obtained":["Ninja Scroll"]},{"damage_healed":0.0,"max_hp_gain":0.0,"max_hp_loss":0.0,"gold_gain":0.0,"event_name":"Drug Dealer","player_choice":"Inject Mutagens","floor":28.0,"gold_loss":0.0,"damage_taken":0.0,"relics_obtained":["MutagenicStrength"]},{"damage_healed":0.0,"max_hp_gain":0.0,"max_hp_loss":0.0,"gold_gain":0.0,"event_name":"MindBloom","player_choice":"Fight","floor":36.0,"gold_loss":0.0,"damage_taken":0.0},{"damage_healed":0,"gold_gain":0,"player_choice":"Paid","damage_taken":0,"relics_obtained":["Red Mask"],"max_hp_gain":0,"max_hp_loss":0,"event_name":"Tomb of Lord Red Mask","floor":39,"gold_loss":98},{"damage_healed":0,"gold_gain":0,"player_choice":"Memory 1","damage_taken":0,"max_hp_gain":0,"max_hp_loss":0,"event_name":"SensoryStone","floor":42,"gold_loss":0},{"damage_healed":0,"gold_gain":0,"player_choice":"Fight","damage_taken":0,"max_hp_gain":0,"max_hp_loss":0,"event_name":"Mysterious Sphere","floor":48,"gold_loss":0}],"is_beta":true,"boss_relics":[{"not_picked":["Astrolabe","Ectoplasm"],"picked":"Velvet Choker"},{"not_picked":["Cursed Key","White Beast Statue"],"picked":"Runic Pyramid"}],"items_purged_floors":[20,31,38],"is_endless":false,"potions_floor_spawned":[3,7,11,14,16,18,19,30,35,37,47,54],"killed_by":"The Heart","ascension_level":0}