{"gold_per_floor":[111,130,150,164,182,207,219,250,275,301,100,100,132,132,132,234,234,244,244,255,271,291,318,318,343,418,434,434,460,471,498,498,594,594,607,618,718,718,731,731,758,758,758,797,312,330,330,356,356,356],"floor_reached":50,"playtime":5773,"items_purged":[],"score":1453,"play_id":"20a17b4d-502b-4c67-8a01-3d7b2e3e1ea5","local_time":"20190127222256","is_ascension_mode":true,"campfire_choices":[{"floor":12.0,"key":"REST"},{"floor":15.0,"key":"REST"},{"floor":24.0,"key":"REST"},{"floor":28.0,"key":"REST"},{"data":"InstantArmor","floor":32.0,"key":"SMITH"}],"neow_cost":"","seed_source_timestamp":0,"circlet_count":0,"master_deck":["Potential+1","TimeWarp+1","FlawlessForm+1","TheWorld+1","SpecialFormula+1","BottledTime+1","Advance+1","SilverBlades+1","Starlight+1","SurpressingFire+1","TimeWarp+1","TheWorld+1","BottledTime+1","BottledTime+1","TheWorld+1","TimeWarp+1","Clumsy","Clumsy","ShiftingGears+1","InstantArmor+1","Clumsy","Advance+1","InstantArmor+1","TimeWarp+1","Clumsy","Advance+1","ShiftingGears+1","TimeWarp+1","TheWorld+1"],"special_seed":0,"relics":["Uniform","Seething Fire","Hammer of Thor","Anvil of the Gods","Du-Vu Doll","Bag of Marbles","Dream Catcher","Blue Candle","Potion Belt","Pen Nib","Oddly Smooth Stone","Lee\u0027s Waffle","Regal Pillow","StoneMask","Smiling Mask","Pear","Mercury Hourglass","Question Card","Whetstone","Coffee Dripper","WingedGreaves","Ornamental Fan","Singing Bowl","MawBank","Orichalcum","Bottled Flame","Dodecahedron","FossilizedHelix"],"potions_floor_usage":[37],"damage_taken":[{"damage":0.0,"enemies":"Small Slimes","floor":1.0,"turns":1.0},{"damage":0.0,"enemies":"Cultist","floor":2.0,"turns":1.0},{"damage":0.0,"enemies":"2 Louse","floor":3.0,"turns":1.0},{"damage":0.0,"enemies":"Blue Slaver","floor":4.0,"turns":1.0},{"damage":0.0,"enemies":"3 Louse","floor":5.0,"turns":1.0},{"damage":0.0,"enemies":"Gremlin Nob","floor":6.0,"turns":1.0},{"damage":0.0,"enemies":"Exordium Wildlife","floor":7.0,"turns":1.0},{"damage":0.0,"enemies":"Lagavulin","floor":8.0,"turns":2.0},{"damage":0.0,"enemies":"3 Sentries","floor":10.0,"turns":1.0},{"damage":0.0,"enemies":"Gremlin Nob","floor":13.0,"turns":1.0},{"damage":0.0,"enemies":"The Guardian","floor":16.0,"turns":2.0},{"damage":0.0,"enemies":"3 Byrds","floor":18.0,"turns":1.0},{"damage":0.0,"enemies":"Chosen","floor":20.0,"turns":1.0},{"damage":0.0,"enemies":"Centurion and Healer","floor":21.0,"turns":1.0},{"damage":0.0,"enemies":"Snake Plant","floor":22.0,"turns":1.0},{"damage":0.0,"enemies":"Slavers","floor":23.0,"turns":1.0},{"damage":0.0,"enemies":"Gremlin Leader","floor":25.0,"turns":1.0},{"damage":0.0,"enemies":"Shelled Parasite and Fungi","floor":27.0,"turns":1.0},{"damage":0.0,"enemies":"Book of Stabbing","floor":29.0,"turns":1.0},{"damage":0.0,"enemies":"Centurion and Healer","floor":30.0,"turns":1.0},{"damage":0.0,"enemies":"Gremlin Leader","floor":31.0,"turns":1.0},{"damage":0.0,"enemies":"Champ","floor":33.0,"turns":2.0},{"damage":0,"enemies":"3 Darklings","floor":35,"turns":1},{"damage":0,"enemies":"3 Shapes","floor":36,"turns":1},{"damage":0,"enemies":"Mind Bloom Boss Battle","floor":37,"turns":1},{"damage":0,"enemies":"3 Darklings","floor":39,"turns":1},{"damage":0,"enemies":"Giant Head","floor":41,"turns":1},{"damage":0,"enemies":"Reptomancer","floor":44,"turns":1},{"damage":0,"enemies":"Transient","floor":46,"turns":2},{"damage":0,"enemies":"Giant Head","floor":48,"turns":1},{"damage":0,"enemies":"Time Eater","floor":50,"turns":1}],"seed_played":"-2024868858200459972","potions_obtained":[{"floor":1.0,"key":"Ancient Potion"},{"floor":5.0,"key":"Poison Potion"},{"floor":6.0,"key":"Ancient Potion"},{"floor":8.0,"key":"Strength Potion"},{"floor":10.0,"key":"Swift Potion"},{"floor":36,"key":"Fruit Juice"},{"floor":44,"key":"FearPotion"}],"is_trial":false,"path_per_floor":["M","M","M","M","M","E","M","E","T","E","$","R","E","?","R","B",null,"M","?","M","M","M","E","R","E","T","M","R","E","M","E","R","B",null,"M","M","?","?","M","R","E","T","T","E","$","M","R","E","R","B"],"character_chosen":"THE_SERVANT","items_purchased":["Lee\u0027s Waffle","Bottled Flame","Dodecahedron"],"campfire_rested":4,"item_purchase_floors":[11,45,45],"current_hp_per_floor":[65,65,65,65,65,65,65,65,65,65,72,72,72,72,72,72,72,75,75,76,78,79,82,82,93,93,95,95,96,98,99,99,100,100,101,104,110,96,99,99,110,110,110,115,115,118,118,121,121,121],"gold":356,"neow_bonus":"","is_prod":false,"is_daily":false,"chose_seed":false,"campfire_upgraded":1,"win_rate":1,"timestamp":1548656576,"path_taken":["M","M","M","M","M","E","M","E","T","E","$","R","E","?","R","BOSS","M","?","?","M","M","E","R","E","T","M","R","E","?","E","R","BOSS","M","M","?","?","M","R","E","?","T","E","$","M","R","E","R","BOSS"],"build_version":"2019-01-23","purchased_purges":0,"victory":false,"max_hp_per_floor":[65,65,65,65,65,65,65,65,65,65,72,72,72,72,72,72,72,75,75,76,78,79,82,82,93,93,95,95,96,98,99,99,100,100,101,104,110,110,111,111,112,112,112,115,115,118,118,121,121,121],"card_choices":[{"not_picked":["Starlight","ReturningBlade","Unruled"],"picked":"SKIP","floor":1.0},{"not_picked":["Starlight","ReturningBlade","Unruled"],"picked":"SKIP","floor":1.0},{"not_picked":["Starlight","ReturningBlade","Unruled"],"picked":"SKIP","floor":1.0},{"not_picked":["Gouge","Unruled","Ricochet"],"picked":"SKIP","floor":2.0},{"not_picked":["Ricochet","GearUp","Alleviate"],"picked":"SKIP","floor":3.0},{"not_picked":["Replace","Potential"],"picked":"ShiftingGears","floor":4.0},{"not_picked":["Rewind","MoonPhase","Defy"],"picked":"SKIP","floor":5.0},{"not_picked":["Gouge","Potential","Starlight"],"picked":"SKIP","floor":6.0},{"not_picked":["ShiftingGears","MoonPhase","FastForward"],"picked":"SKIP","floor":7.0},{"not_picked":["DoubleEdge","Spin","Replace"],"picked":"SKIP","floor":8.0},{"not_picked":["Shuttle","Replace","Enbodiment"],"picked":"SKIP","floor":10.0},{"not_picked":["Gouge","Rearm","ShiftingGears"],"picked":"SKIP","floor":13.0},{"not_picked":["ShatteredReality","Snipe","Spin"],"picked":"SKIP","floor":18.0},{"not_picked":["ShatteredReality","Ricochet","Rearm"],"picked":"SKIP","floor":20.0},{"not_picked":["Alleviate+1","Potential","BottledTime"],"picked":"SKIP","floor":21.0},{"not_picked":["Revamp+1","SurpressingFire+1","Rearm"],"picked":"SKIP","floor":22.0},{"not_picked":["Alleviate","Rewind","Desolation"],"picked":"SKIP","floor":23.0},{"not_picked":["Initiator","Ricochet","SurpressingFire"],"picked":"SKIP","floor":25.0},{"not_picked":["Shuttle","FanOfKnives+1","BottledTime"],"picked":"SKIP","floor":27.0},{"not_picked":["Revamp","Spin","Luminosity"],"picked":"SKIP","floor":29.0},{"not_picked":["Rearm","ReturningBlade","Snipe+1","Defy"],"picked":"SKIP","floor":30.0},{"not_picked":["DualDimension","StarChef+1","Collapse"],"picked":"InstantArmor","floor":31.0},{"not_picked":["Potential+1","ShatteredReality","Rewind+1","Moonlight+1"],"picked":"SKIP","floor":35},{"not_picked":["Deny","ShatteredReality","Rearm","WasteNot+1"],"picked":"SKIP","floor":36},{"not_picked":["BottledTime","Moonlight","MoonPhase+1","Starlight"],"picked":"SKIP","floor":39},{"not_picked":["BottledTime","Moonlight","MoonPhase+1","Starlight"],"picked":"SKIP","floor":39},{"not_picked":["BottledTime","Moonlight","MoonPhase+1","Starlight"],"picked":"SKIP","floor":39},{"not_picked":["BottledTime","Moonlight","MoonPhase+1","Starlight"],"picked":"SKIP","floor":39},{"not_picked":["BottledTime","Moonlight","MoonPhase+1","Starlight"],"picked":"SKIP","floor":39},{"not_picked":["ShatteredReality+1","FastForward+1","Rewind+1","Read+1"],"picked":"SKIP","floor":41},{"not_picked":["ShatteredReality+1","FastForward+1","Rewind+1","Read+1"],"picked":"SKIP","floor":41},{"not_picked":["Revamp+1","BottledTime","Potential+1","Manipulate"],"picked":"Singing Bowl","floor":44},{"not_picked":["Spin+1","Comet","Defy","Sabotage"],"picked":"Singing Bowl","floor":46},{"not_picked":["Unruled+1","ShatteredReality+1","Read","Reset+1"],"picked":"Singing Bowl","floor":48}],"player_experience":269246,"relics_obtained":[{"floor":6.0,"key":"Blue Candle"},{"floor":8.0,"key":"Potion Belt"},{"floor":9.0,"key":"Pen Nib"},{"floor":10.0,"key":"Oddly Smooth Stone"},{"floor":13.0,"key":"Regal Pillow"},{"floor":23.0,"key":"Smiling Mask"},{"floor":25.0,"key":"Pear"},{"floor":26.0,"key":"Mercury Hourglass"},{"floor":29.0,"key":"Question Card"},{"floor":31.0,"key":"Whetstone"},{"floor":37,"key":"WingedGreaves"},{"floor":41,"key":"Ornamental Fan"},{"floor":42,"key":"Singing Bowl"},{"floor":43,"key":"MawBank"},{"floor":44,"key":"Orichalcum"},{"floor":48,"key":"FossilizedHelix"}],"event_choices":[{"damage_healed":0.0,"max_hp_gain":0.0,"max_hp_loss":0.0,"gold_gain":0.0,"event_name":"Shining Light","player_choice":"Ignored","floor":14.0,"gold_loss":0.0,"damage_taken":0.0},{"damage_healed":0.0,"max_hp_gain":0.0,"max_hp_loss":0.0,"gold_gain":0.0,"event_name":"Accursed Blacksmith","player_choice":"Ignored","floor":19.0,"gold_loss":0.0,"damage_taken":0.0},{"damage_healed":0,"gold_gain":0,"player_choice":"Fight","damage_taken":0,"max_hp_gain":0,"max_hp_loss":0,"event_name":"MindBloom","floor":37,"gold_loss":0},{"damage_healed":0,"gold_gain":0,"player_choice":"Embrace Madness","damage_taken":14,"max_hp_gain":0,"max_hp_loss":0,"event_name":"Winding Halls","floor":38,"gold_loss":0,"cards_obtained":["Madness","Madness"]}],"is_beta":false,"boss_relics":[{"not_picked":["Eternal Feather","Snecko Eye"],"picked":"StoneMask"},{"not_picked":["Empty Cage","White Beast Statue"],"picked":"Coffee Dripper"}],"items_purged_floors":[],"is_endless":false,"potions_floor_spawned":[1,5,6,7,8,10,25,27,31,36,37,44],"killed_by":"Time Eater","ascension_level":1}