{"gold_per_floor":[116,141,141,151,10,10,43,43,66,81,109,127,144,164,164,262,262,282,282,282,282,298,327,527,527],"floor_reached":25,"playtime":2829,"items_purged":[],"score":319,"play_id":"b383ee57-073f-4ada-be71-95d9ed9eeda7","local_time":"20181202102700","is_ascension_mode":true,"campfire_choices":[{"data":"Zap","floor":6,"key":"SMITH"},{"floor":15,"key":"REST"}],"neow_cost":"PERCENT_DAMAGE","seed_source_timestamp":32051815557842,"circlet_count":0,"master_deck":["Defend_B+1","Defend_B+1","Defend_B+1","Defend_B+1","Zap+1","Dualcast","Aggregate+1","FTL","Loop","Hologram","Undo+1","Conserve Battery+1","Chill+1","Self Repair","FTL","Go for the Eyes","All For One","Cold Snap","Bite","Bite","Bite","Bite","Bite","Gash","Glacier+1"],"relics":["Cracked Core","Ginger","Whetstone","Toxic Egg 2","Question Card","Bag of Preparation","Art of War","Nuclear Battery","Nilry\u0027s Codex","Dead Branch"],"potions_floor_usage":[7,7,11,16,23],"damage_taken":[{"damage":1,"enemies":"Cultist","floor":1,"turns":3},{"damage":2,"enemies":"Jaw Worm","floor":4,"turns":3},{"damage":17,"enemies":"Lagavulin","floor":7,"turns":6},{"damage":0,"enemies":"Small Slimes","floor":10,"turns":2},{"damage":0,"enemies":"Gremlin Nob","floor":11,"turns":3},{"damage":0,"enemies":"3 Louse","floor":12,"turns":3},{"damage":1,"enemies":"Large Slime","floor":13,"turns":5},{"damage":0,"enemies":"Lots of Slimes","floor":14,"turns":4},{"damage":20,"enemies":"The Guardian","floor":16,"turns":14},{"damage":11,"enemies":"Shell Parasite","floor":18,"turns":6},{"damage":5,"enemies":"Spheric Guardian","floor":22,"turns":4},{"damage":40,"enemies":"Book of Stabbing","floor":23,"turns":7},{"damage":42,"enemies":"Gremlin Leader","floor":25,"turns":4}],"seed_played":"-4056401870103997361","potions_obtained":[{"floor":4,"key":"Swift Potion"},{"floor":7,"key":"FocusPotion"},{"floor":13,"key":"AttackPotion"},{"floor":16,"key":"Regen Potion"},{"floor":23,"key":"FocusPotion"}],"is_trial":false,"path_per_floor":["M","T","?","M","$","R","E","T","T","M","E","M","M","M","R","B",null,"M","?","?","?","M","E","?","E"],"character_chosen":"DEFECT","items_purchased":["Loop","Hologram","PowerPotion"],"campfire_rested":1,"item_purchase_floors":[5,5,5],"current_hp_per_floor":[53,53,38,36,36,36,19,19,19,19,19,19,25,32,54,41,75,71,71,55,52,52,42,42,0],"gold":527,"neow_bonus":"ONE_RARE_RELIC","is_prod":false,"is_daily":false,"chose_seed":false,"campfire_upgraded":1,"win_rate":0,"timestamp":1543775220,"path_taken":["M","?","?","M","?","R","E","?","T","M","E","M","?","?","R","BOSS","M","?","?","?","M","E","?","E"],"build_version":"2018-11-15","purchased_purges":0,"victory":false,"max_hp_per_floor":[75,75,75,75,75,75,75,75,75,75,75,75,75,75,75,75,75,75,75,75,52,52,52,52,52],"card_choices":[{"not_picked":["Sweeping Beam","Rebound"],"picked":"Aggregate","floor":1},{"not_picked":["Beam Cell","Steam"],"picked":"FTL","floor":4},{"not_picked":["Ball Lightning","Redo"],"picked":"Undo","floor":7},{"not_picked":["Leap+1","Rebound","Compile Driver"],"picked":"Conserve Battery+1","floor":10},{"not_picked":["Aggregate+1","White Noise+1","Darkness+1"],"picked":"Chill+1","floor":11},{"not_picked":["Ball Lightning","Turbo+1","Compile Driver"],"picked":"Self Repair","floor":12},{"not_picked":["Rip and Tear","Reprogram+1","Cold Snap"],"picked":"FTL","floor":13},{"not_picked":["Steam+1","Turbo+1","Streamline"],"picked":"Go for the Eyes","floor":14},{"not_picked":["Multi-Cast+1","Reboot+1","Buffer"],"picked":"All For One","floor":16},{"not_picked":["Scrape","Go for the Eyes","Streamline"],"picked":"Cold Snap","floor":18},{"not_picked":["Melter+1","Beam Cell","Steam+1"],"picked":"Gash","floor":22},{"not_picked":["Capacitor","Turbo+1","Chill+1"],"picked":"Glacier+1","floor":23}],"player_experience":289807,"relics_obtained":[{"floor":2,"key":"Whetstone"},{"floor":7,"key":"Toxic Egg 2"},{"floor":8,"key":"Question Card"},{"floor":9,"key":"Bag of Preparation"},{"floor":11,"key":"Art of War"},{"floor":20,"key":"Nilry\u0027s Codex"},{"floor":23,"key":"Dead Branch"}],"event_choices":[{"damage_healed":0,"gold_gain":0,"player_choice":"Entered Light","damage_taken":15,"max_hp_gain":0,"max_hp_loss":0,"event_name":"Shining Light","floor":3,"gold_loss":0,"cards_upgraded":["Strike_B","Aggregate"]},{"damage_healed":0,"gold_gain":0,"player_choice":"Simplicity","damage_taken":0,"max_hp_gain":0,"max_hp_loss":0,"event_name":"Back to Basics","floor":19,"gold_loss":0,"cards_upgraded":["Strike_B","Defend_B","Defend_B","Defend_B","Defend_B"]},{"damage_healed":0,"gold_gain":0,"player_choice":"Obtained Book","damage_taken":16,"max_hp_gain":0,"max_hp_loss":0,"event_name":"Cursed Tome","floor":20,"gold_loss":0},{"damage_healed":0,"gold_gain":0,"player_choice":"Became a vampire","damage_taken":0,"max_hp_gain":0,"max_hp_loss":23,"event_name":"Vampires","floor":21,"gold_loss":0,"cards_obtained":["Bite","Bite","Bite","Bite","Bite"]},{"damage_healed":0,"gold_gain":200,"player_choice":"Gold","damage_taken":0,"max_hp_gain":0,"max_hp_loss":0,"event_name":"Wheel of Change","floor":24,"gold_loss":0}],"is_beta":true,"boss_relics":[{"not_picked":["Empty Cage","Fusion Hammer"],"picked":"Nuclear Battery"}],"items_purged_floors":[],"is_endless":false,"potions_floor_spawned":[4,7,13,16,23],"killed_by":"Gremlin Leader","ascension_level":3}