{"gold_per_floor":[117,117,137,137,148,148,98,24,24,24,53,53,85,104,104,209,209,225,225,245,256,105,137,137,137,137,137,168,168],"floor_reached":29,"playtime":1424,"items_purged":["Strike_G"],"score":377,"play_id":"d97f6b94-2945-43da-85eb-b0c9ceb034ab","local_time":"20190304195922","is_ascension_mode":true,"campfire_choices":[{"data":"Blade Dance","floor":6.0,"key":"SMITH"},{"data":"Accuracy","floor":10.0,"key":"SMITH"},{"data":"Dramatic Entrance","floor":12.0,"key":"SMITH"},{"data":"Terror","floor":15.0,"key":"SMITH"},{"floor":25,"key":"RECALL"},{"data":"After Image","floor":27,"key":"SMITH"}],"neow_cost":"NONE","seed_source_timestamp":0,"circlet_count":0,"master_deck":["Defend_G","Defend_G","Defend_G","Defend_G","Strike_G","Strike_G","Strike_G","Survivor","Neutralize+1","Dramatic Entrance+1","Backflip","Blade Dance+1","Flying Knee","Accuracy+1","Terror+1","After Image+1","Dagger Spray","Infinite Blades"],"special_seed":0,"relics":["Ring of the Snake","Boot","Tough Bandages","Pocketwatch","Eternal Feather","Snake Skull","Bird Faced Urn","Torii"],"potions_floor_usage":[20,23,28,28],"damage_taken":[{"damage":0.0,"enemies":"Small Slimes","floor":1.0,"turns":3.0},{"damage":0.0,"enemies":"Cultist","floor":3.0,"turns":3.0},{"damage":1.0,"enemies":"Jaw Worm","floor":5.0,"turns":3.0},{"damage":12.0,"enemies":"3 Sentries","floor":11.0,"turns":4.0},{"damage":10.0,"enemies":"Lagavulin","floor":13.0,"turns":5.0},{"damage":0.0,"enemies":"3 Louse","floor":14.0,"turns":3.0},{"damage":4.0,"enemies":"Slime Boss","floor":16.0,"turns":5.0},{"damage":6.0,"enemies":"3 Byrds","floor":18.0,"turns":5.0},{"damage":6,"enemies":"2 Thieves","floor":20,"turns":3},{"damage":17,"enemies":"Snake Plant","floor":21,"turns":4},{"damage":15,"enemies":"Gremlin Leader","floor":23,"turns":6},{"damage":35,"enemies":"Slavers","floor":28,"turns":6},{"damage":13,"enemies":"Sentry and Sphere","floor":29,"turns":3}],"seed_played":"2600162894005396836","potions_obtained":[{"floor":1.0,"key":"Strength Potion"},{"floor":3.0,"key":"SteroidPotion"},{"floor":11.0,"key":"AttackPotion"},{"floor":20,"key":"EssenceOfSteel"},{"floor":21,"key":"Regen Potion"},{"floor":23,"key":"Swift Potion"}],"is_trial":false,"path_per_floor":["M","?","M","?","M","R","?","$","T","R","E","R","E","M","R","B",null,"M","?","M","M","$","E","?","R","T","R","E","M"],"character_chosen":"THE_SILENT","items_purchased":["Accuracy","Infinite Blades"],"campfire_rested":0,"item_purchase_floors":[8,22],"current_hp_per_floor":[63,63,63,56,55,55,55,55,55,55,43,43,33,33,33,29,60,54,41,35,18,18,18,18,27,27,36,7,0],"gold":168,"neow_bonus":"RANDOM_COLORLESS","is_prod":false,"is_daily":false,"chose_seed":false,"campfire_upgraded":5,"win_rate":0,"timestamp":1551758362,"path_taken":["M","?","?","?","M","R","?","?","T","R","E","R","E","M","R","BOSS","M","?","M","M","$","E","?","R","T","R","E","?"],"build_version":"2019-01-23","purchased_purges":1,"victory":false,"max_hp_per_floor":[70,70,70,70,70,70,70,70,70,70,70,70,70,70,70,70,70,70,75,75,75,75,75,75,75,75,75,75,75],"card_choices":[{"not_picked":["Eviscerate","Deadly Poison"],"picked":"Backflip","floor":1.0},{"not_picked":["Deflect","PiercingWail"],"picked":"Blade Dance","floor":3.0},{"not_picked":["Dagger Throw","Tools of the Trade"],"picked":"Flying Knee","floor":5.0},{"not_picked":["Night Terror","All Out Attack","Dodge and Roll"],"picked":"SKIP","floor":11.0},{"not_picked":["Calculated Gamble","Predator"],"picked":"Terror","floor":13.0},{"not_picked":["Poisoned Stab","Sucker Punch","Outmaneuver"],"picked":"SKIP","floor":14.0},{"not_picked":["Glass Knife","Burst"],"picked":"After Image","floor":16.0},{"not_picked":["Quick Slash+1","Tactician","Dagger Throw+1"],"picked":"SKIP","floor":18.0},{"not_picked":["Heel Hook","Poisoned Stab","Underhanded Strike"],"picked":"SKIP","floor":20},{"not_picked":["Dash","Noxious Fumes"],"picked":"Dagger Spray","floor":21},{"not_picked":["Phantasmal Killer","Concentrate","Slice"],"picked":"SKIP","floor":23},{"not_picked":["Unload","Skewer","Setup"],"picked":"SKIP","floor":28}],"player_experience":411383,"relics_obtained":[{"floor":9.0,"key":"Boot"},{"floor":11.0,"key":"Tough Bandages"},{"floor":13.0,"key":"Pocketwatch"},{"floor":23,"key":"Snake Skull"},{"floor":26,"key":"Bird Faced Urn"},{"floor":28,"key":"Torii"}],"event_choices":[{"damage_healed":0.0,"max_hp_gain":0.0,"max_hp_loss":0.0,"gold_gain":0.0,"event_name":"Accursed Blacksmith","player_choice":"Forge","floor":2.0,"gold_loss":0.0,"damage_taken":0.0,"cards_upgraded":["Neutralize"]},{"cards_removed":["Strike_G"],"damage_healed":0.0,"max_hp_gain":0.0,"max_hp_loss":0.0,"gold_gain":0.0,"event_name":"Golden Wing","player_choice":"Card Removal","floor":4.0,"gold_loss":0.0,"damage_taken":7.0},{"cards_removed":["Defend_G"],"damage_healed":0.0,"max_hp_gain":0.0,"max_hp_loss":0.0,"gold_gain":0.0,"event_name":"The Cleric","player_choice":"Card Removal","floor":7.0,"gold_loss":50.0,"damage_taken":0.0},{"damage_healed":0.0,"max_hp_gain":5.0,"max_hp_loss":0.0,"gold_gain":0.0,"event_name":"Forgotten Altar","player_choice":"Shed Blood","floor":19.0,"gold_loss":0.0,"damage_taken":18.0},{"damage_healed":0,"gold_gain":0,"player_choice":"Ignored","damage_taken":0,"max_hp_gain":0,"max_hp_loss":0,"event_name":"Beggar","floor":24,"gold_loss":0}],"is_beta":false,"boss_relics":[{"not_picked":["Philosopher\u0027s Stone","Runic Pyramid"],"picked":"Eternal Feather"}],"items_purged_floors":[22],"is_endless":false,"potions_floor_spawned":[1,3,11,20,21,23],"killed_by":"Sentry and Sphere","ascension_level":8}