{"gold_per_floor":[111,121,137,148,161,161,193,203,503,503],"floor_reached":10,"playtime":460,"items_purged":[],"score":144,"play_id":"a6272b97-2694-4244-836d-4391a54d8efe","local_time":"20190305120201","is_ascension_mode":true,"campfire_choices":[{"floor":6,"key":"REST"}],"neow_cost":"NONE","seed_source_timestamp":350994264499700,"circlet_count":0,"master_deck":["AscendersBane","Defend_G","Defend_G","Defend_G","Defend_G","Defend_G","Strike_G","Strike_G","Strike_G","Strike_G","Strike_G","Survivor","Neutralize","Footwork","Dagger Spray","Dodge and Roll","Poisoned Stab","Dagger Throw","Endless Agony","Cloak And Dagger"],"relics":["Ring of the Snake","Bag of Marbles","Old Coin"],"potions_floor_usage":[4,7,10],"damage_taken":[{"damage":3,"enemies":"Small Slimes","floor":1,"turns":5},{"damage":13,"enemies":"Jaw Worm","floor":2,"turns":9},{"damage":0,"enemies":"2 Louse","floor":3,"turns":4},{"damage":0,"enemies":"Lots of Slimes","floor":4,"turns":3},{"damage":9,"enemies":"3 Louse","floor":5,"turns":3},{"damage":30,"enemies":"Gremlin Nob","floor":7,"turns":4},{"damage":6,"enemies":"Blue Slaver","floor":8,"turns":4},{"damage":17,"enemies":"Lagavulin","floor":10,"turns":7}],"seed_played":"9218135362405961283","potions_obtained":[{"floor":1,"key":"PowerPotion"},{"floor":3,"key":"SkillPotion"},{"floor":8,"key":"SneckoOil"}],"is_trial":false,"path_per_floor":["M","M","M","M","M","R","E","M","T","E"],"character_chosen":"THE_SILENT","items_purchased":[],"campfire_rested":1,"item_purchase_floors":[],"current_hp_per_floor":[62,49,49,49,40,61,31,25,25,8],"gold":503,"neow_bonus":"TEN_PERCENT_HP_BONUS","is_prod":false,"is_daily":false,"chose_seed":false,"campfire_upgraded":0,"win_rate":0,"timestamp":1551787321,"path_taken":["M","M","M","M","M","R","E","M","T","E"],"build_version":"2019-01-23","purchased_purges":0,"victory":false,"max_hp_per_floor":[72,72,72,72,72,72,72,72,72,72],"card_choices":[{"not_picked":["Skewer","Deadly Poison"],"picked":"Footwork","floor":1},{"not_picked":["Dodge and Roll","Prepared"],"picked":"Dagger Spray","floor":2},{"not_picked":["Blade Dance","Backflip"],"picked":"Dodge and Roll","floor":3},{"not_picked":["Blade Dance","Acrobatics"],"picked":"Poisoned Stab","floor":4},{"not_picked":["Tactician","Skewer"],"picked":"Dagger Throw","floor":5},{"not_picked":["Reflex","Blur"],"picked":"Endless Agony","floor":7},{"not_picked":["Calculated Gamble","After Image"],"picked":"Cloak And Dagger","floor":8}],"player_experience":1229947,"relics_obtained":[{"floor":7,"key":"Bag of Marbles"},{"floor":9,"key":"Old Coin"}],"event_choices":[],"is_beta":false,"boss_relics":[],"items_purged_floors":[],"is_endless":false,"potions_floor_spawned":[1,3,8],"killed_by":"Lagavulin","ascension_level":20}