{"gold_per_floor":[118,3,17,33,49,49,84,95,95,95,95,110,10,43,43,114,114,128,328,339,353,353,378,378,406,433,433,225,225,243,254,254,331,331,350,362,362,78,89,116,116,151,228,228,259,273,273,328,328,328,328,328,328,61,87,87],"floor_reached":57,"playtime":4009,"items_purged":["Strike_R","Strike_R","Strike_R"],"score":3005,"play_id":"7226d39f-2848-4b8e-aa99-f6206107e524","local_time":"20190214192253","is_ascension_mode":true,"campfire_choices":[{"data":"Corruption","floor":6.0,"key":"SMITH"},{"data":"Entrench","floor":15.0,"key":"SMITH"},{"floor":24.0,"key":"RECALL"},{"data":"Feel No Pain","floor":29,"key":"SMITH"},{"data":"Juggernaut","floor":32,"key":"SMITH"},{"data":"Barricade","floor":44,"key":"SMITH"},{"data":"Burning Pact","floor":49,"key":"SMITH"},{"data":"Bloodletting","floor":53,"key":"SMITH"}],"neow_cost":"NONE","seed_source_timestamp":26094100575900,"circlet_count":0,"master_deck":["AscendersBane","Strike_R","Strike_R","Defend_R+1","Defend_R+1","Defend_R","Defend_R+1","Bash","Shrug It Off","Pommel Strike","Corruption+1","Shrug It Off","Carnage+1","Clothesline+1","Double Tap","Battle Trance","Entrench+1","Juggernaut+1","Feel No Pain+1","Disarm","Flame Barrier","Shrug It Off","Burning Pact+1","Battle Trance","Burning Pact","Barricade+1","Inflame+1","Bloodletting+1","Bloodletting","Body Slam+1","Double Tap"],"special_seed":0,"relics":["Burning Blood","Dead Branch","Ancient Tea Set","War Paint","Runic Pyramid","Blue Candle","Torii","Bag of Preparation","Runic Cube","Bottled Tornado","Bronze Scales","Paper Frog","Mummified Hand","Nunchaku","Bottled Lightning","Sundial"],"potions_floor_usage":[25,56],"damage_taken":[{"damage":6.0,"enemies":"Cultist","floor":1.0,"turns":3.0},{"damage":2.0,"enemies":"Jaw Worm","floor":3.0,"turns":5.0},{"damage":11.0,"enemies":"Small Slimes","floor":4.0,"turns":5.0},{"damage":3.0,"enemies":"Blue Slaver","floor":5.0,"turns":4.0},{"damage":4.0,"enemies":"Lagavulin","floor":7.0,"turns":7.0},{"damage":0.0,"enemies":"3 Louse","floor":8.0,"turns":1.0},{"damage":1.0,"enemies":"Red Slaver","floor":12.0,"turns":5.0},{"damage":8.0,"enemies":"Gremlin Nob","floor":14.0,"turns":3.0},{"damage":13.0,"enemies":"The Guardian","floor":16.0,"turns":8.0},{"damage":0.0,"enemies":"Spheric Guardian","floor":18.0,"turns":4.0},{"damage":0.0,"enemies":"Chosen","floor":20.0,"turns":5.0},{"damage":7.0,"enemies":"Shelled Parasite and Fungi","floor":21.0,"turns":4.0},{"damage":7.0,"enemies":"Slavers","floor":23.0,"turns":5.0},{"damage":31,"enemies":"Gremlin Leader","floor":25,"turns":10},{"damage":0,"enemies":"3 Cultists","floor":30,"turns":5},{"damage":8,"enemies":"Snake Plant","floor":31,"turns":5},{"damage":0,"enemies":"Automaton","floor":33,"turns":7},{"damage":0,"enemies":"3 Shapes","floor":35,"turns":3},{"damage":4,"enemies":"Orb Walker","floor":36,"turns":5},{"damage":10,"enemies":"4 Shapes","floor":39,"turns":2},{"damage":19,"enemies":"Giant Head","floor":40,"turns":6},{"damage":8,"enemies":"Reptomancer","floor":42,"turns":6},{"damage":6,"enemies":"Nemesis","floor":45,"turns":1},{"damage":3,"enemies":"Maw","floor":46,"turns":2},{"damage":0,"enemies":"2 Orb Walkers","floor":48,"turns":2},{"damage":11,"enemies":"Donu and Deca","floor":50,"turns":2},{"damage":30,"enemies":"Time Eater","floor":51,"turns":7},{"damage":22,"enemies":"Shield and Spear","floor":55,"turns":2},{"damage":28,"enemies":"The Heart","floor":56,"turns":5}],"seed_played":"7439440067253377721","potions_obtained":[{"floor":3.0,"key":"LiquidBronze"},{"floor":4.0,"key":"Block Potion"},{"floor":5.0,"key":"Block Potion"},{"floor":25,"key":"SteroidPotion"},{"floor":31,"key":"Fire Potion"}],"is_trial":false,"path_per_floor":["M","$","M","M","M","R","E","M","T","?","?","M","$","E","R","B",null,"M","?","M","M","$","E","R","E","T","?","$","R","M","M","R","B",null,"M","M","?","$","M","E","$","E","T","R","E","M","?","?","R","B","B",null,"R","$","E","B",null],"character_chosen":"IRONCLAD","items_purchased":["Corruption","Burning Pact","Bottled Tornado","Bottled Lightning"],"campfire_rested":0,"item_purchase_floors":[2,28,38,54],"current_hp_per_floor":[68,68,72,67,70,70,72,75,75,52,52,57,57,55,55,48,68,74,74,75,74,74,73,73,48,48,75,75,75,75,73,73,75,75,75,75,75,75,71,58,58,56,56,56,56,59,59,65,65,60,36,65,65,65,49,27],"gold":87,"neow_bonus":"THREE_CARDS","is_prod":false,"is_daily":false,"chose_seed":false,"campfire_upgraded":7,"win_rate":0,"timestamp":1550172173,"path_taken":["M","?","?","M","M","R","E","M","T","?","?","?","$","E","R","BOSS","M","?","M","?","$","E","R","E","T","?","$","R","M","M","R","BOSS","M","M","?","$","M","E","$","E","T","R","E","M","?","?","R","BOSS","BOSS","R","$","E","BOSS"],"build_version":"2019-01-23","purchased_purges":3,"victory":true,"max_hp_per_floor":[75,75,75,75,75,75,75,75,75,75,75,75,75,75,75,75,75,75,75,75,75,75,75,75,75,75,75,75,75,75,75,75,75,75,75,75,75,75,75,75,75,75,75,75,75,75,75,75,75,75,75,75,75,75,75,75],"card_choices":[{"not_picked":["Warcry","Flex"],"picked":"Shrug It Off","floor":0.0},{"not_picked":["Havoc","Shrug It Off"],"picked":"Pommel Strike","floor":1.0},{"not_picked":["Warcry","True Grit"],"picked":"Shrug It Off","floor":3.0},{"not_picked":["Clash","Thunderclap"],"picked":"Carnage","floor":4.0},{"not_picked":["Rage","Brutality"],"picked":"Clothesline","floor":5.0},{"not_picked":["Iron Wave","Thunderclap"],"picked":"Double Tap","floor":7.0},{"not_picked":["Body Slam","True Grit"],"picked":"Battle Trance","floor":8.0},{"not_picked":["Flex","True Grit","Sword Boomerang"],"picked":"SKIP","floor":12.0},{"not_picked":["Burning Pact","Anger"],"picked":"Entrench","floor":14.0},{"not_picked":["Feed","Brutality"],"picked":"Juggernaut","floor":16.0},{"not_picked":["Wild Strike","Whirlwind","Sword Boomerang"],"picked":"SKIP","floor":18.0},{"not_picked":["Carnage","Iron Wave"],"picked":"Feel No Pain","floor":20.0},{"not_picked":["Cleave+1","Headbutt"],"picked":"Disarm","floor":21.0},{"not_picked":["Berserk","Corruption"],"picked":"Flame Barrier","floor":23.0},{"not_picked":["Power Through+1","Intimidate+1"],"picked":"Shrug It Off","floor":25},{"not_picked":["Armaments","Thunderclap"],"picked":"Battle Trance","floor":30},{"not_picked":["Twin Strike","Metallicize"],"picked":"Burning Pact","floor":31},{"not_picked":["Bludgeon","Berserk"],"picked":"Barricade","floor":33},{"not_picked":["Anger","Searing Blow"],"picked":"Inflame+1","floor":35},{"not_picked":["Iron Wave","Dual Wield"],"picked":"Bloodletting","floor":36},{"not_picked":["Rampage","Warcry","Perfected Strike"],"picked":"SKIP","floor":39},{"not_picked":["Iron Wave","Inflame+1"],"picked":"Bloodletting","floor":40},{"not_picked":["Fire Breathing","Flex"],"picked":"Body Slam+1","floor":42},{"not_picked":["Headbutt","Wild Strike"],"picked":"Double Tap","floor":45},{"not_picked":["Clash","Pommel Strike","Thunderclap"],"picked":"SKIP","floor":46},{"not_picked":["Corruption","Hemokinesis","Carnage"],"picked":"SKIP","floor":55}],"player_experience":1211299,"relics_obtained":[{"floor":7.0,"key":"Dead Branch"},{"floor":9.0,"key":"Ancient Tea Set"},{"floor":14.0,"key":"War Paint"},{"floor":23.0,"key":"Blue Candle"},{"floor":25,"key":"Torii"},{"floor":26,"key":"Bag of Preparation"},{"floor":40,"key":"Bronze Scales"},{"floor":42,"key":"Paper Frog"},{"floor":45,"key":"Mummified Hand"},{"floor":48,"key":"Nunchaku"},{"floor":55,"key":"Sundial"}],"event_choices":[{"damage_healed":0.0,"max_hp_gain":0.0,"max_hp_loss":0.0,"gold_gain":0.0,"event_name":"Shining Light","player_choice":"Entered Light","floor":10.0,"gold_loss":0.0,"damage_taken":23.0,"cards_upgraded":["Defend_R","Clothesline"]},{"damage_healed":0.0,"max_hp_gain":0.0,"max_hp_loss":0.0,"gold_gain":0.0,"event_name":"Living Wall","player_choice":"Grow","floor":11.0,"gold_loss":0.0,"damage_taken":0.0,"cards_upgraded":["Carnage"]},{"damage_healed":0.0,"max_hp_gain":0.0,"max_hp_loss":0.0,"gold_gain":250.0,"event_name":"The Joust","player_choice":"Bet on Owner","floor":19.0,"gold_loss":50.0,"damage_taken":0.0},{"damage_healed":27,"gold_gain":0,"player_choice":"Full Heal","damage_taken":0,"max_hp_gain":0,"max_hp_loss":0,"event_name":"Wheel of Change","floor":27,"gold_loss":0},{"damage_healed":0,"gold_gain":0,"player_choice":"Memory 1","damage_taken":0,"max_hp_gain":0,"max_hp_loss":0,"event_name":"SensoryStone","floor":37,"gold_loss":0},{"damage_healed":0,"gold_gain":0,"player_choice":"Ignored","damage_taken":0,"max_hp_gain":0,"max_hp_loss":0,"event_name":"Tomb of Lord Red Mask","floor":47,"gold_loss":0},{"damage_healed":0,"gold_gain":0,"player_choice":"Fight","damage_taken":0,"max_hp_gain":0,"max_hp_loss":0,"event_name":"Mysterious Sphere","floor":48,"gold_loss":0}],"is_beta":false,"boss_relics":[{"not_picked":["Ectoplasm","Philosopher\u0027s Stone"],"picked":"Runic Pyramid"},{"not_picked":["Pandora\u0027s Box","Tiny House"],"picked":"Runic Cube"}],"items_purged_floors":[2,13,28],"is_endless":false,"potions_floor_spawned":[3,4,5,16,20,21,25,31,33,39,42,45],"ascension_level":20}