{"gold_per_floor":[119,130,26,38,38,38,68,68,68,68,68,86,86,101,101,175,175,195,215,215],"floor_reached":20,"playtime":648,"items_purged":["Strike_G"],"score":348,"play_id":"354cc7b8-610b-4ab7-9066-fa0934637679","local_time":"20190504175505","is_ascension_mode":true,"campfire_choices":[{"floor":6.0,"key":"REST"},{"data":"Strike_G","floor":8.0,"key":"PURGE"},{"data":"Defend_G","floor":10.0,"key":"PURGE"},{"floor":13.0,"key":"REST"},{"floor":15.0,"key":"REST"}],"neow_cost":"NONE","seed_source_timestamp":0,"circlet_count":0,"master_deck":["AscendersBane","Defend_G","Defend_G","Defend_G","Defend_G+1","Strike_G","Strike_G","Strike_G","Survivor","Neutralize","Calculated Gamble+1","Poisoned Stab","Flying Knee","Predator","PiercingWail","Skewer","Dagger Throw","Storm of Steel","Blur+1","Blade Dance"],"special_seed":0,"relics":["Philosopher\u0027s Stone","Peace Pipe","Shuriken","Runic Pyramid"],"potions_floor_usage":[],"damage_taken":[{"damage":0.0,"enemies":"Cultist","floor":1.0,"turns":5.0},{"damage":8.0,"enemies":"Small Slimes","floor":2.0,"turns":4.0},{"damage":10.0,"enemies":"2 Louse","floor":4.0,"turns":3.0},{"damage":19.0,"enemies":"3 Sentries","floor":7.0,"turns":8.0},{"damage":6.0,"enemies":"Red Slaver","floor":12.0,"turns":3.0},{"damage":10.0,"enemies":"Blue Slaver","floor":14.0,"turns":3.0},{"damage":8.0,"enemies":"Hexaghost","floor":16.0,"turns":7.0},{"damage":24.0,"enemies":"3 Byrds","floor":18.0,"turns":7.0},{"damage":2,"enemies":"Chosen","floor":19,"turns":4},{"damage":27,"enemies":"Snake Plant","floor":20,"turns":4}],"seed_played":"-3777095113712965441","potions_obtained":[{"floor":1.0,"key":"AttackPotion"},{"floor":12.0,"key":"FearPotion"},{"floor":16.0,"key":"Block Potion"}],"is_trial":false,"path_per_floor":["M","M","$","M","?","R","E","R","T","R","?","M","R","M","R","B",null,"M","M","M"],"character_chosen":"THE_SILENT","items_purchased":["Flying Knee"],"campfire_rested":3,"item_purchase_floors":[3],"current_hp_per_floor":[59,51,51,41,21,40,21,21,21,21,10,4,23,13,32,24,56,32,30,3],"gold":215,"neow_bonus":"BOSS_RELIC","is_prod":false,"is_daily":false,"chose_seed":false,"campfire_upgraded":0,"win_rate":0,"timestamp":1556988905,"path_taken":["M","M","$","M","?","R","E","R","T","R","?","M","R","M","R","BOSS","M","M","M"],"build_version":"2019-01-23","purchased_purges":1,"victory":false,"max_hp_per_floor":[66,66,66,66,66,66,66,66,66,66,66,66,66,66,66,66,66,66,66,66],"card_choices":[{"not_picked":["Underhanded Strike","Flechettes"],"picked":"Calculated Gamble","floor":1.0},{"not_picked":["Concentrate","Cloak And Dagger"],"picked":"Poisoned Stab","floor":2.0},{"not_picked":["Bane","Blade Dance"],"picked":"Predator","floor":4.0},{"not_picked":["Distraction","Prepared"],"picked":"PiercingWail","floor":7.0},{"not_picked":["Dagger Throw","Underhanded Strike"],"picked":"Skewer","floor":12.0},{"not_picked":["Flechettes","Backstab"],"picked":"Dagger Throw","floor":14.0},{"not_picked":["Bullet Time","After Image"],"picked":"Storm of Steel","floor":16.0},{"not_picked":["Dagger Spray","Expertise"],"picked":"Blur+1","floor":18.0},{"not_picked":["Flying Knee","Quick Slash"],"picked":"Blade Dance","floor":19}],"player_experience":1331851,"relics_obtained":[{"floor":7.0,"key":"Peace Pipe"}],"event_choices":[{"damage_healed":0.0,"max_hp_gain":0.0,"max_hp_loss":0.0,"gold_gain":0.0,"event_name":"Shining Light","player_choice":"Entered Light","floor":5.0,"gold_loss":0.0,"damage_taken":20.0,"cards_upgraded":["Calculated Gamble","Defend_G"]},{"damage_healed":0.0,"max_hp_gain":0.0,"max_hp_loss":0.0,"gold_gain":0.0,"event_name":"Scrap Ooze","player_choice":"Success","floor":11.0,"gold_loss":0.0,"damage_taken":11.0,"relics_obtained":["Shuriken"]}],"is_beta":false,"boss_relics":[{"not_picked":["Sozu","Orrery"],"picked":"Runic Pyramid"}],"items_purged_floors":[3],"is_endless":false,"potions_floor_spawned":[1,12,16],"killed_by":"Snake Plant","ascension_level":20}