{"gold_per_floor":[113,113,132,46,46,46,66,96,122,122,151,151,181,196,196,275,275,294,219,229,246,256,256,290,290,315,343,343,376,476,476,476,549,549,565,577,597,142,142,176,38,38,38,50,61,86,104,204,204,204,204],"floor_reached":52,"playtime":2262,"items_purged":["Strike_R","Strike_R","Strike_R"],"score":2051,"play_id":"711d8bd7-6019-4da0-bdef-69ab725df2d3","local_time":"20190313175400","is_ascension_mode":true,"campfire_choices":[{"data":"Bash","floor":6.0,"key":"SMITH"},{"data":"Immolate","floor":10.0,"key":"SMITH"},{"data":"Inflame","floor":12.0,"key":"SMITH"},{"data":"Heavy Blade","floor":15.0,"key":"SMITH"},{"floor":23.0,"key":"REST"},{"floor":25.0,"key":"REST"},{"floor":28.0,"key":"REST"},{"floor":32.0,"key":"REST"},{"floor":42.0,"key":"RECALL"},{"floor":49.0,"key":"REST"}],"neow_cost":"NONE","seed_source_timestamp":195628123408000,"circlet_count":0,"master_deck":["AscendersBane","Defend_R","Defend_R","Defend_R","Defend_R","Bash+1","Immolate+1","Bloodletting","Shrug It Off","Inflame+1","Exhume","Demon Form","Heavy Blade+1","Reaper","Corruption","Ghostly Armor+1","Thunderclap","Offering","Whirlwind","Limit Break","Ghostly Armor+1","Limit Break","Flame Barrier","Inflame","Rampage+1","Inflame","Heavy Blade+1","Inflame","Reaper+1","True Grit+1"],"special_seed":0,"relics":["Burning Blood","Centennial Puzzle","Bag of Marbles","Blue Candle","Strawberry","Fusion Hammer","Ancient Tea Set","Potion Belt","Letter Opener","Orichalcum","Torii","Molten Egg 2","Snecko Eye","Kunai","Smiling Mask","Gremlin Horn","Toxic Egg 2","Dead Branch"],"potions_floor_usage":[],"damage_taken":[{"damage":3.0,"enemies":"Small Slimes","floor":1.0,"turns":2.0},{"damage":0.0,"enemies":"2 Louse","floor":3.0,"turns":1.0},{"damage":5.0,"enemies":"Jaw Worm","floor":7.0,"turns":3.0},{"damage":26.0,"enemies":"3 Sentries","floor":8.0,"turns":6.0},{"damage":15.0,"enemies":"Lagavulin","floor":11.0,"turns":4.0},{"damage":11.0,"enemies":"Gremlin Nob","floor":13.0,"turns":3.0},{"damage":12.0,"enemies":"2 Fungi Beasts","floor":14.0,"turns":2.0},{"damage":22.0,"enemies":"Hexaghost","floor":16.0,"turns":7.0},{"damage":14.0,"enemies":"Chosen","floor":18.0,"turns":5.0},{"damage":19.0,"enemies":"Spheric Guardian","floor":20.0,"turns":5.0},{"damage":48.0,"enemies":"Shelled Parasite and Fungi","floor":21.0,"turns":4.0},{"damage":24.0,"enemies":"Snake Plant","floor":22.0,"turns":3.0},{"damage":40.0,"enemies":"Book of Stabbing","floor":24.0,"turns":4.0},{"damage":18.0,"enemies":"Slavers","floor":27.0,"turns":3.0},{"damage":50.0,"enemies":"Gremlin Leader","floor":29.0,"turns":6.0},{"damage":15.0,"enemies":"Colosseum Slavers","floor":30.0,"turns":2.0},{"damage":18.0,"enemies":"Colosseum Nobs","floor":30.0,"turns":3.0},{"damage":26.0,"enemies":"Collector","floor":33.0,"turns":7.0},{"damage":17.0,"enemies":"3 Shapes","floor":35.0,"turns":3.0},{"damage":20.0,"enemies":"3 Darklings","floor":36.0,"turns":2.0},{"damage":6.0,"enemies":"Maw","floor":37.0,"turns":4.0},{"damage":31.0,"enemies":"Reptomancer","floor":40.0,"turns":4.0},{"damage":20.0,"enemies":"Spire Growth","floor":44.0,"turns":3.0},{"damage":18.0,"enemies":"4 Shapes","floor":45.0,"turns":2.0},{"damage":16.0,"enemies":"Nemesis","floor":46.0,"turns":3.0},{"damage":18.0,"enemies":"Maw","floor":47.0,"turns":6.0},{"damage":45.0,"enemies":"Mind Bloom Boss Battle","floor":48.0,"turns":5.0},{"damage":31,"enemies":"Time Eater","floor":50,"turns":4},{"damage":23,"enemies":"Donu and Deca","floor":51,"turns":3}],"seed_played":"-1095774360432096445","potions_obtained":[{"floor":1.0,"key":"SpeedPotion"},{"floor":3.0,"key":"PowerPotion"},{"floor":8.0,"key":"FearPotion"},{"floor":22.0,"key":"Strength Potion"},{"floor":24.0,"key":"EntropicBrew"},{"floor":27.0,"key":"EntropicBrew"},{"floor":33.0,"key":"Fire Potion"},{"floor":37.0,"key":"Dexterity Potion"},{"floor":40.0,"key":"Ancient Potion"}],"is_trial":false,"path_per_floor":["M","?","M","$","?","R","M","E","T","R","E","R","E","M","R","B",null,"M","$","M","M","M","R","E","R","T","E","R","E","?","?","R","B",null,"M","M","M","$","?","E","$","R","T","M","M","E","M","?","R","B","B",null],"character_chosen":"IRONCLAD","items_purchased":["Inflame","Kunai","Inflame","Inflame"],"campfire_rested":5,"item_purchase_floors":[4,38,38,41],"current_hp_per_floor":[71,71,75,75,75,75,75,55,55,55,46,46,48,42,42,26,68,60,60,50,27,9,33,14,38,38,56,80,38,31,31,55,56,76,78,64,82,82,82,82,82,82,82,68,72,62,82,82,82,82,65],"gold":204,"neow_bonus":"TRANSFORM_CARD","is_prod":false,"is_daily":false,"chose_seed":false,"campfire_upgraded":4,"win_rate":0,"timestamp":1552499640,"path_taken":["M","?","M","$","?","R","M","E","T","R","E","R","E","M","R","BOSS","M","$","M","M","M","R","E","R","T","E","R","E","?","?","R","BOSS","M","M","M","$","?","E","$","R","T","M","?","E","M","?","R","BOSS","BOSS"],"build_version":"2019-01-23","purchased_purges":3,"victory":true,"max_hp_per_floor":[75,75,75,75,75,75,75,75,75,75,75,75,82,82,82,82,82,82,82,82,82,82,82,82,82,82,82,82,82,82,82,82,82,82,82,82,82,82,82,82,82,82,82,82,82,82,82,82,82,82,82],"card_choices":[{"not_picked":["Seeing Red","Evolve"],"picked":"Bloodletting","floor":1.0},{"not_picked":["Burning Pact","Anger"],"picked":"Shrug It Off","floor":3.0},{"not_picked":["Havoc","Armaments"],"picked":"Exhume","floor":7.0},{"not_picked":["Fire Breathing","Power Through"],"picked":"Demon Form","floor":8.0},{"not_picked":["Evolve","Perfected Strike","Infernal Blade"],"picked":"SKIP","floor":11.0},{"not_picked":["Body Slam","Pommel Strike"],"picked":"Heavy Blade","floor":13.0},{"not_picked":["Body Slam","Rampage","Havoc"],"picked":"SKIP","floor":14.0},{"not_picked":["Feed","Fiend Fire"],"picked":"Reaper","floor":16.0},{"not_picked":["Body Slam","Clash+1"],"picked":"Corruption","floor":18.0},{"not_picked":["Cleave","Armaments"],"picked":"Ghostly Armor+1","floor":20.0},{"not_picked":["Burning Pact","Armaments","True Grit"],"picked":"SKIP","floor":21.0},{"not_picked":["Twin Strike","Flex"],"picked":"Thunderclap","floor":22.0},{"not_picked":["Body Slam","Havoc"],"picked":"Offering","floor":24.0},{"not_picked":["Armaments","Fire Breathing"],"picked":"Whirlwind","floor":27.0},{"not_picked":["Perfected Strike","Entrench"],"picked":"Limit Break","floor":29.0},{"not_picked":["Thunderclap","Body Slam"],"picked":"Ghostly Armor+1","floor":30.0},{"not_picked":["Impervious","Brutality"],"picked":"Limit Break","floor":33.0},{"not_picked":["Perfected Strike+1","Clash+1"],"picked":"Flame Barrier","floor":35.0},{"not_picked":["Blood for Blood+1","Headbutt+1","Twin Strike+1"],"picked":"SKIP","floor":36.0},{"not_picked":["Intimidate","Havoc+1","Cleave+1"],"picked":"SKIP","floor":37.0},{"not_picked":["Rage","Second Wind","Body Slam+1"],"picked":"SKIP","floor":40.0},{"not_picked":["Disarm+1","Pommel Strike+1"],"picked":"Heavy Blade+1","floor":44.0},{"not_picked":["Power Through","Rupture","Hemokinesis+1"],"picked":"SKIP","floor":45.0},{"not_picked":["Body Slam+1","Flex"],"picked":"Inflame","floor":46.0},{"not_picked":["Corruption","Body Slam+1"],"picked":"Reaper+1","floor":47.0},{"not_picked":["Clash+1","Heavy Blade+1"],"picked":"True Grit+1","floor":48.0}],"player_experience":1278414,"relics_obtained":[{"floor":8.0,"key":"Centennial Puzzle"},{"floor":9.0,"key":"Bag of Marbles"},{"floor":11.0,"key":"Blue Candle"},{"floor":13.0,"key":"Strawberry"},{"floor":24.0,"key":"Ancient Tea Set"},{"floor":26.0,"key":"Potion Belt"},{"floor":27.0,"key":"Letter Opener"},{"floor":29.0,"key":"Orichalcum"},{"floor":30.0,"key":"Torii"},{"floor":30.0,"key":"Molten Egg 2"},{"floor":40.0,"key":"Smiling Mask"},{"floor":43.0,"key":"Gremlin Horn"},{"floor":46.0,"key":"Toxic Egg 2"},{"floor":48.0,"key":"Dead Branch"}],"event_choices":[{"damage_healed":0.0,"max_hp_gain":0.0,"max_hp_loss":0.0,"gold_gain":0.0,"event_name":"Scrap Ooze","player_choice":"Fled","floor":2.0,"gold_loss":0.0,"damage_taken":0.0},{"damage_healed":0.0,"max_hp_gain":0.0,"max_hp_loss":0.0,"gold_gain":0.0,"event_name":"Liars Game","player_choice":"Ignored","floor":5.0,"gold_loss":0.0,"damage_taken":0.0},{"damage_healed":0.0,"max_hp_gain":0.0,"max_hp_loss":0.0,"gold_gain":0.0,"event_name":"Colosseum","player_choice":"Fight","floor":30.0,"gold_loss":0.0,"damage_taken":0.0},{"damage_healed":0.0,"max_hp_gain":0.0,"max_hp_loss":0.0,"gold_gain":0.0,"event_name":"Colosseum","player_choice":"Fought Nobs","floor":30.0,"gold_loss":0.0,"damage_taken":0.0},{"damage_healed":0.0,"max_hp_gain":0.0,"max_hp_loss":0.0,"gold_gain":0.0,"event_name":"Vampires","player_choice":"Ignored","floor":31.0,"gold_loss":0.0,"damage_taken":0.0},{"damage_healed":0.0,"max_hp_gain":0.0,"max_hp_loss":0.0,"gold_gain":0.0,"cards_transformed":["Strike_R"],"event_name":"Transmorgrifier","player_choice":"Transformed","floor":39.0,"gold_loss":0.0,"damage_taken":0.0,"cards_obtained":["Rampage"]},{"damage_healed":0.0,"max_hp_gain":0.0,"max_hp_loss":0.0,"gold_gain":0.0,"event_name":"MindBloom","player_choice":"Fight","floor":48.0,"gold_loss":0.0,"damage_taken":0.0}],"is_beta":false,"boss_relics":[{"not_picked":["Ectoplasm","Black Star"],"picked":"Fusion Hammer"},{"not_picked":["Lizard Tail","Philosopher\u0027s Stone"],"picked":"Snecko Eye"}],"items_purged_floors":[19,38,41],"is_endless":false,"potions_floor_spawned":[1,3,8,11,21,22,24,27,30,33,37,40,45,48],"ascension_level":20}