{"gold_per_floor":[13,88,101,120,130,130,145,170,222,247,259,284,296,308],"floor_reached":14,"playtime":630,"items_purged":[],"score":188,"play_id":"af9f7163-5db7-4222-ac51-38b3e2e004e2","local_time":"20190310143052","is_ascension_mode":true,"campfire_choices":[{"data":"Skewer","floor":6.0,"key":"SMITH"},{"floor":11.0,"key":"REST"},{"floor":13.0,"key":"REST"}],"neow_cost":"NO_GOLD","seed_source_timestamp":4123318812499,"circlet_count":0,"master_deck":["AscendersBane","Defend_G","Defend_G","Defend_G","Defend_G","Defend_G","Strike_G","Strike_G","Strike_G","Strike_G","Strike_G","Survivor","Neutralize","Jack Of All Trades","Forethought","Skewer+1","Deflect","Underhanded Strike","Dash","Flying Knee","Heel Hook","Calculated Gamble","Heel Hook"],"special_seed":0,"relics":["Ring of the Snake","Unceasing Top","MawBank"],"potions_floor_usage":[14],"damage_taken":[{"damage":8.0,"enemies":"2 Louse","floor":1.0,"turns":5.0},{"damage":1.0,"enemies":"Jaw Worm","floor":3.0,"turns":6.0},{"damage":5.0,"enemies":"Small Slimes","floor":4.0,"turns":4.0},{"damage":4.0,"enemies":"2 Fungi Beasts","floor":5.0,"turns":5.0},{"damage":2.0,"enemies":"Large Slime","floor":7.0,"turns":6.0},{"damage":15.0,"enemies":"3 Sentries","floor":8.0,"turns":12.0},{"damage":0.0,"enemies":"Red Slaver","floor":10.0,"turns":4.0},{"damage":15.0,"enemies":"Gremlin Gang","floor":12.0,"turns":4.0},{"damage":0,"enemies":"Lagavulin","floor":14,"turns":4}],"seed_played":"-1342147301705991757","potions_obtained":[{"floor":1.0,"key":"Block Potion"},{"floor":4.0,"key":"EntropicBrew"},{"floor":8.0,"key":"PowerPotion"},{"floor":12.0,"key":"Dexterity Potion"}],"is_trial":false,"path_per_floor":["M","?","M","M","M","R","M","E","T","M","R","M","R","E"],"character_chosen":"THE_SILENT","items_purchased":[],"campfire_rested":2,"item_purchase_floors":[],"current_hp_per_floor":[51,40,39,34,30,30,28,13,13,13,32,17,36,36],"gold":308,"neow_bonus":"RANDOM_COLORLESS_2","is_prod":false,"is_daily":false,"chose_seed":false,"campfire_upgraded":1,"win_rate":0,"timestamp":1552228252,"path_taken":["M","?","M","M","M","R","M","E","T","M","R","M","R","E"],"build_version":"2019-01-23","purchased_purges":0,"victory":false,"max_hp_per_floor":[66,66,66,66,66,66,66,66,66,66,66,66,66,66],"card_choices":[{"not_picked":["Bane","Prepared"],"picked":"Skewer","floor":1.0},{"not_picked":["Poisoned Stab","Distraction"],"picked":"Deflect","floor":3.0},{"not_picked":["Skewer","Well Laid Plans"],"picked":"Underhanded Strike","floor":4.0},{"not_picked":["Poisoned Stab","Well Laid Plans"],"picked":"Dash","floor":5.0},{"not_picked":["Calculated Gamble","Skewer"],"picked":"Flying Knee","floor":7.0},{"not_picked":["PiercingWail","Underhanded Strike"],"picked":"Heel Hook","floor":8.0},{"not_picked":["PiercingWail","Outmaneuver"],"picked":"Calculated Gamble","floor":10.0},{"not_picked":["Outmaneuver","Cloak And Dagger"],"picked":"Heel Hook","floor":12.0}],"player_experience":1258113,"relics_obtained":[{"floor":8.0,"key":"Unceasing Top"},{"floor":9.0,"key":"MawBank"}],"event_choices":[{"damage_healed":0.0,"max_hp_gain":0.0,"max_hp_loss":0.0,"gold_gain":75.0,"event_name":"World of Goop","player_choice":"Gather Gold","floor":2.0,"gold_loss":0.0,"damage_taken":11.0}],"is_beta":false,"boss_relics":[],"items_purged_floors":[],"is_endless":false,"potions_floor_spawned":[1,4,8,12],"killed_by":"Lagavulin","ascension_level":20}