{"gold_per_floor":[110,124,135,154,79,113,113,63,63,63,80,80,80,92,92,191,191,204,23,23,23,37,37,70,80,80,114,114,130,130,145,145,250,250,261,0,0,0,0,0,19,54,54,54,54,72,72,90,90,90],"floor_reached":51,"playtime":4516,"items_purged":["Defend_R","Strike_R","Defend_R"],"score":690,"play_id":"714c2397-62b5-459b-94d4-662947ce320d","local_time":"20190329014725","is_ascension_mode":false,"campfire_choices":[{"data":"Limit Break","floor":7,"key":"SMITH"},{"data":"Inflame","floor":10,"key":"SMITH"},{"data":"Fire Breathing","floor":13,"key":"SMITH"},{"data":"Battle Trance","floor":15,"key":"SMITH"},{"data":"Dual Wield","floor":23,"key":"SMITH"},{"floor":30,"key":"REST"},{"floor":32,"key":"REST"},{"data":"Limit Break","floor":40,"key":"SMITH"},{"data":"Limit Break","floor":44,"key":"SMITH"},{"data":"Finesse","floor":47,"key":"SMITH"},{"data":"Bash","floor":49,"key":"SMITH"}],"neow_cost":"TEN_PERCENT_HP_LOSS","seed_source_timestamp":18471261972852,"circlet_count":0,"master_deck":["Strike_R","Strike_R","Strike_R","Defend_R","Bash+1","Flash of Steel","Finesse+1","Inflame+1","Anger","Dual Wield+1","Fire Breathing+1","Limit Break+1","Ghostly Armor","Parasite","Battle Trance+1","Reaper","Flex+1","Rampage","Limit Break+1","Impervious","Pummel+1","Headbutt+1","Flex+1","Feed+1","Limit Break+1","Flash of Steel+1","Inflame+1","Seeing Red+1"],"relics":["Black Blood","Red Skull","Sundial","Lizard Tail","Pocketwatch","Molten Egg 2","Lantern","Red Mask","Blood Vial","Dodecahedron"],"potions_floor_usage":[6,6,16,24,27,27,33,50,50],"damage_taken":[{"damage":5,"enemies":"Jaw Worm","floor":1,"turns":4},{"damage":0,"enemies":"2 Louse","floor":2,"turns":2},{"damage":0,"enemies":"Small Slimes","floor":3,"turns":2},{"damage":5,"enemies":"Looter","floor":4,"turns":3},{"damage":24,"enemies":"3 Sentries","floor":6,"turns":5},{"damage":19,"enemies":"3 Louse","floor":11,"turns":3},{"damage":4,"enemies":"2 Fungi Beasts","floor":14,"turns":3},{"damage":29,"enemies":"The Guardian","floor":16,"turns":5},{"damage":0,"enemies":"Chosen","floor":18,"turns":4},{"damage":20,"enemies":"Shell Parasite","floor":22,"turns":4},{"damage":8,"enemies":"Book of Stabbing","floor":24,"turns":3},{"damage":12,"enemies":"Centurion and Healer","floor":25,"turns":4},{"damage":55,"enemies":"Slavers","floor":27,"turns":4},{"damage":19,"enemies":"Snake Plant","floor":29,"turns":3},{"damage":23,"enemies":"Shelled Parasite and Fungi","floor":31,"turns":4},{"damage":36,"enemies":"Champ","floor":33,"turns":7},{"damage":24,"enemies":"Orb Walker","floor":35,"turns":4},{"damage":17,"enemies":"3 Darklings","floor":41,"turns":4},{"damage":13,"enemies":"Giant Head","floor":42,"turns":4},{"damage":0,"enemies":"Transient","floor":46,"turns":5},{"damage":12,"enemies":"Spire Growth","floor":48,"turns":3},{"damage":35,"enemies":"Time Eater","floor":50,"turns":4}],"seed_played":"1029024","potions_obtained":[{"floor":1,"key":"GamblersBrew"},{"floor":2,"key":"Block Potion"},{"floor":3,"key":"Weak Potion"},{"floor":6,"key":"Weak Potion"},{"floor":18,"key":"BloodPotion"},{"floor":25,"key":"Explosive Potion"},{"floor":31,"key":"Poison Potion"},{"floor":35,"key":"SteroidPotion"},{"floor":41,"key":"Weak Potion"}],"is_trial":false,"path_per_floor":["M","M","M","M","$","E","R","?","T","R","M","?","R","M","R","B",null,"M","$","?","?","M","R","E","M","T","E","?","M","R","M","R","B",null,"M","$","?","?","$","R","M","E","T","R","?","M","R","M","R","B",null],"character_chosen":"IRONCLAD","items_purchased":["Rampage","Limit Break"],"campfire_rested":2,"item_purchase_floors":[19,36],"current_hp_per_floor":[72,72,72,72,72,54,54,54,54,54,41,59,59,61,61,38,72,72,72,72,72,67,67,65,59,59,57,57,44,65,48,69,63,72,59,59,59,59,59,59,52,72,72,72,68,68,68,66,66,43],"gold":90,"neow_bonus":"RANDOM_COLORLESS_2","is_prod":false,"is_daily":false,"chose_seed":true,"campfire_upgraded":9,"win_rate":0.0,"timestamp":1553838445,"path_taken":["M","M","M","M","$","E","R","?","T","R","M","?","R","M","R","BOSS","M","$","?","?","M","R","E","M","T","E","?","M","R","M","R","BOSS","M","$","?","?","$","R","M","E","T","R","?","M","R","M","R","BOSS"],"build_version":"2019-01-23","purchased_purges":3,"victory":true,"max_hp_per_floor":[72,72,72,72,72,72,72,72,72,72,72,72,72,72,72,72,72,72,72,72,72,72,72,72,72,72,72,72,72,72,72,72,72,72,72,72,72,72,72,72,72,72,72,72,68,68,68,68,68,68],"card_choices":[{"not_picked":["Clothesline","Thunderclap"],"picked":"Inflame","floor":1},{"not_picked":["Perfected Strike","Heavy Blade"],"picked":"Anger","floor":2},{"not_picked":["Clothesline","Intimidate"],"picked":"Dual Wield","floor":3},{"not_picked":["Metallicize","Iron Wave"],"picked":"Fire Breathing","floor":4},{"not_picked":["Second Wind","Shrug It Off"],"picked":"Limit Break","floor":6},{"not_picked":["Shockwave","Perfected Strike"],"picked":"Ghostly Armor","floor":11},{"not_picked":["Sword Boomerang","Feel No Pain"],"picked":"Battle Trance","floor":14},{"not_picked":["Barricade","Brutality"],"picked":"Reaper","floor":16},{"not_picked":["Sword Boomerang","Intimidate"],"picked":"Flex+1","floor":18},{"not_picked":["Perfected Strike","Thunderclap","Warcry"],"picked":"SKIP","floor":22},{"not_picked":["Pommel Strike+1","Uppercut"],"picked":"Limit Break","floor":24},{"not_picked":["Iron Wave","Sword Boomerang","Corruption"],"picked":"SKIP","floor":25},{"not_picked":["Iron Wave","Sword Boomerang","Corruption"],"picked":"SKIP","floor":25},{"not_picked":["Hemokinesis+1","Cleave+1"],"picked":"Impervious","floor":27},{"not_picked":["Armaments","Corruption"],"picked":"Headbutt+1","floor":29},{"not_picked":["Clothesline+1","Headbutt+1"],"picked":"Flex+1","floor":31},{"not_picked":["Brutality","Barricade"],"picked":"Feed+1","floor":33},{"not_picked":["Shrug It Off+1","Carnage+1","Iron Wave+1"],"picked":"SKIP","floor":35},{"not_picked":["Madness","Master of Strategy"],"picked":"Flash of Steel+1","floor":37},{"not_picked":["Feel No Pain+1","Armaments"],"picked":"Inflame+1","floor":41},{"not_picked":["Feel No Pain","Rupture+1"],"picked":"Seeing Red+1","floor":42},{"not_picked":["Clothesline+1","Warcry+1","Pommel Strike+1"],"picked":"SKIP","floor":46},{"not_picked":["Entrench+1","Second Wind","Perfected Strike+1"],"picked":"SKIP","floor":48}],"player_experience":38558,"relics_obtained":[{"floor":6,"key":"Red Skull"},{"floor":9,"key":"Sundial"},{"floor":24,"key":"Pocketwatch"},{"floor":26,"key":"Molten Egg 2"},{"floor":27,"key":"Lantern"},{"floor":42,"key":"Blood Vial"},{"floor":43,"key":"Dodecahedron"}],"event_choices":[{"cards_removed":["Strike_R"],"damage_healed":0,"gold_gain":0,"player_choice":"Card Removal","damage_taken":0,"max_hp_gain":0,"max_hp_loss":0,"event_name":"The Cleric","floor":8,"gold_loss":50},{"damage_healed":18,"gold_gain":0,"player_choice":"Healed and dodged fight","damage_taken":0,"max_hp_gain":0,"max_hp_loss":0,"event_name":"Mushrooms","floor":12,"gold_loss":0,"cards_obtained":["Parasite"]},{"cards_removed":["Defend_R"],"damage_healed":0,"gold_gain":0,"player_choice":"Elegance","damage_taken":0,"max_hp_gain":0,"max_hp_loss":0,"event_name":"Back to Basics","floor":20,"gold_loss":0},{"damage_healed":0,"gold_gain":0,"player_choice":"Ignored","damage_taken":0,"max_hp_gain":0,"max_hp_loss":0,"event_name":"Ghosts","floor":21,"gold_loss":0},{"damage_healed":0,"gold_gain":0,"player_choice":"Read","damage_taken":0,"max_hp_gain":0,"max_hp_loss":0,"event_name":"The Library","floor":28,"gold_loss":0,"cards_obtained":["Pummel"]},{"damage_healed":0,"gold_gain":0,"player_choice":"Memory 1","damage_taken":0,"max_hp_gain":0,"max_hp_loss":0,"event_name":"SensoryStone","floor":37,"gold_loss":0},{"damage_healed":0,"gold_gain":0,"player_choice":"Paid","damage_taken":0,"relics_obtained":["Red Mask"],"max_hp_gain":0,"max_hp_loss":0,"event_name":"Tomb of Lord Red Mask","floor":38,"gold_loss":0},{"damage_healed":0,"gold_gain":0,"player_choice":"Max HP","damage_taken":0,"max_hp_gain":0,"max_hp_loss":4,"event_name":"Winding Halls","floor":45,"gold_loss":0}],"is_beta":false,"boss_relics":[{"not_picked":["Mark of Pain","Calling Bell"],"picked":"Lizard Tail"},{"not_picked":["Fusion Hammer","Snecko Eye"],"picked":"Black Blood"}],"items_purged_floors":[5,19,36],"is_endless":false,"potions_floor_spawned":[1,2,3,6,18,25,31,35,41],"ascension_level":0}