{"gold_per_floor":[111,131,145,18,36,36,68,68,150,167,194,194,194,214,214,288,288,265,277,277,288,64,64,97,132,132,151,151,171,171,171,171,171],"floor_reached":33,"playtime":1644,"items_purged":["Strike_G"],"score":554,"play_id":"ba72ea5f-ef2a-46ff-aeb3-e80514ef91bb","local_time":"20190306130007","is_ascension_mode":true,"campfire_choices":[{"data":"Neutralize","floor":6.0,"key":"SMITH"},{"floor":12.0,"key":"REST"},{"floor":15.0,"key":"REST"},{"data":"Wraith Form v2","floor":23.0,"key":"SMITH"},{"data":"Deadly Poison","floor":28.0,"key":"SMITH"},{"floor":32.0,"key":"REST"}],"neow_cost":"NONE","seed_source_timestamp":439326704805500,"circlet_count":0,"master_deck":["AscendersBane","Defend_G","Defend_G","Defend_G","Defend_G","Defend_G","Strike_G","Strike_G","Strike_G","Survivor","Neutralize+1","Poisoned Stab","Deadly Poison+1","Dagger Spray","Deadly Poison","Dash","Deadly Poison","Backstab","Terror","Quick Slash","Wraith Form v2+1","Dodge and Roll","Predator","Well Laid Plans","Adrenaline","Writhe","Deflect"],"special_seed":0,"relics":["Ring of the Snake","NeowsBlessing","Thread and Needle","Bottled Lightning","Blood Vial","Blue Candle","Velvet Choker","OrangePellets","Red Mask","Dream Catcher","The Courier","Paper Crane"],"potions_floor_usage":[],"damage_taken":[{"damage":0.0,"enemies":"Jaw Worm","floor":1.0,"turns":1.0},{"damage":0.0,"enemies":"Small Slimes","floor":2.0,"turns":1.0},{"damage":0.0,"enemies":"Cultist","floor":3.0,"turns":1.0},{"damage":16.0,"enemies":"2 Fungi Beasts","floor":5.0,"turns":3.0},{"damage":24.0,"enemies":"3 Sentries","floor":7.0,"turns":9.0},{"damage":5.0,"enemies":"Exordium Wildlife","floor":10.0,"turns":3.0},{"damage":15.0,"enemies":"Lagavulin","floor":11.0,"turns":5.0},{"damage":1.0,"enemies":"3 Louse","floor":14.0,"turns":2.0},{"damage":33.0,"enemies":"Slime Boss","floor":16.0,"turns":12.0},{"damage":8.0,"enemies":"2 Thieves","floor":18.0,"turns":4.0},{"damage":2.0,"enemies":"Shell Parasite","floor":19.0,"turns":6.0},{"damage":19.0,"enemies":"Cultist and Chosen","floor":21.0,"turns":6.0},{"damage":7.0,"enemies":"Masked Bandits","floor":24.0,"turns":5.0},{"damage":8.0,"enemies":"Gremlin Leader","floor":25.0,"turns":5.0},{"damage":0.0,"enemies":"Snake Plant","floor":27.0,"turns":4.0},{"damage":14.0,"enemies":"Chosen and Byrds","floor":29.0,"turns":6.0},{"damage":72,"enemies":"Champ","floor":33,"turns":13}],"seed_played":"1218452290852032493","potions_obtained":[{"floor":2.0,"key":"Regen Potion"},{"floor":3.0,"key":"Regen Potion"},{"floor":5.0,"key":"Fruit Juice"},{"floor":10.0,"key":"Regen Potion"},{"floor":18.0,"key":"Ancient Potion"},{"floor":27.0,"key":"FairyPotion"}],"is_trial":false,"path_per_floor":["M","M","M","$","M","R","E","?","T","M","E","R","T","M","R","B",null,"M","M","$","M","$","R","?","E","T","M","R","M","?","?","R","B"],"character_chosen":"THE_SILENT","items_purchased":["Deadly Poison","OrangePellets"],"campfire_rested":3,"item_purchase_floors":[4,22],"current_hp_per_floor":[59,59,59,59,43,43,39,32,32,27,12,33,33,34,55,24,59,53,53,53,36,36,36,31,40,40,42,42,30,30,30,51,7],"gold":171,"neow_bonus":"THREE_ENEMY_KILL","is_prod":false,"is_daily":false,"chose_seed":false,"campfire_upgraded":3,"win_rate":0,"timestamp":1551877207,"path_taken":["M","M","M","$","M","R","E","?","T","M","E","R","?","M","R","BOSS","M","M","$","M","$","R","?","E","T","M","R","M","?","?","R","BOSS"],"build_version":"2019-01-23","purchased_purges":1,"victory":false,"max_hp_per_floor":[66,66,66,66,66,66,71,71,71,71,71,71,71,71,71,71,71,71,71,71,71,71,71,71,71,71,71,71,71,71,71,71,71],"card_choices":[{"not_picked":["Prepared","Expertise"],"picked":"Poisoned Stab","floor":1.0},{"not_picked":["Calculated Gamble","Quick Slash"],"picked":"Deadly Poison","floor":2.0},{"not_picked":["Outmaneuver","Bouncing Flask"],"picked":"Dagger Spray","floor":3.0},{"not_picked":["Poisoned Stab","Tactician"],"picked":"Dash","floor":5.0},{"not_picked":["Grand Finale","Bane"],"picked":"Deadly Poison","floor":7.0},{"not_picked":["Eviscerate","Escape Plan"],"picked":"Backstab","floor":10.0},{"not_picked":["Reflex","Underhanded Strike"],"picked":"Terror","floor":11.0},{"not_picked":["Backflip","Outmaneuver"],"picked":"Quick Slash","floor":14.0},{"not_picked":["Tools of the Trade","After Image"],"picked":"Wraith Form v2","floor":16.0},{"not_picked":["Outmaneuver","Underhanded Strike"],"picked":"Dodge and Roll","floor":18.0},{"not_picked":["Quick Slash","Caltrops"],"picked":"Predator","floor":19.0},{"not_picked":["Deadly Poison","Quick Slash","Sucker Punch"],"picked":"SKIP","floor":21.0},{"not_picked":["Reflex","Underhanded Strike"],"picked":"Well Laid Plans","floor":25.0},{"not_picked":["Caltrops","Acrobatics","Quick Slash"],"picked":"SKIP","floor":27.0},{"not_picked":["Bane","Heel Hook"],"picked":"Adrenaline","floor":29.0},{"not_picked":["Prepared","Dagger Spray"],"picked":"Deflect","floor":32.0}],"player_experience":1235292,"relics_obtained":[{"floor":7.0,"key":"Thread and Needle"},{"floor":9.0,"key":"Bottled Lightning"},{"floor":11.0,"key":"Blood Vial"},{"floor":13.0,"key":"Blue Candle"},{"floor":24.0,"key":"Red Mask"},{"floor":25.0,"key":"Dream Catcher"},{"floor":26.0,"key":"The Courier"}],"event_choices":[{"cards_removed":["Strike_G"],"damage_healed":0.0,"max_hp_gain":0.0,"max_hp_loss":0.0,"gold_gain":0.0,"event_name":"Golden Wing","player_choice":"Card Removal","floor":8.0,"gold_loss":0.0,"damage_taken":7.0},{"damage_healed":0.0,"max_hp_gain":0.0,"max_hp_loss":0.0,"gold_gain":0.0,"event_name":"Masked Bandits","player_choice":"Fought Bandits","floor":24.0,"gold_loss":0.0,"damage_taken":0.0},{"damage_healed":0.0,"max_hp_gain":0.0,"max_hp_loss":0.0,"gold_gain":0.0,"event_name":"Ghosts","player_choice":"Ignored","floor":30.0,"gold_loss":0.0,"damage_taken":0.0},{"damage_healed":0.0,"max_hp_gain":0.0,"max_hp_loss":0.0,"gold_gain":0.0,"event_name":"The Mausoleum","player_choice":"Opened","floor":31.0,"gold_loss":0.0,"damage_taken":0.0,"relics_obtained":["Paper Crane"],"cards_obtained":["Writhe"]}],"is_beta":false,"boss_relics":[{"not_picked":["Snecko Eye","Astrolabe"],"picked":"Velvet Choker"}],"items_purged_floors":[4],"is_endless":false,"potions_floor_spawned":[2,3,5,10,18,24,27],"killed_by":"Champ","ascension_level":20}