{"gold_per_floor":[116,66,79,94,94,129,161,199,211,26,26,44,44,57,57,176,176,190,115,136,136,136,136,136],"floor_reached":24,"playtime":2192,"items_purged":["Strike_R"],"score":208,"play_id":"b5250580-8f01-4b55-8db2-01ebe51b5019","local_time":"20190329025508","is_ascension_mode":false,"campfire_choices":[{"data":"Demon Form","floor":13,"key":"SMITH"},{"data":"Armaments","floor":15,"key":"SMITH"},{"floor":23,"key":"REST"}],"neow_cost":"NONE","seed_source_timestamp":27930076014950,"circlet_count":0,"master_deck":["Strike_R","Strike_R","Strike_R","Defend_R","Defend_R","Bash","Demon Form+1","Spot Weakness","Spot Weakness","Rage","Armaments+1","Headbutt","Ghostly Armor","Sword Boomerang","Limit Break","Anger","Heavy Blade+1","Body Slam","Enlightenment"],"relics":["Burning Blood","MawBank","Mummified Hand","Torii","Lee\u0027s Waffle","Golden Idol","Empty Cage"],"potions_floor_usage":[6,8,16,22,22,22],"damage_taken":[{"damage":6,"enemies":"2 Louse","floor":1,"turns":4},{"damage":8,"enemies":"Small Slimes","floor":3,"turns":3},{"damage":5,"enemies":"Cultist","floor":4,"turns":4},{"damage":36,"enemies":"Lagavulin","floor":6,"turns":5},{"damage":10,"enemies":"Looter","floor":7,"turns":4},{"damage":22,"enemies":"3 Sentries","floor":8,"turns":5},{"damage":14,"enemies":"Blue Slaver","floor":12,"turns":4},{"damage":7,"enemies":"Gremlin Gang","floor":14,"turns":4},{"damage":28,"enemies":"Hexaghost","floor":16,"turns":8},{"damage":1,"enemies":"Chosen","floor":18,"turns":3},{"damage":35,"enemies":"3 Byrds","floor":20,"turns":6},{"damage":11,"enemies":"Sentry and Sphere","floor":22,"turns":3},{"damage":85,"enemies":"Slavers","floor":24,"turns":4}],"seed_played":"5468846527002635256","potions_obtained":[{"floor":1,"key":"SneckoOil"},{"floor":3,"key":"Dexterity Potion"},{"floor":5,"key":"Poison Potion"},{"floor":5,"key":"SmokeBomb"},{"floor":6,"key":"Energy Potion"},{"floor":12,"key":"Strength Potion"},{"floor":18,"key":"Regen Potion"},{"floor":20,"key":"EssenceOfSteel"}],"is_trial":false,"path_per_floor":["M","?","M","M","?","E","M","E","T","$","?","M","R","M","R","B",null,"M","$","M","?","M","R","E"],"character_chosen":"IRONCLAD","items_purchased":["Lee\u0027s Waffle"],"campfire_rested":1,"item_purchase_floors":[10],"current_hp_per_floor":[80,80,78,79,79,49,45,29,29,87,81,73,73,72,72,50,81,81,81,52,52,52,76,0],"gold":136,"neow_bonus":"ONE_RANDOM_RARE_CARD","is_prod":false,"is_daily":false,"chose_seed":false,"campfire_upgraded":2,"win_rate":0,"timestamp":1553842508,"path_taken":["M","?","M","M","?","E","?","E","T","$","?","M","R","M","R","BOSS","M","$","M","?","?","R","E"],"build_version":"2019-01-23","purchased_purges":1,"victory":false,"max_hp_per_floor":[80,80,80,80,80,80,80,80,80,87,81,81,81,81,81,81,81,81,81,81,81,81,81,81],"card_choices":[{"not_picked":["Hemokinesis","Iron Wave"],"picked":"Spot Weakness","floor":1},{"not_picked":["Clothesline","Pummel"],"picked":"Spot Weakness","floor":3},{"not_picked":["Feel No Pain","True Grit"],"picked":"Rage","floor":4},{"not_picked":["Reckless Charge","Iron Wave"],"picked":"Armaments","floor":6},{"not_picked":["Perfected Strike","Bludgeon"],"picked":"Headbutt","floor":7},{"not_picked":["Searing Blow","Clothesline","Rampage"],"picked":"SKIP","floor":8},{"not_picked":["Clothesline","True Grit"],"picked":"Ghostly Armor","floor":12},{"not_picked":["Pommel Strike","Demon Form"],"picked":"Sword Boomerang","floor":14},{"not_picked":["Offering","Fiend Fire"],"picked":"Limit Break","floor":16},{"not_picked":["Whirlwind","Flex"],"picked":"Anger","floor":18},{"not_picked":["Carnage","Infernal Blade+1"],"picked":"Heavy Blade+1","floor":20}],"player_experience":44772,"relics_obtained":[{"floor":6,"key":"MawBank"},{"floor":8,"key":"Mummified Hand"},{"floor":9,"key":"Torii"}],"event_choices":[{"cards_removed":["Defend_R"],"damage_healed":0,"gold_gain":0,"player_choice":"Card Removal","damage_taken":0,"max_hp_gain":0,"max_hp_loss":0,"event_name":"The Cleric","floor":2,"gold_loss":50},{"damage_healed":0,"gold_gain":0,"player_choice":"Got Potions","damage_taken":0,"max_hp_gain":0,"max_hp_loss":0,"event_name":"Lab","floor":5,"gold_loss":0},{"damage_healed":0,"gold_gain":0,"player_choice":"Lose Max HP","damage_taken":0,"relics_obtained":["Golden Idol"],"max_hp_gain":0,"max_hp_loss":6,"event_name":"Golden Idol","floor":11,"gold_loss":0},{"damage_healed":0,"gold_gain":0,"player_choice":"2 cards matched","damage_taken":0,"max_hp_gain":0,"max_hp_loss":0,"event_name":"Match and Keep!","floor":21,"gold_loss":0,"cards_obtained":["Body Slam","Enlightenment"]}],"is_beta":false,"boss_relics":[{"not_picked":["Cursed Key","Busted Crown"],"picked":"Empty Cage"}],"items_purged_floors":[19],"is_endless":false,"potions_floor_spawned":[1,3,6,12,18,20],"killed_by":"Slavers","ascension_level":0}