{"gold_per_floor":[20,20,37,51,76,76,109,109,136,156,175,209,220,240,240,240],"floor_reached":16,"playtime":869,"items_purged":[],"score":120,"play_id":"993fd6db-2325-444d-ab44-b9a6c6acaa76","local_time":"20181125154209","is_ascension_mode":true,"campfire_choices":[{"data":"Secret Technique","floor":6,"key":"SMITH"},{"data":"Noxious Fumes","floor":8,"key":"SMITH"},{"floor":15,"key":"REST"}],"neow_cost":"NO_GOLD","seed_source_timestamp":53815815597405,"circlet_count":0,"master_deck":["Defend_G","Defend_G","Defend_G+1","Defend_G","Defend_G","Strike_G","Strike_G","Strike_G","Strike_G","Strike_G","Survivor+1","Neutralize+1","Deep Breath","Secret Technique+1","Dagger Spray","Heel Hook","Underhanded Strike","Noxious Fumes+1","Poisoned Stab","Footwork","After Image","Cloak And Dagger","Acrobatics"],"relics":["Ring of the Snake","Orichalcum","War Paint","Oddly Smooth Stone"],"potions_floor_usage":[7,16,16],"damage_taken":[{"damage":1,"enemies":"2 Louse","floor":1,"turns":4},{"damage":0,"enemies":"Cultist","floor":3,"turns":3},{"damage":0,"enemies":"Jaw Worm","floor":4,"turns":5},{"damage":18,"enemies":"Gremlin Nob","floor":7,"turns":6},{"damage":5,"enemies":"Exordium Wildlife","floor":10,"turns":6},{"damage":8,"enemies":"3 Louse","floor":11,"turns":3},{"damage":24,"enemies":"3 Sentries","floor":12,"turns":7},{"damage":0,"enemies":"Large Slime","floor":13,"turns":6},{"damage":5,"enemies":"2 Fungi Beasts","floor":14,"turns":3},{"damage":31,"enemies":"Slime Boss","floor":16,"turns":6}],"seed_played":"2834519620883454020","potions_obtained":[{"floor":3,"key":"GamblersBrew"},{"floor":4,"key":"Weak Potion"},{"floor":10,"key":"Poison Potion"},{"floor":11,"key":"Strength Potion"}],"is_trial":false,"path_per_floor":["M","?","M","M","T","R","E","R","T","M","M","E","M","M","R","B"],"character_chosen":"THE_SILENT","items_purchased":[],"campfire_rested":1,"item_purchase_floors":[],"current_hp_per_floor":[69,69,69,69,69,69,51,51,51,46,38,14,14,9,30,0],"gold":240,"neow_bonus":"RANDOM_COLORLESS_2","is_prod":false,"is_daily":false,"chose_seed":false,"campfire_upgraded":2,"win_rate":0,"timestamp":1543160529,"path_taken":["M","?","M","?","?","R","E","R","T","M","M","E","M","M","R","BOSS"],"build_version":"2018-11-15","purchased_purges":0,"victory":false,"max_hp_per_floor":[70,70,70,70,70,70,70,70,70,70,70,70,70,70,70,70],"card_choices":[{"not_picked":["Concentrate","Eviscerate"],"picked":"Dagger Spray","floor":1},{"not_picked":["Eviscerate","Deadly Poison"],"picked":"Heel Hook","floor":3},{"not_picked":["Deadly Poison","Acrobatics"],"picked":"Underhanded Strike","floor":4},{"not_picked":["Backflip","Setup"],"picked":"Noxious Fumes","floor":7},{"not_picked":["Underhanded Strike","Finisher"],"picked":"Poisoned Stab","floor":10},{"not_picked":["Dodge and Roll","Slice"],"picked":"Footwork","floor":11},{"not_picked":["Bane","Flying Knee"],"picked":"After Image","floor":12},{"not_picked":["Endless Agony","PiercingWail"],"picked":"Cloak And Dagger","floor":13},{"not_picked":["Blade Dance","PiercingWail"],"picked":"Acrobatics","floor":14}],"player_experience":189449,"relics_obtained":[{"floor":5,"key":"Orichalcum"},{"floor":7,"key":"War Paint"},{"floor":12,"key":"Oddly Smooth Stone"}],"event_choices":[{"damage_healed":0,"gold_gain":0,"player_choice":"Upgraded","damage_taken":0,"max_hp_gain":0,"max_hp_loss":0,"event_name":"Upgrade Shrine","floor":2,"gold_loss":0,"cards_upgraded":["Neutralize"]}],"is_beta":true,"boss_relics":[],"items_purged_floors":[],"is_endless":false,"potions_floor_spawned":[3,4,10,11,14],"killed_by":"Slime Boss","ascension_level":1}