{"gold_per_floor":[118,293,218,168,180,180,206,261,261,286,336,353,367,367,367,367],"floor_reached":16,"playtime":621,"items_purged":["Doubt"],"score":193,"play_id":"8468d9f7-6a0f-47a2-b900-f9f7c8c857f1","local_time":"20190312102333","is_ascension_mode":true,"campfire_choices":[{"data":"Blade Dance","floor":6,"key":"SMITH"},{"data":"Neutralize","floor":15,"key":"SMITH"}],"neow_cost":"NONE","seed_source_timestamp":395211414516677,"circlet_count":0,"master_deck":["Defend_G","Defend_G","Defend_G","Defend_G","Strike_G","Strike_G","Strike_G","Strike_G","Survivor","Neutralize+1","Blade Dance+1","Dagger Spray","Die Die Die","Blade Dance","Flying Knee"],"relics":["Ring of the Snake","NeowsBlessing","Singing Bowl","PreservedInsect","Art of War","Dodecahedron"],"potions_floor_usage":[13,13],"damage_taken":[{"damage":0,"enemies":"2 Louse","floor":1,"turns":1},{"damage":0,"enemies":"Small Slimes","floor":5,"turns":1},{"damage":0,"enemies":"3 Sentries","floor":7,"turns":1},{"damage":17,"enemies":"3 Sentries","floor":8,"turns":7},{"damage":24,"enemies":"Lagavulin","floor":10,"turns":6},{"damage":0,"enemies":"Jaw Worm","floor":12,"turns":4},{"damage":0,"enemies":"Large Slime","floor":13,"turns":3},{"damage":28,"enemies":"The Guardian","floor":16,"turns":9}],"seed_played":"627419892548416010","potions_obtained":[{"floor":10,"key":"AttackPotion"},{"floor":12,"key":"EntropicBrew"},{"floor":13,"key":"Ancient Potion"}],"is_trial":false,"path_per_floor":["M","?","$","?","M","R","E","?","T","E","?","M","M","?","R","B"],"character_chosen":"THE_SILENT","items_purchased":[],"campfire_rested":0,"item_purchase_floors":[],"current_hp_per_floor":[63,63,63,63,63,63,63,48,48,26,26,28,28,28,28,0],"gold":367,"neow_bonus":"THREE_ENEMY_KILL","is_prod":false,"is_daily":false,"chose_seed":false,"campfire_upgraded":2,"win_rate":0,"timestamp":1552411413,"path_taken":["M","?","$","?","M","R","E","?","T","E","?","M","?","?","R","BOSS"],"build_version":"2019-01-23","purchased_purges":1,"victory":false,"max_hp_per_floor":[70,70,70,70,70,70,70,72,72,74,74,76,76,76,76,76],"card_choices":[{"not_picked":["Outmaneuver","Expertise"],"picked":"Blade Dance","floor":1},{"not_picked":["Eviscerate","PiercingWail"],"picked":"Dagger Spray","floor":5},{"not_picked":["Outmaneuver","Flechettes"],"picked":"Die Die Die","floor":7},{"not_picked":["Dodge and Roll","Dagger Throw","Calculated Gamble"],"picked":"Singing Bowl","floor":8},{"not_picked":["Acrobatics","Poisoned Stab","Bane"],"picked":"Singing Bowl","floor":10},{"not_picked":["Prepared","Endless Agony","Choke"],"picked":"Singing Bowl","floor":12},{"not_picked":["Prepared","Deflect"],"picked":"Blade Dance","floor":13}],"player_experience":425975,"relics_obtained":[{"floor":7,"key":"Singing Bowl"},{"floor":8,"key":"PreservedInsect"},{"floor":9,"key":"Art of War"},{"floor":10,"key":"Dodecahedron"}],"event_choices":[{"damage_healed":0,"gold_gain":175,"player_choice":"AGREE","damage_taken":0,"max_hp_gain":0,"max_hp_loss":0,"event_name":"Liars Game","floor":2,"gold_loss":0,"cards_obtained":["Doubt"]},{"cards_removed":["Strike_G"],"damage_healed":0,"gold_gain":0,"player_choice":"Card Removal","damage_taken":0,"max_hp_gain":0,"max_hp_loss":0,"event_name":"The Cleric","floor":4,"gold_loss":50},{"damage_healed":0,"gold_gain":30,"player_choice":"Searched \u00273\u0027 times","damage_taken":0,"max_hp_gain":0,"max_hp_loss":0,"event_name":"Dead Adventurer","floor":8,"gold_loss":0},{"damage_healed":0,"gold_gain":50,"player_choice":"Gained Gold","damage_taken":0,"max_hp_gain":0,"max_hp_loss":0,"event_name":"Golden Wing","floor":11,"gold_loss":0},{"damage_healed":0,"gold_gain":0,"cards_transformed":["Defend_G"],"player_choice":"Change","damage_taken":0,"max_hp_gain":0,"max_hp_loss":0,"event_name":"Living Wall","floor":14,"gold_loss":0,"cards_obtained":["Flying Knee"]}],"is_beta":false,"boss_relics":[],"items_purged_floors":[3],"is_endless":false,"potions_floor_spawned":[10,12,13],"killed_by":"The Guardian","ascension_level":9}