{"gold_per_floor":[112,128,128,27,27,57,87,3,3,3,17,17,37,48,48,149,149,161,194,13,29,129,129,149,149,149,169,169,169,169,187,187,286,286,306,528,547,547,547],"floor_reached":39,"playtime":4112,"items_purged":["Defend_R","Defend_R"],"score":404,"play_id":"c07e4e43-f958-400b-a91e-6b0a2446f920","local_time":"20190328014432","is_ascension_mode":false,"campfire_choices":[{"data":"Armaments","floor":10,"key":"SMITH"},{"data":"Anger","floor":15,"key":"SMITH"},{"floor":23,"key":"REST"},{"data":"Uppercut","floor":28,"key":"SMITH"},{"floor":30,"key":"REST"},{"data":"Bash","floor":32,"key":"SMITH"}],"neow_cost":"NONE","seed_source_timestamp":341811841899851,"circlet_count":0,"master_deck":["Defend_R","Defend_R","Bash+1","Cleave","Armaments+1","Burning Pact","Anger+1","Uppercut+1","Pommel Strike","Trip","Sword Boomerang+1","Cleave+1","Pommel Strike+1","Feed+1","Searing Blow+1","Metallicize","Blind","Warcry","Disarm","Bite+1","Bite+1","Bite+1","Bite+1","Bite+1","Clash+1","Necronomicurse","Rampage+1","Demon Form","Clash+1","Rage+1","Chrysalis"],"relics":["Burning Blood","Mercury Hourglass","Molten Egg 2","Lizard Tail","Red Mask","Ginger","Ornamental Fan","Question Card","Necronomicon","Eternal Feather"],"potions_floor_usage":[27,33,33,33],"damage_taken":[{"damage":1,"enemies":"Cultist","floor":1,"turns":3},{"damage":4,"enemies":"Small Slimes","floor":2,"turns":3},{"damage":30,"enemies":"3 Sentries","floor":6,"turns":6},{"damage":0,"enemies":"2 Louse","floor":11,"turns":1},{"damage":6,"enemies":"Large Slime","floor":13,"turns":2},{"damage":1,"enemies":"3 Louse","floor":14,"turns":2},{"damage":42,"enemies":"The Guardian","floor":16,"turns":7},{"damage":25,"enemies":"Spheric Guardian","floor":18,"turns":4},{"damage":10,"enemies":"Masked Bandits","floor":19,"turns":3},{"damage":24,"enemies":"Shell Parasite","floor":21,"turns":4},{"damage":18,"enemies":"Colosseum Slavers","floor":22,"turns":3},{"damage":45,"enemies":"Colosseum Nobs","floor":22,"turns":5},{"damage":18,"enemies":"Snake Plant","floor":24,"turns":3},{"damage":26,"enemies":"Shelled Parasite and Fungi","floor":27,"turns":4},{"damage":6,"enemies":"3 Cultists","floor":31,"turns":3},{"damage":67,"enemies":"Collector","floor":33,"turns":8},{"damage":17,"enemies":"3 Shapes","floor":35,"turns":3},{"damage":34,"enemies":"3 Darklings","floor":37,"turns":4},{"damage":41,"enemies":"Writhing Mass","floor":39,"turns":4}],"seed_played":"-3222390550717589875","potions_obtained":[{"floor":6,"key":"FearPotion"},{"floor":13,"key":"Energy Potion"},{"floor":16,"key":"Explosive Potion"},{"floor":21,"key":"EssenceOfSteel"},{"floor":22,"key":"Swift Potion"},{"floor":27,"key":"PowerPotion"},{"floor":31,"key":"Energy Potion"},{"floor":35,"key":"Poison Potion"}],"is_trial":false,"path_per_floor":["M","M","?","$","?","E","?","$","T","R","M","?","M","M","R","B",null,"M","?","$","M","?","R","M","?","T","M","R","?","R","M","R","B",null,"M","?","M","?","M"],"character_chosen":"IRONCLAD","items_purchased":["Anger","Trip","Blind"],"campfire_rested":2,"item_purchase_floors":[4,8,20],"current_hp_per_floor":[80,80,85,85,85,61,61,61,61,61,67,67,67,72,72,36,85,66,66,66,48,41,67,55,55,55,50,50,34,52,58,58,12,62,54,54,32,32,0],"gold":547,"neow_bonus":"THREE_CARDS","is_prod":false,"is_daily":false,"chose_seed":false,"campfire_upgraded":4,"win_rate":0.0,"timestamp":1553751872,"path_taken":["M","?","?","$","?","E","?","$","T","R","M","?","M","?","R","BOSS","M","?","$","M","?","R","M","?","T","M","R","?","R","M","R","BOSS","M","?","M","?","M"],"build_version":"2019-01-23","purchased_purges":2,"victory":false,"max_hp_per_floor":[80,80,85,85,85,85,85,85,85,85,85,85,85,85,85,85,85,85,89,89,89,89,89,89,62,62,62,62,62,62,62,62,62,62,62,62,62,62,62],"card_choices":[{"not_picked":["True Grit","Thunderclap"],"picked":"Cleave","floor":0},{"not_picked":["Sword Boomerang","Perfected Strike"],"picked":"Armaments","floor":1},{"not_picked":["Sword Boomerang","Fire Breathing"],"picked":"Burning Pact","floor":2},{"not_picked":["Combust","Twin Strike"],"picked":"Pommel Strike","floor":6},{"not_picked":["Corruption","Bloodletting"],"picked":"Sword Boomerang+1","floor":11},{"not_picked":["Ghostly Armor","Burning Pact"],"picked":"Cleave+1","floor":13},{"not_picked":["Burning Pact","Warcry"],"picked":"Pommel Strike+1","floor":14},{"not_picked":["Demon Form","Barricade"],"picked":"Feed+1","floor":16},{"not_picked":["Shockwave","Thunderclap+1"],"picked":"Searing Blow+1","floor":18},{"not_picked":["Power Through","Clothesline+1"],"picked":"Metallicize","floor":19},{"not_picked":["Reckless Charge+1","Whirlwind+1"],"picked":"Warcry","floor":21},{"not_picked":["Cleave+1","Corruption"],"picked":"Disarm","floor":22},{"not_picked":["Feel No Pain","Metallicize","Fire Breathing"],"picked":"SKIP","floor":24},{"not_picked":["Perfected Strike+1","Warcry","Dual Wield+1"],"picked":"Clash+1","floor":27},{"not_picked":["Flame Barrier+1","Sword Boomerang+1","Thunderclap+1"],"picked":"Rampage+1","floor":31},{"not_picked":["Feed+1","Juggernaut","Barricade"],"picked":"Demon Form","floor":33},{"not_picked":["True Grit+1","Clothesline+1","Twin Strike+1"],"picked":"Clash+1","floor":35},{"not_picked":["Thunderclap+1","Cleave+1","Battle Trance+1"],"picked":"Rage+1","floor":37},{"not_picked":["Violence","Enlightenment","Impatience"],"picked":"Chrysalis","floor":38}],"player_experience":15098,"relics_obtained":[{"floor":6,"key":"Mercury Hourglass"},{"floor":9,"key":"Molten Egg 2"},{"floor":19,"key":"Red Mask"},{"floor":22,"key":"Ginger"},{"floor":22,"key":"Ornamental Fan"},{"floor":26,"key":"Question Card"},{"floor":29,"key":"Necronomicon"}],"event_choices":[{"damage_healed":0,"gold_gain":0,"player_choice":"Donut","damage_taken":0,"max_hp_gain":5,"max_hp_loss":0,"event_name":"Big Fish","floor":3,"gold_loss":0},{"damage_healed":0,"gold_gain":0,"cards_transformed":["Strike_R"],"player_choice":"Change","damage_taken":0,"max_hp_gain":0,"max_hp_loss":0,"event_name":"Living Wall","floor":5,"gold_loss":0,"cards_obtained":["Uppercut"]},{"damage_healed":0,"gold_gain":30,"player_choice":"Searched \u00272\u0027 times","damage_taken":0,"max_hp_gain":0,"max_hp_loss":0,"event_name":"Dead Adventurer","floor":7,"gold_loss":0},{"damage_healed":0,"gold_gain":0,"player_choice":"Leave","damage_taken":0,"max_hp_gain":0,"max_hp_loss":0,"event_name":"The Cleric","floor":12,"gold_loss":0},{"damage_healed":0,"gold_gain":0,"player_choice":"Fought Bandits","damage_taken":0,"max_hp_gain":0,"max_hp_loss":0,"event_name":"Masked Bandits","floor":19,"gold_loss":0},{"damage_healed":0,"gold_gain":0,"player_choice":"Fight","damage_taken":0,"max_hp_gain":0,"max_hp_loss":0,"event_name":"Colosseum","floor":22,"gold_loss":0},{"damage_healed":0,"gold_gain":0,"player_choice":"Fought Nobs","damage_taken":0,"max_hp_gain":0,"max_hp_loss":0,"event_name":"Colosseum","floor":22,"gold_loss":0},{"damage_healed":0,"gold_gain":0,"player_choice":"Became a vampire","damage_taken":0,"max_hp_gain":0,"max_hp_loss":27,"event_name":"Vampires","floor":25,"gold_loss":0,"cards_obtained":["Bite","Bite","Bite","Bite","Bite"]},{"damage_healed":0,"gold_gain":0,"player_choice":"Obtained Book","damage_taken":16,"max_hp_gain":0,"max_hp_loss":0,"event_name":"Cursed Tome","floor":29,"gold_loss":0},{"damage_healed":0,"gold_gain":222,"player_choice":"Wore Mask","damage_taken":0,"max_hp_gain":0,"max_hp_loss":0,"event_name":"Tomb of Lord Red Mask","floor":36,"gold_loss":0},{"damage_healed":0,"gold_gain":0,"player_choice":"Memory 1","damage_taken":0,"max_hp_gain":0,"max_hp_loss":0,"event_name":"SensoryStone","floor":38,"gold_loss":0}],"is_beta":false,"boss_relics":[{"not_picked":["Tiny House","Runic Cube"],"picked":"Lizard Tail"},{"not_picked":["White Beast Statue","Philosopher\u0027s Stone"],"picked":"Eternal Feather"}],"items_purged_floors":[4,20],"is_endless":false,"potions_floor_spawned":[6,13,16,21,22,27,31,35],"killed_by":"Writhing Mass","ascension_level":0}