{"gold_per_floor":[111,386,398,317,334,368,368,385,456,456,515,94,127,30,30,127,127,137,137,152,164,82,107,119,164,176,188,216,302,346,369,381,490,502,527,61,79,90,137,166,183,213,240,267,267,287,300,310,310,310,310,310,89,122,122],"floor_reached":55,"playtime":3959,"items_purged":["Regret","Strike_B"],"score":1090,"play_id":"53af8857-0bdb-4a2e-ad31-163ef54cb3dd","local_time":"20190430222605","is_ascension_mode":true,"campfire_choices":[{"data":"Fission","floor":7,"key":"SMITH"},{"data":"Storm","floor":10,"key":"SMITH"},{"floor":15,"key":"REST"},{"data":"White Noise","floor":24,"key":"SMITH"},{"data":"Buffer","floor":27,"key":"SMITH"},{"data":"Loop","floor":32,"key":"SMITH"},{"floor":49,"key":"RECALL"},{"data":"Fission","floor":52,"key":"SMITH"}],"neow_cost":"NONE","seed_source_timestamp":1815732845704668,"circlet_count":0,"master_deck":["Strike_B","Strike_B","Strike_B","Defend_B+1","Defend_B","Defend_B","Defend_B","Zap+1","Dualcast","Buffer+1","Self Repair","Rip and Tear","Storm+1","Fission+1","Leap","Ball Lightning+1","Self Repair","Good Instincts","Amplify+1","White Noise+1","Machine Learning","Loop+1","White Noise+1","FTL+1","Fission+1","Defragment","Barrage+1","Loop+1","Amplify","Machine Learning","Doom and Gloom+1","FTL+1"],"relics":["FrozenCore","Bird Faced Urn","Happy Flower","Molten Egg 2","Darkstone Periapt","ClockworkSouvenir","War Paint","Bag of Preparation","Inserter","MawBank","Ornamental Fan","Pantograph","Mummified Hand","Ginger","Mercury Hourglass","FossilizedHelix","Boot","Orichalcum","Shuriken","Sundial"],"potions_floor_usage":[6,23,33,55],"damage_taken":[{"damage":0,"enemies":"2 Louse","floor":1,"turns":2},{"damage":3,"enemies":"Cultist","floor":3,"turns":4},{"damage":2,"enemies":"Small Slimes","floor":5,"turns":3},{"damage":37,"enemies":"Lagavulin","floor":6,"turns":5},{"damage":17,"enemies":"Gremlin Gang","floor":8,"turns":6},{"damage":38,"enemies":"3 Sentries","floor":11,"turns":6},{"damage":11,"enemies":"3 Sentries","floor":13,"turns":4},{"damage":25,"enemies":"Hexaghost","floor":16,"turns":9},{"damage":2,"enemies":"3 Byrds","floor":18,"turns":4},{"damage":4,"enemies":"Shell Parasite","floor":20,"turns":3},{"damage":6,"enemies":"3 Cultists","floor":21,"turns":4},{"damage":38,"enemies":"Slavers","floor":23,"turns":4},{"damage":14,"enemies":"Book of Stabbing","floor":25,"turns":3},{"damage":12,"enemies":"Cultist and Chosen","floor":28,"turns":3},{"damage":23,"enemies":"Gremlin Leader","floor":30,"turns":5},{"damage":12,"enemies":"Centurion and Healer","floor":31,"turns":3},{"damage":14,"enemies":"Champ","floor":33,"turns":8},{"damage":19,"enemies":"3 Darklings","floor":35,"turns":4},{"damage":5,"enemies":"Orb Walker","floor":37,"turns":3},{"damage":3,"enemies":"3 Darklings","floor":38,"turns":3},{"damage":51,"enemies":"2 Orb Walkers","floor":39,"turns":4},{"damage":0,"enemies":"Nemesis","floor":40,"turns":5},{"damage":0,"enemies":"Sphere and 2 Shapes","floor":41,"turns":3},{"damage":16,"enemies":"Reptomancer","floor":42,"turns":3},{"damage":0,"enemies":"Giant Head","floor":44,"turns":5},{"damage":0,"enemies":"Transient","floor":46,"turns":5},{"damage":0,"enemies":"Maw","floor":47,"turns":4},{"damage":9,"enemies":"4 Shapes","floor":48,"turns":3},{"damage":52,"enemies":"Awakened One","floor":50,"turns":8},{"damage":0,"enemies":"Shield and Spear","floor":54,"turns":3},{"damage":103,"enemies":"The Heart","floor":55,"turns":6}],"seed_played":"-3042391673967926031","potions_obtained":[{"floor":5,"key":"Poison Potion"},{"floor":8,"key":"GamblersBrew"},{"floor":11,"key":"FairyPotion"},{"floor":20,"key":"Ancient Potion"},{"floor":28,"key":"AttackPotion"},{"floor":37,"key":"SteroidPotion"},{"floor":41,"key":"FocusPotion"}],"is_trial":false,"path_per_floor":["M","?","M","?","M","E","R","M","T","R","?","$","E","$","R","B",null,"M","?","M","M","$","E","R","E","T","R","M","T","E","M","R","B",null,"M","$","M","M","?","E","M","E","T","E","?","M","M","M","R","B",null,"R","$","E","B"],"character_chosen":"DEFECT","items_purchased":["ClockworkSouvenir","War Paint","Good Instincts","Loop","Mercury Hourglass","Defragment","Barrage+1","Machine Learning","Doom and Gloom+1"],"campfire_rested":1,"item_purchase_floors":[12,12,14,22,36,36,36,53,53],"current_hp_per_floor":[75,75,75,75,73,45,45,41,41,41,14,14,16,16,38,35,65,75,75,75,75,75,63,63,75,75,75,75,75,75,75,75,75,75,75,75,75,75,50,75,75,75,75,75,75,75,75,75,75,51,69,69,69,75,0],"gold":122,"neow_bonus":"ONE_RANDOM_RARE_CARD","is_prod":false,"is_daily":false,"chose_seed":false,"campfire_upgraded":6,"win_rate":0,"timestamp":1556688365,"path_taken":["M","?","?","?","?","E","R","M","T","R","?","$","E","$","R","BOSS","M","?","M","?","$","E","R","E","T","R","M","?","E","M","R","BOSS","M","$","?","M","?","E","M","E","T","E","?","M","M","M","R","BOSS","R","$","E","BOSS"],"build_version":"2019-01-23","purchased_purges":2,"victory":false,"max_hp_per_floor":[75,75,75,75,75,75,75,75,75,75,75,75,75,75,75,75,75,75,75,75,75,75,75,75,75,75,75,75,75,75,75,75,75,75,75,75,75,75,75,75,75,75,75,75,75,75,75,75,75,75,75,75,75,75,75],"card_choices":[{"not_picked":["Steam","Rebound"],"picked":"Self Repair","floor":1},{"not_picked":["Skim","Steam"],"picked":"Rip and Tear","floor":3},{"not_picked":["Barrage","Doom and Gloom"],"picked":"Storm","floor":5},{"not_picked":["Darkness","Beam Cell"],"picked":"Fission","floor":6},{"not_picked":["Hologram","Redo"],"picked":"Leap","floor":8},{"not_picked":["Hologram","Scrape+1"],"picked":"Ball Lightning+1","floor":11},{"not_picked":["Loop","Static Discharge"],"picked":"Self Repair","floor":13},{"not_picked":["Machine Learning","Seek"],"picked":"Amplify","floor":16},{"not_picked":["Genetic Algorithm","Heatsinks","Gash+1"],"picked":"SKIP","floor":18},{"not_picked":["Barrage+1","Leap"],"picked":"White Noise","floor":20},{"not_picked":["Gash+1","Skim"],"picked":"Machine Learning","floor":21},{"not_picked":["Ball Lightning+1","Scrape+1"],"picked":"White Noise+1","floor":23},{"not_picked":["Blizzard+1","Beam Cell+1"],"picked":"FTL+1","floor":25},{"not_picked":["Hologram+1","Chill","Barrage+1"],"picked":"SKIP","floor":28},{"not_picked":["Chill","Rebound+1","Coolheaded"],"picked":"SKIP","floor":30},{"not_picked":["Skim","Consume","Barrage+1"],"picked":"SKIP","floor":31},{"not_picked":["Multi-Cast","Rainbow"],"picked":"Fission","floor":33},{"not_picked":["Sweeping Beam+1","Static Discharge","Turbo+1"],"picked":"SKIP","floor":35},{"not_picked":["Beam Cell+1","Genetic Algorithm","Scrape+1"],"picked":"SKIP","floor":37},{"not_picked":["Rip and Tear+1","Streamline+1","Go for the Eyes+1"],"picked":"SKIP","floor":38},{"not_picked":["Cold Snap+1","Skim"],"picked":"Loop+1","floor":39},{"not_picked":["Recycle","Sweeping Beam+1","Streamline+1"],"picked":"SKIP","floor":40},{"not_picked":["Gash+1","Compile Driver+1"],"picked":"Amplify","floor":41},{"not_picked":["Genetic Algorithm","Doom and Gloom+1","Steam"],"picked":"SKIP","floor":42},{"not_picked":["Leap","Fission","Reinforced Body"],"picked":"SKIP","floor":44},{"not_picked":["Cold Snap+1","Consume+1","Gash+1"],"picked":"SKIP","floor":46},{"not_picked":["Turbo","Hologram","Cold Snap+1"],"picked":"SKIP","floor":47},{"not_picked":["Tempest+1","Hologram+1","Go for the Eyes+1"],"picked":"SKIP","floor":48},{"not_picked":["Aggregate+1","Tempest"],"picked":"FTL+1","floor":54}],"player_experience":490077,"relics_obtained":[{"floor":6,"key":"Happy Flower"},{"floor":9,"key":"Molten Egg 2"},{"floor":13,"key":"Bag of Preparation"},{"floor":23,"key":"MawBank"},{"floor":25,"key":"Ornamental Fan"},{"floor":26,"key":"Pantograph"},{"floor":29,"key":"Mummified Hand"},{"floor":30,"key":"Ginger"},{"floor":39,"key":"FossilizedHelix"},{"floor":40,"key":"Boot"},{"floor":42,"key":"Orichalcum"},{"floor":44,"key":"Shuriken"},{"floor":54,"key":"Sundial"}],"event_choices":[{"damage_healed":0,"gold_gain":275,"player_choice":"Desecrate","damage_taken":0,"max_hp_gain":0,"max_hp_loss":0,"event_name":"Golden Shrine","floor":2,"gold_loss":0,"cards_obtained":["Regret"]},{"damage_healed":0,"gold_gain":0,"player_choice":"Paid Gold","damage_taken":0,"relics_obtained":["Bird Faced Urn"],"max_hp_gain":0,"max_hp_loss":0,"event_name":"WeMeetAgain","floor":4,"gold_loss":81},{"damage_healed":0,"gold_gain":0,"player_choice":"Searched \u00273\u0027 times","damage_taken":0,"relics_obtained":["Darkstone Periapt"],"max_hp_gain":0,"max_hp_loss":0,"event_name":"Dead Adventurer","floor":11,"gold_loss":0},{"damage_healed":0,"gold_gain":0,"player_choice":"Forge","damage_taken":0,"max_hp_gain":0,"max_hp_loss":0,"event_name":"Accursed Blacksmith","floor":19,"gold_loss":0,"cards_upgraded":["Amplify"]},{"damage_healed":0,"gold_gain":0,"player_choice":"Fight","damage_taken":0,"max_hp_gain":0,"max_hp_loss":0,"event_name":"Mysterious Sphere","floor":39,"gold_loss":0},{"damage_healed":0,"gold_gain":0,"player_choice":"Ignored","damage_taken":0,"max_hp_gain":0,"max_hp_loss":0,"event_name":"Tomb of Lord Red Mask","floor":45,"gold_loss":0}],"is_beta":false,"boss_relics":[{"not_picked":["White Beast Statue","Runic Pyramid"],"picked":"Inserter"},{"not_picked":["Busted Crown","Cursed Key"],"picked":"FrozenCore"}],"items_purged_floors":[12,36],"is_endless":false,"potions_floor_spawned":[5,8,11,20,28,31,37,41,42,44,47,48,54],"killed_by":"The Heart","ascension_level":5}