{"gold_per_floor":[112,123,198,70,87,87,115,115,161,195,251,251,251,266,266,342,342,362,138,151,76,91,91,50,62,133,160,60,60,60],"floor_reached":30,"playtime":1024,"items_purged":["Strike_R","Normality"],"score":512,"play_id":"539aaf6d-0ace-4f6e-bb07-8c272f1eef4c","local_time":"20190420145159","is_ascension_mode":true,"campfire_choices":[{"data":"Bash","floor":6.0,"key":"SMITH"},{"data":"Clothesline","floor":8.0,"key":"SMITH"},{"floor":13.0,"key":"REST"},{"data":"True Grit","floor":15,"key":"SMITH"},{"floor":23,"key":"REST"}],"neow_cost":"NONE","seed_source_timestamp":873140812942200,"circlet_count":0,"master_deck":["AscendersBane","Strike_R+1","Strike_R+1","Strike_R+1","Defend_R+1","Defend_R+1","Defend_R+1","Defend_R+1","Bash+1","Cleave","Clothesline+1","Pommel Strike","Twin Strike","Corruption","True Grit+1","Barricade","Disarm","True Grit","Dropkick","Fiend Fire"],"special_seed":0,"relics":["Burning Blood","Whetstone","Anchor","Centennial Puzzle","Regal Pillow","Art of War","Blood Vial","Cursed Key","ClockworkSouvenir","Toxic Egg 2","Boot"],"potions_floor_usage":[22,22,22,27,30],"damage_taken":[{"damage":3.0,"enemies":"2 Louse","floor":1.0,"turns":3.0},{"damage":7.0,"enemies":"Jaw Worm","floor":2.0,"turns":3.0},{"damage":0.0,"enemies":"Cultist","floor":5.0,"turns":3.0},{"damage":30.0,"enemies":"Lagavulin","floor":7.0,"turns":4.0},{"damage":8.0,"enemies":"Gremlin Nob","floor":10.0,"turns":3.0},{"damage":6.0,"enemies":"Gremlin Nob","floor":11.0,"turns":3.0},{"damage":7,"enemies":"Large Slime","floor":14,"turns":5},{"damage":73,"enemies":"Hexaghost","floor":16,"turns":11},{"damage":24,"enemies":"Spheric Guardian","floor":18,"turns":5},{"damage":12,"enemies":"Shell Parasite","floor":20,"turns":5},{"damage":32,"enemies":"3 Cultists","floor":22,"turns":6},{"damage":12,"enemies":"Snake Plant","floor":25,"turns":6},{"damage":38,"enemies":"Book of Stabbing","floor":27,"turns":6},{"damage":23,"enemies":"Cultist and Chosen","floor":30,"turns":6}],"seed_played":"3218807579002604558","potions_obtained":[{"floor":5.0,"key":"FearPotion"},{"floor":10.0,"key":"Ancient Potion"},{"floor":11.0,"key":"EntropicBrew"},{"floor":14,"key":"Energy Potion"},{"floor":27,"key":"Strength Potion"}],"is_trial":false,"path_per_floor":["M","M","?","$","M","R","E","R","T","E","?","T","R","M","R","B",null,"M","$","M","?","M","R","$","M","T","E","$","?","M"],"character_chosen":"IRONCLAD","items_purchased":["Pommel Strike","ClockworkSouvenir","Dropkick"],"campfire_rested":2,"item_purchase_floors":[4,19,24],"current_hp_per_floor":[71,70,59,59,65,65,41,41,41,39,39,39,75,74,74,8,58,42,42,38,38,14,51,51,47,47,17,17,17,0],"gold":60,"neow_bonus":"RANDOM_COMMON_RELIC","is_prod":false,"is_daily":false,"chose_seed":false,"campfire_upgraded":3,"win_rate":0,"timestamp":1555768319,"path_taken":["M","M","?","$","M","R","E","R","T","E","?","?","R","M","R","BOSS","M","$","M","?","M","R","$","M","T","E","$","?","M"],"build_version":"2019-01-23","purchased_purges":2,"victory":false,"max_hp_per_floor":[75,75,75,75,75,75,75,75,75,75,75,75,75,75,75,75,75,75,75,75,75,75,75,75,75,75,75,75,75,75],"card_choices":[{"not_picked":["Rage","Clash"],"picked":"Cleave","floor":1.0},{"not_picked":["Anger","Wild Strike"],"picked":"Clothesline","floor":2.0},{"not_picked":["Searing Blow","Headbutt"],"picked":"Twin Strike","floor":5.0},{"not_picked":["Thunderclap","Armaments","Warcry"],"picked":"SKIP","floor":7.0},{"not_picked":["Juggernaut","Bloodletting"],"picked":"Corruption","floor":10.0},{"not_picked":["Clothesline","Havoc"],"picked":"True Grit","floor":14},{"not_picked":["Double Tap","Juggernaut"],"picked":"Barricade","floor":16},{"not_picked":["Cleave","Blood for Blood","Anger"],"picked":"SKIP","floor":18},{"not_picked":["Heavy Blade","Sever Soul"],"picked":"Disarm","floor":20},{"not_picked":["Anger","Armaments"],"picked":"True Grit","floor":22},{"not_picked":["Combust+1","Pommel Strike","Twin Strike"],"picked":"SKIP","floor":25},{"not_picked":["Blood for Blood","Perfected Strike"],"picked":"Fiend Fire","floor":27}],"player_experience":1304935,"relics_obtained":[{"floor":7.0,"key":"Anchor"},{"floor":9.0,"key":"Centennial Puzzle"},{"floor":10.0,"key":"Regal Pillow"},{"floor":11.0,"key":"Art of War"},{"floor":12.0,"key":"Blood Vial"},{"floor":26,"key":"Toxic Egg 2"},{"floor":27,"key":"Boot"}],"event_choices":[{"damage_healed":0.0,"max_hp_gain":0.0,"max_hp_loss":0.0,"gold_gain":75.0,"event_name":"World of Goop","player_choice":"Gather Gold","floor":3.0,"gold_loss":0.0,"damage_taken":11.0},{"damage_healed":0.0,"max_hp_gain":0.0,"max_hp_loss":0.0,"gold_gain":0.0,"event_name":"Dead Adventurer","player_choice":"Searched \u00271\u0027 times","floor":11.0,"gold_loss":0.0,"damage_taken":0.0},{"cards_removed":["Strike_R"],"damage_healed":0,"gold_gain":0,"player_choice":"Gave Gold","damage_taken":0,"max_hp_gain":0,"max_hp_loss":0,"event_name":"Beggar","floor":21,"gold_loss":75},{"damage_healed":0,"gold_gain":0,"player_choice":"Simplicity","damage_taken":0,"max_hp_gain":0,"max_hp_loss":0,"event_name":"Back to Basics","floor":29,"gold_loss":0,"cards_upgraded":["Strike_R","Defend_R","Defend_R","Defend_R","Defend_R"]}],"is_beta":false,"boss_relics":[{"not_picked":["Philosopher\u0027s Stone","Orrery"],"picked":"Cursed Key"}],"items_purged_floors":[4,28],"is_endless":false,"potions_floor_spawned":[5,10,11,14,27],"killed_by":"Cultist and Chosen","ascension_level":20}