{"gold_per_floor":[116,126,126,139,89,89,120,120,192,292,310,321,335,370,370,465,465,477,489,20,20,39,39,73,73,73,86,86,148,148,160,160,263,263,273,27,27,27,44,73,87,105,105,118,118,118],"floor_reached":46,"playtime":3206,"items_purged":[],"score":502,"play_id":"9f59506c-d845-4785-92b1-9b3f58e533d8","local_time":"20181121215806","is_ascension_mode":false,"campfire_choices":[{"data":"Armaments","floor":6.0,"key":"SMITH"},{"floor":8.0,"key":"RECALL"},{"data":"Body Slam","floor":15.0,"key":"SMITH"},{"data":"Searing Blow","floor":23.0,"key":"SMITH"},{"data":"Apotheosis","floor":30.0,"key":"SMITH"},{"floor":32.0,"key":"REST"}],"neow_cost":"NONE","seed_source_timestamp":0,"circlet_count":0,"master_deck":["Strike_R","Strike_R","Strike_R","Defend_R","Defend_R+1","Defend_R","Bash","Cleave","Armaments+1","Shrug It Off+1","Searing Blow+1","Twin Strike","Ghostly Armor","Body Slam+1","Juggernaut","Thunderclap+1","Apotheosis+1","Iron Wave","Shrug It Off","Iron Wave+1","Reaper","Whirlwind+1","Demon Form","Offering+1","Dark Embrace+1","Power Through+1","Panacea","Transmutation"],"special_seed":0,"relics":["Burning Blood","Blood Vial","Dream Catcher","War Paint","Question Card","Strawberry","Sozu","StoneCalendar","Magic Flower","Tiny Chest","Astrolabe","Darkstone Periapt","Bronze Scales","Gremlin Horn"],"potions_floor_usage":[],"damage_taken":[{"damage":6.0,"enemies":"Cultist","floor":1.0,"turns":3.0},{"damage":6.0,"enemies":"2 Louse","floor":2.0,"turns":2.0},{"damage":1.0,"enemies":"Jaw Worm","floor":4.0,"turns":5.0},{"damage":23.0,"enemies":"Lagavulin","floor":7.0,"turns":8.0},{"damage":11.0,"enemies":"Exordium Thugs","floor":11.0,"turns":5.0},{"damage":1.0,"enemies":"3 Louse","floor":12.0,"turns":4.0},{"damage":7.0,"enemies":"2 Fungi Beasts","floor":13.0,"turns":3.0},{"damage":6.0,"enemies":"3 Sentries","floor":14.0,"turns":10.0},{"damage":33.0,"enemies":"The Guardian","floor":16.0,"turns":13.0},{"damage":0.0,"enemies":"3 Byrds","floor":18.0,"turns":5.0},{"damage":27.0,"enemies":"Shell Parasite","floor":19.0,"turns":5.0},{"damage":9.0,"enemies":"Centurion and Healer","floor":22.0,"turns":6.0},{"damage":20.0,"enemies":"Book of Stabbing","floor":24.0,"turns":6.0},{"damage":7.0,"enemies":"3 Cultists","floor":27.0,"turns":5.0},{"damage":29.0,"enemies":"Slavers","floor":29.0,"turns":6.0},{"damage":12.0,"enemies":"Cultist and Chosen","floor":31.0,"turns":7.0},{"damage":52.0,"enemies":"Automaton","floor":33.0,"turns":12.0},{"damage":26.0,"enemies":"3 Darklings","floor":35.0,"turns":4.0},{"damage":21.0,"enemies":"Orb Walker","floor":39.0,"turns":4.0},{"damage":59.0,"enemies":"Nemesis","floor":40.0,"turns":9.0},{"damage":27.0,"enemies":"Maw","floor":41.0,"turns":6.0},{"damage":28.0,"enemies":"Jaw Worm Horde","floor":42.0,"turns":5.0},{"damage":45.0,"enemies":"Writhing Mass","floor":44.0,"turns":6.0},{"damage":45,"enemies":"Giant Head","floor":46,"turns":6}],"seed_played":"-9165771116822883892","potions_obtained":[{"floor":2.0,"key":"SteroidPotion"},{"floor":11.0,"key":"Explosive Potion"},{"floor":12.0,"key":"FearPotion"},{"floor":14.0,"key":"FearPotion"},{"floor":16.0,"key":"Regen Potion"}],"is_trial":false,"path_per_floor":["M","M","?","M","$","R","E","R","T","?","M","M","M","E","R","B",null,"M","M","$","?","M","R","E","$","T","M","$","E","R","M","R","B",null,"M","$","T","$","M","E","M","M","T","M","?","E"],"character_chosen":"IRONCLAD","items_purchased":["Shrug It Off","Apotheosis","StoneCalendar","Panacea","Transmutation"],"campfire_rested":1,"item_purchase_floors":[5,20,20,36,36],"current_hp_per_floor":[80,80,55,62,62,62,47,47,47,47,44,51,52,61,61,36,87,87,66,66,66,65,65,53,53,53,58,58,41,41,53,79,47,87,70,70,70,70,72,33,51,43,43,10,10,0],"gold":118,"neow_bonus":"RANDOM_COMMON_RELIC","is_prod":false,"is_daily":false,"chose_seed":false,"campfire_upgraded":4,"win_rate":0,"timestamp":1542866286,"path_taken":["M","?","?","M","$","R","E","R","T","?","?","M","M","E","R","BOSS","M","M","$","?","M","R","E","$","T","M","?","E","R","?","R","BOSS","M","$","?","?","M","E","M","M","T","M","?","E"],"build_version":"2018-11-15","purchased_purges":0,"victory":false,"max_hp_per_floor":[80,80,80,80,80,80,80,80,80,80,80,80,80,87,87,87,87,87,87,87,87,87,87,87,87,87,87,87,87,87,87,87,87,87,87,87,87,87,87,87,87,87,87,87,87,87],"card_choices":[{"not_picked":["True Grit","Intimidate"],"picked":"Cleave","floor":1.0},{"not_picked":["Flex","Twin Strike"],"picked":"Armaments","floor":2.0},{"not_picked":["Rupture","Infernal Blade","Armaments"],"picked":"SKIP","floor":4.0},{"not_picked":["Clash","Reckless Charge"],"picked":"Searing Blow","floor":7.0},{"not_picked":["Sword Boomerang","Clash","Clothesline","Inflame"],"picked":"SKIP","floor":11.0},{"not_picked":["Corruption","Clothesline","Perfected Strike"],"picked":"Twin Strike","floor":12.0},{"not_picked":["Heavy Blade","Cleave","Flex"],"picked":"Ghostly Armor","floor":13.0},{"not_picked":["Offering","Perfected Strike","Uppercut"],"picked":"Body Slam","floor":14.0},{"not_picked":["Limit Break","Exhume","Double Tap"],"picked":"Juggernaut","floor":16.0},{"not_picked":["Shockwave","Flex","Armaments"],"picked":"Thunderclap+1","floor":18.0},{"not_picked":["Uppercut","Clothesline","Burning Pact","Twin Strike+1"],"picked":"SKIP","floor":19.0},{"not_picked":["Sword Boomerang","Bludgeon","Headbutt"],"picked":"Iron Wave","floor":22.0},{"not_picked":["Hemokinesis","Immolate","Berserk"],"picked":"Shrug It Off","floor":24.0},{"not_picked":["Reckless Charge","Anger+1","Sever Soul"],"picked":"Iron Wave+1","floor":27.0},{"not_picked":["Headbutt","Feed","Clash"],"picked":"Reaper","floor":29.0},{"not_picked":["Thunderclap","Warcry+1","Flex"],"picked":"Whirlwind+1","floor":31.0},{"not_picked":["Impervious","Bludgeon","Feed"],"picked":"Demon Form","floor":33.0},{"not_picked":["Headbutt+1","Clash","Havoc+1","Burning Pact"],"picked":"SKIP","floor":35.0},{"not_picked":["Bloodletting+1","Exhume","Pummel+1","Shockwave+1"],"picked":"SKIP","floor":39.0},{"not_picked":["Whirlwind+1","Intimidate","Thunderclap+1","Pommel Strike+1"],"picked":"SKIP","floor":40.0},{"not_picked":["True Grit+1","Perfected Strike+1","Pummel","Thunderclap"],"picked":"SKIP","floor":41.0},{"not_picked":["Rupture+1","Thunderclap+1","Dropkick","Intimidate"],"picked":"SKIP","floor":42.0},{"not_picked":["Searing Blow+1","Anger+1","Hemokinesis","Rupture"],"picked":"SKIP","floor":44.0}],"player_experience":364311,"relics_obtained":[{"floor":7.0,"key":"War Paint"},{"floor":9.0,"key":"Question Card"},{"floor":14.0,"key":"Strawberry"},{"floor":24.0,"key":"Magic Flower"},{"floor":29.0,"key":"Tiny Chest"},{"floor":37.0,"key":"Darkstone Periapt"},{"floor":40.0,"key":"Bronze Scales"},{"floor":43.0,"key":"Gremlin Horn"}],"event_choices":[{"damage_healed":0.0,"max_hp_gain":0.0,"max_hp_loss":0.0,"gold_gain":0.0,"event_name":"Scrap Ooze","player_choice":"Success","floor":3.0,"gold_loss":0.0,"damage_taken":25.0,"relics_obtained":["Dream Catcher"]},{"damage_healed":0.0,"max_hp_gain":0.0,"max_hp_loss":0.0,"gold_gain":100.0,"event_name":"Golden Shrine","player_choice":"Pray","floor":10.0,"gold_loss":0.0,"damage_taken":0.0},{"damage_healed":0.0,"max_hp_gain":0.0,"max_hp_loss":0.0,"gold_gain":0.0,"event_name":"Lab","player_choice":"Got Potions","floor":21.0,"gold_loss":0.0,"damage_taken":0.0},{"damage_healed":0.0,"max_hp_gain":0.0,"max_hp_loss":0.0,"gold_gain":0.0,"event_name":"Mysterious Sphere","player_choice":"Ignored","floor":45.0,"gold_loss":0.0,"damage_taken":0.0}],"is_beta":false,"boss_relics":[{"not_picked":["Ectoplasm","Runic Cube"],"picked":"Sozu"},{"not_picked":["Fusion Hammer","Mark of Pain"],"picked":"Astrolabe"}],"items_purged_floors":[],"is_endless":false,"potions_floor_spawned":[2,11,12,14,16,18,27,29,31,35],"killed_by":"Giant Head","ascension_level":0}