{"gold_per_floor":[117,117,134,150,165,165,145,164,191,201,216,244,264,281,281,385,385,399,324,424,444,139,139],"floor_reached":23,"playtime":2190,"items_purged":["Strike_B","Stack"],"score":197,"play_id":"dbb64527-1e21-40b5-b8e5-0a49a1a1c3d7","local_time":"20190330031738","is_ascension_mode":false,"campfire_choices":[{"data":"Static Discharge","floor":6,"key":"SMITH"},{"floor":15,"key":"REST"}],"neow_cost":"NONE","seed_source_timestamp":66401500580414,"circlet_count":0,"master_deck":["Strike_B","Strike_B","Strike_B","Defend_B","Defend_B","Defend_B","Defend_B","Zap+1","Dualcast","Finesse","Capacitor","Melter","Static Discharge+1","Consume","Loop","Tempest","Defragment","Rainbow","Static Discharge+1"],"relics":["Cracked Core","Ancient Tea Set","Runic Pyramid","Unceasing Top","Shuriken","Sling"],"potions_floor_usage":[12,12,12,16,18],"damage_taken":[{"damage":6,"enemies":"Jaw Worm","floor":1,"turns":3},{"damage":0,"enemies":"Cultist","floor":3,"turns":2},{"damage":0,"enemies":"Small Slimes","floor":4,"turns":3},{"damage":13,"enemies":"Red Slaver","floor":5,"turns":3},{"damage":4,"enemies":"2 Fungi Beasts","floor":8,"turns":3},{"damage":11,"enemies":"Large Slime","floor":10,"turns":4},{"damage":0,"enemies":"3 Louse","floor":11,"turns":1},{"damage":4,"enemies":"Lagavulin","floor":12,"turns":4},{"damage":21,"enemies":"Exordium Wildlife","floor":13,"turns":5},{"damage":11,"enemies":"Blue Slaver","floor":14,"turns":2},{"damage":20,"enemies":"Hexaghost","floor":16,"turns":7},{"damage":0,"enemies":"Spheric Guardian","floor":18,"turns":2},{"damage":23,"enemies":"Colosseum Slavers","floor":20,"turns":3},{"damage":21,"enemies":"Colosseum Nobs","floor":20,"turns":2},{"damage":28,"enemies":"Shell Parasite","floor":21,"turns":4},{"damage":0,"enemies":"Centurion and Healer","floor":23,"turns":1}],"seed_played":"-451921403756260429","potions_obtained":[{"floor":1,"key":"Strength Potion"},{"floor":5,"key":"Poison Potion"},{"floor":7,"key":"Fire Potion"},{"floor":11,"key":"LiquidBronze"},{"floor":12,"key":"GamblersBrew"},{"floor":13,"key":"PowerPotion"},{"floor":21,"key":"AttackPotion"}],"is_trial":false,"path_per_floor":["M","?","M","M","M","R","?","M","T","M","M","E","M","M","R","B",null,"M","$","?","M","$","M"],"character_chosen":"DEFECT","items_purchased":["Sling"],"campfire_rested":1,"item_purchase_floors":[22],"current_hp_per_floor":[69,69,69,69,56,56,56,52,52,41,41,37,16,5,27,7,75,75,75,31,3,3,3],"gold":139,"neow_bonus":"RANDOM_COLORLESS","is_prod":false,"is_daily":false,"chose_seed":false,"campfire_upgraded":1,"win_rate":0,"timestamp":1553930258,"path_taken":["M","?","M","?","M","R","?","M","T","M","M","E","M","M","R","BOSS","M","?","?","M","$","M"],"build_version":"2019-01-23","purchased_purges":2,"victory":false,"max_hp_per_floor":[75,75,75,75,75,75,75,75,75,75,75,75,75,75,75,75,75,75,75,75,75,75,75],"card_choices":[{"not_picked":["Cold Snap","Sweeping Beam"],"picked":"Capacitor","floor":1},{"not_picked":["Turbo","Heatsinks"],"picked":"Stack","floor":3},{"not_picked":["Capacitor","Hologram"],"picked":"Melter","floor":4},{"not_picked":["Redo","Capacitor"],"picked":"Static Discharge","floor":5},{"not_picked":["Redo","Meteor Strike"],"picked":"Consume","floor":8},{"not_picked":["Leap","Turbo","Force Field"],"picked":"SKIP","floor":10},{"not_picked":["Hologram","Steam"],"picked":"Loop","floor":11},{"not_picked":["Compile Driver","Steam Power"],"picked":"Tempest","floor":12},{"not_picked":["Conserve Battery","Streamline"],"picked":"Defragment","floor":13},{"not_picked":["Core Surge","Hello World","Recycle"],"picked":"SKIP","floor":14},{"not_picked":["All For One","Fission"],"picked":"Rainbow","floor":16},{"not_picked":["BootSequence","Streamline+1"],"picked":"Static Discharge+1","floor":18},{"not_picked":["Capacitor+1","Skim+1","Gash"],"picked":"SKIP","floor":21},{"not_picked":["Capacitor+1","Skim+1","Gash"],"picked":"SKIP","floor":21},{"not_picked":["Capacitor+1","Skim+1","Gash"],"picked":"SKIP","floor":21}],"player_experience":63562,"relics_obtained":[{"floor":12,"key":"Ancient Tea Set"},{"floor":20,"key":"Unceasing Top"},{"floor":20,"key":"Shuriken"}],"event_choices":[{"damage_healed":0,"gold_gain":0,"player_choice":"Forge","damage_taken":0,"max_hp_gain":0,"max_hp_loss":0,"event_name":"Accursed Blacksmith","floor":2,"gold_loss":0,"cards_upgraded":["Zap"]},{"damage_healed":0,"gold_gain":0,"player_choice":"Bought 1 Potion","damage_taken":0,"max_hp_gain":0,"max_hp_loss":0,"event_name":"The Woman in Blue","floor":7,"gold_loss":0},{"damage_healed":0,"gold_gain":0,"player_choice":"Fight","damage_taken":0,"max_hp_gain":0,"max_hp_loss":0,"event_name":"Colosseum","floor":20,"gold_loss":0},{"damage_healed":0,"gold_gain":0,"player_choice":"Fought Nobs","damage_taken":0,"max_hp_gain":0,"max_hp_loss":0,"event_name":"Colosseum","floor":20,"gold_loss":0}],"is_beta":false,"boss_relics":[{"not_picked":["Sozu","Coffee Dripper"],"picked":"Runic Pyramid"}],"items_purged_floors":[19,22],"is_endless":false,"potions_floor_spawned":[1,5,11,12,13,21],"killed_by":"Centurion and Healer","ascension_level":0}