{"gold_per_floor":[116,116,116,116,141,173,173,138,138,152,152,168,69,98,98,199,199,211,226,239,31,50,50,62,75,98,14,47,65,88,188,188,292,292,310,327,327,10,10,10,110,128,154,154,173,187,187,200,200,200],"floor_reached":51,"playtime":2755,"items_purged":["Strike_B","Regret","Clumsy"],"score":652,"play_id":"be3e90e5-94bf-49d5-97e0-2a887bafbea1","local_time":"20181108182824","is_ascension_mode":false,"campfire_choices":[{"floor":7,"key":"REST"},{"floor":15,"key":"REST"},{"floor":23,"key":"REST"},{"floor":32,"key":"REST"},{"data":"Machine Learning","floor":40,"key":"SMITH"},{"data":"Shame","floor":47,"key":"PURGE"},{"data":"Defend_B","floor":49,"key":"PURGE"}],"neow_cost":"PERCENT_DAMAGE","seed_source_timestamp":342472555328641,"circlet_count":0,"master_deck":["Strike_B","Defend_B","Defend_B","Zap","Dualcast","Ball Lightning","Sweeping Beam","Double Energy","Genetic Algorithm","Cold Snap","Electrodynamics","Reinforced Body+1","Leap","Self Repair","Leap+1","Machine Learning+1","Defragment+1","Master of Strategy+1","Good Instincts+1","Apotheosis+1","Capacitor","Coolheaded+1","Madness+1","Madness+1","Streamline+1"],"relics":["Cracked Core","Juzu Bracelet","Bird Faced Urn","Ornamental Fan","Dodecahedron","Incense Burner","Cursed Key","Membership Card","Dream Catcher","Torii","Ancient Tea Set","Ginger","Toxic Egg 2","White Beast Statue","Shuriken","Peace Pipe","Bag of Marbles"],"potions_floor_usage":[28,29,31,45,50],"damage_taken":[{"damage":3,"enemies":"Jaw Worm","floor":1,"turns":3},{"damage":23,"enemies":"Gremlin Nob","floor":6,"turns":4},{"damage":1,"enemies":"2 Louse","floor":10,"turns":2},{"damage":15,"enemies":"Small Slimes","floor":12,"turns":2},{"damage":23,"enemies":"Lagavulin","floor":14,"turns":6},{"damage":6,"enemies":"Slime Boss","floor":16,"turns":10},{"damage":0,"enemies":"Chosen","floor":18,"turns":4},{"damage":21,"enemies":"2 Thieves","floor":19,"turns":3},{"damage":12,"enemies":"Shelled Parasite and Fungi","floor":20,"turns":5},{"damage":24,"enemies":"Snake Plant","floor":22,"turns":5},{"damage":3,"enemies":"3 Cultists","floor":24,"turns":3},{"damage":10,"enemies":"Cultist and Chosen","floor":25,"turns":6},{"damage":12,"enemies":"Slavers","floor":28,"turns":4},{"damage":11,"enemies":"Shelled Parasite and Fungi","floor":29,"turns":7},{"damage":1,"enemies":"Colosseum Slavers","floor":31,"turns":4},{"damage":35,"enemies":"Colosseum Nobs","floor":31,"turns":6},{"damage":31,"enemies":"Collector","floor":33,"turns":13},{"damage":10,"enemies":"3 Shapes","floor":35,"turns":2},{"damage":10,"enemies":"Orb Walker","floor":36,"turns":4},{"damage":4,"enemies":"Mind Bloom Boss Battle","floor":41,"turns":7},{"damage":1,"enemies":"Writhing Mass","floor":42,"turns":7},{"damage":11,"enemies":"4 Shapes","floor":45,"turns":4},{"damage":0,"enemies":"Jaw Worm Horde","floor":46,"turns":3},{"damage":1,"enemies":"3 Darklings","floor":48,"turns":3},{"damage":16,"enemies":"Awakened One","floor":50,"turns":15}],"seed_played":"-6308091799722764345","potions_obtained":[{"floor":1,"key":"SpeedPotion"},{"floor":16,"key":"Fire Potion"},{"floor":19,"key":"EssenceOfSteel"},{"floor":25,"key":"SkillPotion"},{"floor":31,"key":"Energy Potion"},{"floor":35,"key":"FocusPotion"},{"floor":36,"key":"Block Potion"},{"floor":41,"key":"Fire Potion"},{"floor":45,"key":"AttackPotion"}],"is_trial":false,"path_per_floor":["M","?","?","?","T","E","R","?","T","M","?","M","$","E","R","B",null,"M","M","M","$","M","R","M","M","T","$","E","M","T","?","R","B",null,"M","M","?","$","?","R","?","M","T","?","M","M","R","M","R","B",null],"character_chosen":"DEFECT","items_purchased":["Cold Snap","Membership Card","Self Repair","Apotheosis+1","Capacitor","Shuriken"],"campfire_rested":4,"item_purchase_floors":[13,21,27,38,38,38],"current_hp_per_floor":[51,51,51,51,51,28,50,68,68,67,67,52,52,29,51,45,75,75,56,46,46,24,46,45,37,37,37,36,36,36,22,44,24,75,67,68,63,63,63,63,75,75,75,66,75,75,75,75,75,75],"gold":200,"neow_bonus":"REMOVE_TWO","is_prod":false,"is_daily":false,"chose_seed":false,"campfire_upgraded":1,"win_rate":0.0,"timestamp":1541701704,"path_taken":["M","?","?","?","?","E","R","?","T","M","?","M","?","E","R","BOSS","M","M","M","$","M","R","M","M","T","$","E","M","?","?","R","BOSS","M","M","?","$","?","R","?","M","T","?","M","M","R","M","R","BOSS"],"build_version":"2018-11-07","purchased_purges":3,"victory":true,"max_hp_per_floor":[75,75,75,75,75,75,75,75,75,75,75,75,75,75,75,75,75,75,75,75,75,75,75,75,75,75,75,75,75,75,75,75,75,75,75,75,75,75,75,75,75,75,75,75,75,75,75,75,75,75],"card_choices":[{"not_picked":["Doom and Gloom","Beam Cell"],"picked":"Ball Lightning","floor":1},{"not_picked":["Auto Shields","Buffer"],"picked":"Sweeping Beam","floor":6},{"not_picked":["Beam Cell","Force Field"],"picked":"Double Energy","floor":10},{"not_picked":["Rip and Tear","BootSequence"],"picked":"Genetic Algorithm","floor":12},{"not_picked":["Tempest","Melter","Genetic Algorithm"],"picked":"SKIP","floor":14},{"not_picked":["Multi-Cast","Fission"],"picked":"Electrodynamics","floor":16},{"not_picked":["Gash","Fusion+1","Darkness+1"],"picked":"SKIP","floor":18},{"not_picked":["Hologram","Genetic Algorithm","Stack+1"],"picked":"SKIP","floor":19},{"not_picked":["Fusion","Coolheaded"],"picked":"Reinforced Body+1","floor":20},{"not_picked":["Beam Cell","Force Field","Thunder Strike"],"picked":"SKIP","floor":22},{"not_picked":["Hologram","Beam Cell+1"],"picked":"Leap","floor":24},{"not_picked":["Melter","Stack","Beam Cell"],"picked":"SKIP","floor":25},{"not_picked":["Consume","Storm","Blizzard"],"picked":"SKIP","floor":28},{"not_picked":["Beam Cell+1","Redo","Lockon"],"picked":"SKIP","floor":29},{"not_picked":["Gash+1","Compile Driver"],"picked":"Leap+1","floor":31},{"not_picked":["Multi-Cast+1","Biased Cognition"],"picked":"Machine Learning","floor":33},{"not_picked":["Go for the Eyes+1","Rip and Tear"],"picked":"Defragment+1","floor":35},{"not_picked":["Sweeping Beam","Leap+1","Ball Lightning"],"picked":"SKIP","floor":36},{"not_picked":["Flash of Steel","Dramatic Entrance"],"picked":"Master of Strategy+1","floor":37},{"not_picked":["Swift Strike","PanicButton+1"],"picked":"Good Instincts+1","floor":37},{"not_picked":["Steam+1","Conserve Battery+1"],"picked":"Coolheaded+1","floor":41},{"not_picked":["Beam Cell","Lockon","Leap+1"],"picked":"SKIP","floor":42},{"not_picked":["Lockon+1","Stack+1"],"picked":"Streamline+1","floor":45},{"not_picked":["Stack+1","Coolheaded+1","Ball Lightning+1"],"picked":"SKIP","floor":46},{"not_picked":["Stack+1","Coolheaded+1","Ball Lightning+1"],"picked":"SKIP","floor":46},{"not_picked":["Compile Driver","Chaos+1","Hologram+1"],"picked":"SKIP","floor":48}],"player_experience":162353,"relics_obtained":[{"floor":5,"key":"Juzu Bracelet"},{"floor":6,"key":"Bird Faced Urn"},{"floor":9,"key":"Ornamental Fan"},{"floor":11,"key":"Dodecahedron"},{"floor":14,"key":"Incense Burner"},{"floor":26,"key":"Dream Catcher"},{"floor":28,"key":"Torii"},{"floor":30,"key":"Ancient Tea Set"},{"floor":31,"key":"Ginger"},{"floor":31,"key":"Toxic Egg 2"},{"floor":41,"key":"Peace Pipe"},{"floor":43,"key":"Bag of Marbles"}],"event_choices":[{"damage_healed":0,"gold_gain":0,"player_choice":"Ignored","damage_taken":0,"max_hp_gain":0,"max_hp_loss":0,"event_name":"Golden Wing","floor":2,"gold_loss":0},{"damage_healed":0,"gold_gain":0,"player_choice":"Ignored","damage_taken":0,"max_hp_gain":0,"max_hp_loss":0,"event_name":"Liars Game","floor":3,"gold_loss":0},{"damage_healed":0,"gold_gain":0,"player_choice":"Ignored","damage_taken":0,"max_hp_gain":0,"max_hp_loss":0,"event_name":"Shining Light","floor":4,"gold_loss":0},{"damage_healed":18,"gold_gain":0,"player_choice":"Healed","damage_taken":0,"max_hp_gain":0,"max_hp_loss":0,"event_name":"The Cleric","floor":8,"gold_loss":35},{"damage_healed":0,"gold_gain":0,"player_choice":"Relic","damage_taken":0,"max_hp_gain":0,"max_hp_loss":0,"event_name":"Wheel of Change","floor":11,"gold_loss":0},{"damage_healed":0,"gold_gain":0,"player_choice":"Fight","damage_taken":0,"max_hp_gain":0,"max_hp_loss":0,"event_name":"Colosseum","floor":31,"gold_loss":0},{"damage_healed":0,"gold_gain":0,"player_choice":"Fought Nobs","damage_taken":0,"max_hp_gain":0,"max_hp_loss":0,"event_name":"Colosseum","floor":31,"gold_loss":0},{"damage_healed":0,"gold_gain":0,"player_choice":"Memory 2","damage_taken":5,"max_hp_gain":0,"max_hp_loss":0,"event_name":"SensoryStone","floor":37,"gold_loss":0},{"cards_removed":["Strike_B"],"damage_healed":0,"gold_gain":0,"player_choice":"Removed Attack","damage_taken":0,"max_hp_gain":0,"max_hp_loss":0,"event_name":"Falling","floor":39,"gold_loss":0},{"damage_healed":0,"gold_gain":0,"player_choice":"Fight","damage_taken":0,"max_hp_gain":0,"max_hp_loss":0,"event_name":"MindBloom","floor":41,"gold_loss":0},{"damage_healed":0,"gold_gain":0,"player_choice":"Embrace Madness","damage_taken":9,"max_hp_gain":0,"max_hp_loss":0,"event_name":"Winding Halls","floor":44,"gold_loss":0,"cards_obtained":["Madness","Madness"]}],"is_beta":true,"boss_relics":[{"not_picked":["Tiny House","Nuclear Battery"],"picked":"Cursed Key"},{"not_picked":["Lizard Tail","Eternal Feather"],"picked":"White Beast Statue"}],"items_purged_floors":[13,27,38],"is_endless":false,"potions_floor_spawned":[1,16,19,20,25,31,35,36,41,42,45,46,48],"ascension_level":0}