{"gold_per_floor":[113,113,63,74,84,84,99,19,19,348,366,366,400,48,48,122,122,133,150,164,9,21,48,48,48,48,65,65,65],"floor_reached":29,"playtime":1827,"items_purged":["Strike_G"],"score":462,"play_id":"69f5fa8e-557a-4a4d-8f93-2d74aeecf9bd","local_time":"20190419182806","is_ascension_mode":true,"campfire_choices":[{"data":"Footwork","floor":6.0,"key":"SMITH"},{"data":"Cloak And Dagger","floor":12.0,"key":"SMITH"},{"data":"Sucker Punch","floor":15.0,"key":"SMITH"},{"floor":25,"key":"REST"}],"neow_cost":"NONE","seed_source_timestamp":852590912084324,"circlet_count":0,"master_deck":["AscendersBane","Defend_G+1","Defend_G","Defend_G","Defend_G","Strike_G","Strike_G","Strike_G","Strike_G+1","Survivor","Neutralize","Backstab","Footwork+1","Cloak And Dagger+1","Footwork","Escape Plan","Dagger Spray","Sucker Punch+1","Terror","Escape Plan","After Image","Prepared","Prepared","Accuracy","Dash","Dagger Spray+1"],"special_seed":0,"relics":["Ring of the Snake","Happy Flower","FossilizedHelix","Old Coin","Ornamental Fan","Bottled Flame","WristBlade","Smiling Mask","Strawberry","MutagenicStrength"],"potions_floor_usage":[16,16,20],"damage_taken":[{"damage":0.0,"enemies":"2 Louse","floor":1.0,"turns":4.0},{"damage":1.0,"enemies":"Small Slimes","floor":4.0,"turns":2.0},{"damage":0.0,"enemies":"Jaw Worm","floor":5.0,"turns":3.0},{"damage":0.0,"enemies":"Blue Slaver","floor":7.0,"turns":5.0},{"damage":28.0,"enemies":"Gremlin Nob","floor":10.0,"turns":6.0},{"damage":0.0,"enemies":"3 Louse","floor":11.0,"turns":5.0},{"damage":0.0,"enemies":"Lagavulin","floor":13.0,"turns":8.0},{"damage":1,"enemies":"The Guardian","floor":16,"turns":11},{"damage":0,"enemies":"Shell Parasite","floor":18,"turns":6},{"damage":12,"enemies":"2 Thieves","floor":19,"turns":5},{"damage":0,"enemies":"Sentry and Sphere","floor":20,"turns":6},{"damage":3,"enemies":"Centurion and Healer","floor":22,"turns":11},{"damage":24,"enemies":"Book of Stabbing","floor":23,"turns":7},{"damage":17,"enemies":"Cultist and Chosen","floor":27,"turns":8},{"damage":10,"enemies":"Gremlin Leader","floor":29,"turns":8}],"seed_played":"-3827112651982362486","potions_obtained":[{"floor":1.0,"key":"Energy Potion"},{"floor":10.0,"key":"GhostInAJar"},{"floor":11.0,"key":"Dexterity Potion"},{"floor":18,"key":"Dexterity Potion"},{"floor":19,"key":"AttackPotion"},{"floor":22,"key":"Dexterity Potion"}],"is_trial":false,"path_per_floor":["M","?","?","M","M","R","M","$","T","E","M","R","E","$","R","B",null,"M","M","M","$","M","E","?","R","T","M","?","E"],"character_chosen":"THE_SILENT","items_purchased":["Footwork","Bottled Flame","Terror","Escape Plan","Accuracy"],"campfire_rested":1,"item_purchase_floors":[8,14,14,14,21],"current_hp_per_floor":[63,49,49,48,48,48,48,48,48,20,20,20,20,20,20,19,57,57,45,45,45,42,18,5,27,34,17,17,7],"gold":65,"neow_bonus":"RANDOM_COMMON_RELIC","is_prod":false,"is_daily":false,"chose_seed":false,"campfire_upgraded":3,"win_rate":0,"timestamp":1555723686,"path_taken":["M","?","?","M","M","R","M","?","T","E","M","R","E","$","R","BOSS","M","M","M","$","M","E","?","R","T","M","?","E"],"build_version":"2019-01-23","purchased_purges":1,"victory":false,"max_hp_per_floor":[70,70,70,70,70,70,70,70,70,70,70,70,70,70,70,70,70,70,70,70,70,70,70,75,75,82,82,82,82],"card_choices":[{"not_picked":["Slice","Dodge and Roll"],"picked":"Backstab","floor":1.0},{"not_picked":["Prepared","PiercingWail"],"picked":"Footwork","floor":4.0},{"not_picked":["Riddle With Holes","Outmaneuver"],"picked":"Cloak And Dagger","floor":5.0},{"not_picked":["Catalyst","Acrobatics","PiercingWail"],"picked":"SKIP","floor":7.0},{"not_picked":["Flying Knee","Bullet Time"],"picked":"Escape Plan","floor":10.0},{"not_picked":["Caltrops","Escape Plan"],"picked":"Dagger Spray","floor":11.0},{"not_picked":["Slice","Backstab"],"picked":"Sucker Punch","floor":13.0},{"not_picked":["Envenom","Tools of the Trade"],"picked":"After Image","floor":16},{"not_picked":["Quick Slash","PiercingWail+1","Sucker Punch"],"picked":"SKIP","floor":18},{"not_picked":["Dagger Spray","Concentrate"],"picked":"Prepared","floor":19},{"not_picked":["Dagger Spray","Acrobatics"],"picked":"Prepared","floor":20},{"not_picked":["Concentrate","Acrobatics","Catalyst"],"picked":"SKIP","floor":22},{"not_picked":["Prepared","Bouncing Flask"],"picked":"Dash","floor":23},{"not_picked":["Prepared","Unload"],"picked":"Dagger Spray+1","floor":27}],"player_experience":463981,"relics_obtained":[{"floor":9.0,"key":"FossilizedHelix"},{"floor":10.0,"key":"Old Coin"},{"floor":13.0,"key":"Ornamental Fan"},{"floor":23,"key":"Smiling Mask"},{"floor":26,"key":"Strawberry"}],"event_choices":[{"damage_healed":0.0,"max_hp_gain":0.0,"max_hp_loss":0.0,"gold_gain":0.0,"event_name":"Shining Light","player_choice":"Entered Light","floor":2.0,"gold_loss":0.0,"damage_taken":14.0,"cards_upgraded":["Strike_G","Defend_G"]},{"cards_removed":["Defend_G"],"damage_healed":0.0,"max_hp_gain":0.0,"max_hp_loss":0.0,"gold_gain":0.0,"event_name":"The Cleric","player_choice":"Card Removal","floor":3.0,"gold_loss":50.0,"damage_taken":0.0},{"damage_healed":0,"gold_gain":0,"player_choice":"Shed Blood","damage_taken":18,"max_hp_gain":5,"max_hp_loss":0,"event_name":"Forgotten Altar","floor":24,"gold_loss":0},{"damage_healed":0,"gold_gain":0,"player_choice":"Inject Mutagens","damage_taken":0,"relics_obtained":["MutagenicStrength"],"max_hp_gain":0,"max_hp_loss":0,"event_name":"Drug Dealer","floor":28,"gold_loss":0}],"is_beta":false,"boss_relics":[{"not_picked":["Philosopher\u0027s Stone","Lizard Tail"],"picked":"WristBlade"}],"items_purged_floors":[21],"is_endless":false,"potions_floor_spawned":[1,10,11,13,18,19,22,27],"killed_by":"Gremlin Leader","ascension_level":13}