{"gold_per_floor":[119,134,59,69,84,84,119,119,119,136,163,181,181,201,201,278,278],"floor_reached":17,"playtime":795,"items_purged":[],"score":338,"play_id":"dbe3c677-e45d-4eeb-9477-a17d33c878cc","local_time":"20190404113112","is_ascension_mode":true,"campfire_choices":[{"data":"Skewer","floor":6.0,"key":"SMITH"},{"data":"Terror","floor":8.0,"key":"SMITH"},{"data":"Strike_G","floor":13.0,"key":"PURGE"},{"data":"Strike_G","floor":15.0,"key":"PURGE"}],"neow_cost":"NONE","seed_source_timestamp":0,"circlet_count":0,"master_deck":["AscendersBane","Defend_G","Defend_G","Defend_G","Defend_G","Defend_G","Strike_G","Strike_G","Survivor","Neutralize","Terror+1","Flying Knee","Skewer+1","Sucker Punch","Dodge and Roll","Dagger Throw","Well Laid Plans","Quick Slash","Deadly Poison","Malaise"],"special_seed":0,"relics":["Coffee Dripper","Dodecahedron","Peace Pipe","Bird Faced Urn","Velvet Choker"],"potions_floor_usage":[],"damage_taken":[{"damage":0.0,"enemies":"Small Slimes","floor":1.0,"turns":4.0},{"damage":1.0,"enemies":"2 Louse","floor":2.0,"turns":3.0},{"damage":0.0,"enemies":"Cultist","floor":4.0,"turns":4.0},{"damage":4.0,"enemies":"3 Louse","floor":5.0,"turns":5.0},{"damage":8.0,"enemies":"Gremlin Nob","floor":7.0,"turns":3.0},{"damage":2.0,"enemies":"Gremlin Gang","floor":10.0,"turns":4.0},{"damage":11.0,"enemies":"Lagavulin","floor":11.0,"turns":7.0},{"damage":3.0,"enemies":"Exordium Thugs","floor":12.0,"turns":5.0},{"damage":13.0,"enemies":"3 Louse","floor":14.0,"turns":4.0},{"damage":20.0,"enemies":"The Guardian","floor":16.0,"turns":11.0}],"seed_played":"6509247549073470833","potions_obtained":[{"floor":4.0,"key":"EntropicBrew"},{"floor":5.0,"key":"Poison Potion"},{"floor":7.0,"key":"AttackPotion"},{"floor":10.0,"key":"Block Potion"},{"floor":12.0,"key":"Weak Potion"}],"is_trial":false,"path_per_floor":["M","M","?","M","M","R","E","R","T","M","E","M","R","M","R","B",null],"character_chosen":"THE_SILENT","items_purchased":[],"campfire_rested":0,"item_purchase_floors":[],"current_hp_per_floor":[59,58,58,58,54,54,46,46,46,44,33,32,32,21,21,3,50],"gold":278,"neow_bonus":"BOSS_RELIC","is_prod":false,"is_daily":false,"chose_seed":false,"campfire_upgraded":2,"win_rate":0,"timestamp":1554373872,"path_taken":["M","M","?","M","M","R","E","R","T","M","E","M","R","M","R","BOSS"],"build_version":"2019-01-23","purchased_purges":0,"victory":false,"max_hp_per_floor":[66,66,66,66,66,66,66,66,66,66,66,66,66,66,66,66,66],"card_choices":[{"not_picked":["Backflip","Acrobatics"],"picked":"Terror","floor":1.0},{"not_picked":["Riddle With Holes","Setup"],"picked":"Flying Knee","floor":2.0},{"not_picked":["Well Laid Plans","PiercingWail"],"picked":"Skewer","floor":4.0},{"not_picked":["Outmaneuver","Tactician"],"picked":"Sucker Punch","floor":5.0},{"not_picked":["Terror","Crippling Poison"],"picked":"Dodge and Roll","floor":7.0},{"not_picked":["Slice","Accuracy"],"picked":"Dagger Throw","floor":10.0},{"not_picked":["Dodge and Roll","Choke"],"picked":"Well Laid Plans","floor":11.0},{"not_picked":["Dagger Throw","Underhanded Strike"],"picked":"Quick Slash","floor":12.0},{"not_picked":["Cloak And Dagger","Bouncing Flask"],"picked":"Deadly Poison","floor":14.0},{"not_picked":["Envenom","After Image"],"picked":"Malaise","floor":16.0}],"player_experience":1288187,"relics_obtained":[{"floor":7.0,"key":"Dodecahedron"},{"floor":9.0,"key":"Peace Pipe"},{"floor":11.0,"key":"Bird Faced Urn"}],"event_choices":[{"cards_removed":["Strike_G"],"damage_healed":0.0,"max_hp_gain":0.0,"max_hp_loss":0.0,"gold_gain":0.0,"event_name":"The Cleric","player_choice":"Card Removal","floor":3.0,"gold_loss":75.0,"damage_taken":0.0}],"is_beta":false,"boss_relics":[{"not_picked":["Fusion Hammer","HoveringKite"],"picked":"Velvet Choker"}],"items_purged_floors":[],"is_endless":false,"potions_floor_spawned":[4,5,7,10,12],"ascension_level":20}