{"gold_per_floor":[116,14,14,24,38,68,68,80,80,80,110,129,129,149,149,248,248,260,276,288,388,403,403,435,446,446,446],"floor_reached":27,"playtime":1357,"items_purged":["Strike_B"],"score":249,"play_id":"aa84ca16-6d08-4f27-a7f6-29125c971588","local_time":"20181120211712","is_ascension_mode":true,"campfire_choices":[{"floor":7,"key":"REST"},{"data":"Coolheaded","floor":10,"key":"SMITH"},{"data":"Dualcast","floor":15,"key":"SMITH"},{"floor":23,"key":"REST"}],"neow_cost":"NONE","seed_source_timestamp":203845909194411,"circlet_count":0,"master_deck":["Strike_B","Strike_B","Defend_B","Defend_B","Defend_B","Defend_B","Zap","Dualcast+1","Creative AI+1","Gash","Coolheaded+1","Gash","Ball Lightning","Force Field","Leap+1","Electrodynamics","Gash+1","Chaos+1","Sweeping Beam+1"],"relics":["Cracked Core","The Courier","Busted Crown","War Paint","Mercury Hourglass"],"potions_floor_usage":[16,19,22,24,27],"damage_taken":[{"damage":2,"enemies":"Small Slimes","floor":1,"turns":4},{"damage":1,"enemies":"Cultist","floor":4,"turns":4},{"damage":11,"enemies":"Jaw Worm","floor":5,"turns":3},{"damage":26,"enemies":"Gremlin Nob","floor":6,"turns":4},{"damage":13,"enemies":"2 Fungi Beasts","floor":8,"turns":4},{"damage":0,"enemies":"Large Slime","floor":12,"turns":3},{"damage":11,"enemies":"Gremlin Gang","floor":14,"turns":4},{"damage":32,"enemies":"Slime Boss","floor":16,"turns":11},{"damage":16,"enemies":"2 Thieves","floor":18,"turns":3},{"damage":3,"enemies":"Chosen","floor":19,"turns":4},{"damage":9,"enemies":"Sentry and Sphere","floor":20,"turns":4},{"damage":8,"enemies":"Snecko","floor":22,"turns":5},{"damage":39,"enemies":"Book of Stabbing","floor":24,"turns":6},{"damage":6,"enemies":"3 Cultists","floor":25,"turns":3},{"damage":23,"enemies":"Slavers","floor":27,"turns":1}],"seed_played":"-2926340094396023235","potions_obtained":[{"floor":6,"key":"GamblersBrew"},{"floor":14,"key":"PowerPotion"},{"floor":16,"key":"LiquidBronze"},{"floor":19,"key":"Ancient Potion"},{"floor":22,"key":"Fruit Juice"},{"floor":25,"key":"FocusPotion"}],"is_trial":false,"path_per_floor":["M","$","?","M","M","E","R","M","T","R","?","M","?","M","R","B",null,"M","M","M","?","M","R","E","M","T","E"],"character_chosen":"DEFECT","items_purchased":["Coolheaded"],"campfire_rested":2,"item_purchase_floors":[2],"current_hp_per_floor":[73,73,73,72,61,35,57,44,44,44,44,44,44,33,33,1,75,59,56,47,47,44,68,29,23,23,0],"gold":446,"neow_bonus":"ONE_RANDOM_RARE_CARD","is_prod":false,"is_daily":false,"chose_seed":false,"campfire_upgraded":2,"win_rate":0,"timestamp":1542748632,"path_taken":["M","$","?","?","M","E","R","M","T","R","?","M","?","M","R","BOSS","M","M","M","?","M","R","E","M","T","E"],"build_version":"2018-11-15","purchased_purges":1,"victory":false,"max_hp_per_floor":[75,75,75,75,75,75,75,75,75,75,75,75,75,75,75,75,75,75,75,75,75,80,80,80,80,80,80],"card_choices":[{"not_picked":["Doom and Gloom","Streamline"],"picked":"Gash","floor":1},{"not_picked":["Sunder","Turbo"],"picked":"Gash","floor":4},{"not_picked":["Lockon","Doom and Gloom"],"picked":"Ball Lightning","floor":5},{"not_picked":["Hologram","Stack"],"picked":"Force Field","floor":6},{"not_picked":["Ball Lightning","Compile Driver","Rebound"],"picked":"SKIP","floor":8},{"not_picked":["Go for the Eyes","Steam Power","Stack"],"picked":"SKIP","floor":12},{"not_picked":["Cold Snap","Creative AI"],"picked":"Leap","floor":14},{"not_picked":["Creative AI","All For One"],"picked":"Electrodynamics","floor":16},{"not_picked":[],"picked":"Gash+1","floor":18},{"not_picked":["Turbo"],"picked":"SKIP","floor":19},{"not_picked":[],"picked":"Chaos","floor":20},{"not_picked":["Rebound"],"picked":"SKIP","floor":22},{"not_picked":[],"picked":"Sweeping Beam+1","floor":24},{"not_picked":["Auto Shields"],"picked":"SKIP","floor":25}],"player_experience":183221,"relics_obtained":[{"floor":6,"key":"The Courier"},{"floor":24,"key":"War Paint"},{"floor":26,"key":"Mercury Hourglass"}],"event_choices":[{"damage_healed":0,"gold_gain":0,"player_choice":"Upgraded","damage_taken":0,"max_hp_gain":0,"max_hp_loss":0,"event_name":"Upgrade Shrine","floor":3,"gold_loss":0,"cards_upgraded":["Creative AI"]},{"damage_healed":0,"gold_gain":30,"player_choice":"Searched \u00271\u0027 times","damage_taken":0,"max_hp_gain":0,"max_hp_loss":0,"event_name":"Dead Adventurer","floor":11,"gold_loss":0},{"cards_removed":["Strike_B"],"damage_healed":0,"gold_gain":0,"player_choice":"Forget","damage_taken":0,"max_hp_gain":0,"max_hp_loss":0,"event_name":"Living Wall","floor":13,"gold_loss":0},{"damage_healed":0,"gold_gain":100,"player_choice":"Pray","damage_taken":0,"max_hp_gain":0,"max_hp_loss":0,"event_name":"Golden Shrine","floor":21,"gold_loss":0}],"is_beta":true,"boss_relics":[{"not_picked":["Eternal Feather","Astrolabe"],"picked":"Busted Crown"}],"items_purged_floors":[2],"is_endless":false,"potions_floor_spawned":[6,14,16,19,22,25],"killed_by":"Slavers","ascension_level":1}