{"gold_per_floor":[114,134,59,77,2,2,34,34,59,89,89,114,114,125,125,203,203,221,221],"floor_reached":19,"playtime":568,"items_purged":["Strike_R"],"score":350,"play_id":"c2ab09d0-53c0-4f03-a53d-d6129ffa0a70","local_time":"20190511203159","is_ascension_mode":true,"campfire_choices":[{"data":"Clothesline","floor":6.0,"key":"SMITH"},{"data":"Rage","floor":8.0,"key":"SMITH"},{"floor":11.0,"key":"REST"},{"data":"Anger","floor":15.0,"key":"SMITH"}],"neow_cost":"NONE","seed_source_timestamp":0,"circlet_count":0,"master_deck":["AscendersBane","Strike_R","Strike_R","Strike_R","Defend_R","Defend_R","Defend_R","Defend_R","Bash+1","Clothesline+1","Thunderclap","Sever Soul","Rage+1","Anger+1","Impervious"],"special_seed":0,"relics":["Burning Blood","Oddly Smooth Stone","Vajra","Ornamental Fan","Runic Pyramid"],"potions_floor_usage":[],"damage_taken":[{"damage":9.0,"enemies":"Jaw Worm","floor":1.0,"turns":4.0},{"damage":11.0,"enemies":"2 Louse","floor":2.0,"turns":3.0},{"damage":14.0,"enemies":"Small Slimes","floor":4.0,"turns":4.0},{"damage":24.0,"enemies":"Gremlin Nob","floor":7.0,"turns":4.0},{"damage":20.0,"enemies":"Lagavulin","floor":12.0,"turns":5.0},{"damage":6.0,"enemies":"3 Louse","floor":14.0,"turns":4.0},{"damage":34.0,"enemies":"The Guardian","floor":16.0,"turns":12.0},{"damage":27.0,"enemies":"Shell Parasite","floor":18.0,"turns":5.0},{"damage":0,"enemies":"3 Byrds","floor":19,"turns":1}],"seed_played":"3926262724148179445","potions_obtained":[{"floor":4.0,"key":"Poison Potion"},{"floor":12.0,"key":"Poison Potion"}],"is_trial":false,"path_per_floor":["M","M","?","M","$","R","E","R","T","?","R","E","?","M","R","B",null,"M","M"],"character_chosen":"IRONCLAD","items_purchased":[],"campfire_rested":1,"item_purchase_floors":[],"current_hp_per_floor":[65,60,60,52,52,52,34,34,34,34,56,42,42,42,42,14,60,39,39],"gold":221,"neow_bonus":"UPGRADE_CARD","is_prod":false,"is_daily":false,"chose_seed":false,"campfire_upgraded":3,"win_rate":0,"timestamp":1557603119,"path_taken":["M","M","?","M","$","R","E","R","T","?","R","E","?","M","R","BOSS","M","M"],"build_version":"2019-01-23","purchased_purges":1,"victory":false,"max_hp_per_floor":[75,75,75,75,75,75,75,75,75,75,75,75,75,75,75,75,75,75,75],"card_choices":[{"not_picked":["Twin Strike","Seeing Red"],"picked":"Clothesline","floor":1.0},{"not_picked":["Shockwave","Wild Strike"],"picked":"Thunderclap","floor":2.0},{"not_picked":["Wild Strike","Body Slam"],"picked":"Sever Soul","floor":4.0},{"not_picked":["Burning Pact","Clothesline"],"picked":"Rage","floor":7.0},{"not_picked":["Warcry","Battle Trance","Blood for Blood"],"picked":"SKIP","floor":12.0},{"not_picked":["Twin Strike","Shockwave"],"picked":"Anger","floor":14.0},{"not_picked":["Berserk","Brutality"],"picked":"Impervious","floor":16.0},{"not_picked":["Body Slam","Clothesline","Twin Strike"],"picked":"SKIP","floor":18.0}],"player_experience":1352131,"relics_obtained":[{"floor":7.0,"key":"Oddly Smooth Stone"},{"floor":9.0,"key":"Vajra"},{"floor":12.0,"key":"Ornamental Fan"}],"event_choices":[{"cards_removed":["Strike_R"],"damage_healed":0.0,"max_hp_gain":0.0,"max_hp_loss":0.0,"gold_gain":0.0,"event_name":"The Cleric","player_choice":"Card Removal","floor":3.0,"gold_loss":75.0,"damage_taken":0.0},{"damage_healed":0.0,"max_hp_gain":0.0,"max_hp_loss":0.0,"gold_gain":30.0,"event_name":"Dead Adventurer","player_choice":"Searched \u00271\u0027 times","floor":10.0,"gold_loss":0.0,"damage_taken":0.0},{"damage_healed":0.0,"max_hp_gain":0.0,"max_hp_loss":0.0,"gold_gain":0.0,"event_name":"Liars Game","player_choice":"Ignored","floor":13.0,"gold_loss":0.0,"damage_taken":0.0}],"is_beta":false,"boss_relics":[{"not_picked":["Orrery","Runic Cube"],"picked":"Runic Pyramid"}],"items_purged_floors":[5],"is_endless":false,"potions_floor_spawned":[4,12,16],"killed_by":"3 Byrds","ascension_level":20}