{"gold_per_floor":[109,159,171,191,208,208,222,222,222,241,274,274,274],"floor_reached":13,"playtime":307,"items_purged":[],"score":174,"play_id":"17447c4c-04a7-4c92-95b5-464d39ce79ad","local_time":"20190129131451","is_ascension_mode":true,"campfire_choices":[{"data":"Catalyst","floor":6.0,"key":"SMITH"},{"data":"Noxious Fumes","floor":8.0,"key":"SMITH"}],"neow_cost":"NONE","seed_source_timestamp":6588308128876,"circlet_count":0,"master_deck":["AscendersBane","Defend_G","Defend_G","Defend_G","Defend_G","Defend_G","Strike_G","Strike_G","Strike_G","Strike_G","Strike_G","Survivor","Neutralize","Dagger Spray","Deadly Poison","Catalyst+1","Dagger Throw","Noxious Fumes+1","Poisoned Stab","Wraith Form v2+1"],"special_seed":0,"relics":["Ring of the Snake","NeowsBlessing","Frozen Egg 2","Gambling Chip"],"potions_floor_usage":[11],"damage_taken":[{"damage":0.0,"enemies":"Small Slimes","floor":1.0,"turns":1.0},{"damage":0.0,"enemies":"Cultist","floor":3.0,"turns":1.0},{"damage":0.0,"enemies":"Jaw Worm","floor":4.0,"turns":1.0},{"damage":15.0,"enemies":"3 Louse","floor":5.0,"turns":4.0},{"damage":14.0,"enemies":"Looter","floor":7.0,"turns":3.0},{"damage":9.0,"enemies":"Blue Slaver","floor":10.0,"turns":3.0},{"damage":20,"enemies":"Lagavulin","floor":11,"turns":4}],"seed_played":"6622903241863694397","potions_obtained":[{"floor":4.0,"key":"GamblersBrew"},{"floor":7.0,"key":"SteroidPotion"},{"floor":10.0,"key":"Poison Potion"},{"floor":11,"key":"GamblersBrew"}],"is_trial":false,"path_per_floor":["M","?","M","M","M","R","M","R","T","M","E","?","?"],"character_chosen":"THE_SILENT","items_purchased":[],"campfire_rested":0,"item_purchase_floors":[],"current_hp_per_floor":[59,59,59,59,44,44,30,30,30,21,1,1,0],"gold":274,"neow_bonus":"THREE_ENEMY_KILL","is_prod":false,"is_daily":false,"chose_seed":false,"campfire_upgraded":2,"win_rate":0,"timestamp":1548767691,"path_taken":["M","?","M","?","?","R","M","R","T","M","E","?","?"],"build_version":"2019-01-23","purchased_purges":0,"victory":false,"max_hp_per_floor":[66,66,66,66,66,66,66,66,66,66,66,66,66],"card_choices":[{"not_picked":["Blur","Slice"],"picked":"Dagger Spray","floor":1.0},{"not_picked":["Underhanded Strike","Well Laid Plans"],"picked":"Deadly Poison","floor":3.0},{"not_picked":["Underhanded Strike","Eviscerate"],"picked":"Catalyst","floor":4.0},{"not_picked":["Setup","Crippling Poison"],"picked":"Dagger Throw","floor":5.0},{"not_picked":["PiercingWail","After Image"],"picked":"Noxious Fumes","floor":7.0},{"not_picked":["Underhanded Strike","Dodge and Roll"],"picked":"Poisoned Stab","floor":10.0},{"not_picked":["Acrobatics","Concentrate"],"picked":"Wraith Form v2+1","floor":11}],"player_experience":1169586,"relics_obtained":[{"floor":9.0,"key":"Frozen Egg 2"},{"floor":11,"key":"Gambling Chip"}],"event_choices":[{"damage_healed":0.0,"max_hp_gain":0.0,"max_hp_loss":0.0,"gold_gain":50.0,"event_name":"Golden Shrine","player_choice":"Pray","floor":2.0,"gold_loss":0.0,"damage_taken":0.0},{"damage_healed":0,"gold_gain":0,"player_choice":"Ignored","damage_taken":0,"max_hp_gain":0,"max_hp_loss":0,"event_name":"Golden Idol","floor":12,"gold_loss":0}],"is_beta":false,"boss_relics":[],"items_purged_floors":[],"is_endless":false,"potions_floor_spawned":[4,7,10,11],"ascension_level":20}