{"gold_per_floor":[118,9,9,26,26,26,65,84,135,212,230,230,270,270,270,270],"floor_reached":16,"playtime":847,"items_purged":["Defend_G"],"score":178,"play_id":"297dfc14-dcd2-4770-aa1c-8b6d9c2896ea","local_time":"20190418103628","is_ascension_mode":true,"campfire_choices":[{"data":"Neutralize","floor":6,"key":"SMITH"},{"data":"Footwork","floor":12,"key":"SMITH"},{"floor":15,"key":"REST"}],"neow_cost":"NONE","seed_source_timestamp":739017493497501,"circlet_count":0,"master_deck":["AscendersBane","Defend_G","Defend_G","Defend_G","Defend_G","Strike_G","Strike_G","Strike_G","Strike_G","Strike_G","Survivor","Neutralize+1","Malaise+1","Sucker Punch","Heel Hook","All Out Attack","Footwork+1","Glass Knife"],"relics":["Ring of the Snake","Golden Idol","Boot","PreservedInsect","Blood Vial"],"potions_floor_usage":[7],"damage_taken":[{"damage":12,"enemies":"Cultist","floor":1,"turns":6},{"damage":0,"enemies":"Jaw Worm","floor":4,"turns":5},{"damage":23,"enemies":"3 Sentries","floor":7,"turns":10},{"damage":0,"enemies":"Small Slimes","floor":8,"turns":2},{"damage":0,"enemies":"2 Fungi Beasts","floor":11,"turns":3},{"damage":5,"enemies":"Lagavulin","floor":13,"turns":8},{"damage":35,"enemies":"Slime Boss","floor":16,"turns":8}],"seed_played":"3197702792471082076","potions_obtained":[{"floor":1,"key":"PowerPotion"},{"floor":7,"key":"EssenceOfSteel"}],"is_trial":false,"path_per_floor":["M","$","?","M","?","R","E","M","T","?","M","R","E","?","R","B"],"character_chosen":"THE_SILENT","items_purchased":["Heel Hook"],"campfire_rested":1,"item_purchase_floors":[2],"current_hp_per_floor":[51,51,51,51,51,51,28,28,28,28,28,28,23,5,24,0],"gold":270,"neow_bonus":"ONE_RANDOM_RARE_CARD","is_prod":false,"is_daily":false,"chose_seed":false,"campfire_upgraded":2,"win_rate":0,"timestamp":1555608988,"path_taken":["M","$","?","?","?","R","E","M","T","?","M","R","E","?","R","BOSS"],"build_version":"2019-01-23","purchased_purges":1,"victory":false,"max_hp_per_floor":[70,70,70,70,65,65,65,65,65,65,65,65,65,65,65,65],"card_choices":[{"not_picked":["Noxious Fumes","Flying Knee"],"picked":"Sucker Punch","floor":1},{"not_picked":["Flechettes","Bane","Dodge and Roll"],"picked":"SKIP","floor":4},{"not_picked":["Endless Agony","Storm of Steel"],"picked":"All Out Attack","floor":7},{"not_picked":["Backflip","Dagger Throw","Terror"],"picked":"SKIP","floor":8},{"not_picked":["Prepared","Bane"],"picked":"Footwork","floor":11},{"not_picked":["Tactician","Endless Agony"],"picked":"Glass Knife","floor":13}],"player_experience":462480,"relics_obtained":[{"floor":7,"key":"Boot"},{"floor":9,"key":"PreservedInsect"},{"floor":13,"key":"Blood Vial"}],"event_choices":[{"damage_healed":0,"gold_gain":0,"player_choice":"Forge","damage_taken":0,"max_hp_gain":0,"max_hp_loss":0,"event_name":"Accursed Blacksmith","floor":3,"gold_loss":0,"cards_upgraded":["Malaise"]},{"damage_healed":0,"gold_gain":0,"player_choice":"Lose Max HP","damage_taken":0,"relics_obtained":["Golden Idol"],"max_hp_gain":0,"max_hp_loss":5,"event_name":"Golden Idol","floor":5,"gold_loss":0},{"damage_healed":0,"gold_gain":77,"player_choice":"Gained Gold","damage_taken":0,"max_hp_gain":0,"max_hp_loss":0,"event_name":"Golden Wing","floor":10,"gold_loss":0},{"damage_healed":0,"gold_gain":0,"player_choice":"Fled","damage_taken":18,"max_hp_gain":0,"max_hp_loss":0,"event_name":"Scrap Ooze","floor":14,"gold_loss":0}],"is_beta":false,"boss_relics":[],"items_purged_floors":[2],"is_endless":false,"potions_floor_spawned":[1,7],"killed_by":"Slime Boss","ascension_level":13}