{"gold_per_floor":[117,117,117,42,56,56,77,77,146,46,46,69,69],"floor_reached":13,"playtime":311,"items_purged":["Strike_G","Strike_G"],"score":146,"play_id":"cc0a8bbd-43d0-4613-b69a-9b699e44c17b","local_time":"20190214215401","is_ascension_mode":true,"campfire_choices":[{"floor":6,"key":"REST"},{"data":"Deadly Poison","floor":8,"key":"SMITH"},{"data":"Quick Slash","floor":11,"key":"SMITH"}],"neow_cost":"NONE","seed_source_timestamp":44059563999100,"circlet_count":0,"master_deck":["AscendersBane","Defend_G","Defend_G","Defend_G","Defend_G","Defend_G","Strike_G","Strike_G","Survivor","Neutralize","Burst","Footwork","Deadly Poison+1","Quick Slash+1","Quick Slash"],"special_seed":0,"relics":["Ring of the Snake","Golden Idol","Question Card"],"potions_floor_usage":[13],"damage_taken":[{"damage":10,"enemies":"Cultist","floor":1,"turns":6},{"damage":2,"enemies":"2 Louse","floor":5,"turns":6},{"damage":3,"enemies":"Jaw Worm","floor":7,"turns":6},{"damage":1,"enemies":"Blue Slaver","floor":12,"turns":4},{"damage":24,"enemies":"Gremlin Gang","floor":13,"turns":3}],"seed_played":"5920165420928355806","potions_obtained":[{"floor":7,"key":"Fire Potion"}],"is_trial":false,"path_per_floor":["M","?","?","$","M","R","M","R","T","$","R","M","M"],"character_chosen":"THE_SILENT","items_purchased":[],"campfire_rested":1,"item_purchase_floors":[],"current_hp_per_floor":[49,42,19,19,17,36,33,33,33,33,33,32,8],"gold":69,"neow_bonus":"ONE_RANDOM_RARE_CARD","is_prod":false,"is_daily":false,"chose_seed":false,"campfire_upgraded":2,"win_rate":0,"timestamp":1550181241,"path_taken":["M","?","?","?","M","R","M","R","T","?","R","M","M"],"build_version":"2019-01-23","purchased_purges":2,"victory":false,"max_hp_per_floor":[66,66,66,66,66,66,66,66,66,66,66,66,66],"card_choices":[{"not_picked":["Outmaneuver","Escape Plan"],"picked":"Footwork","floor":1},{"not_picked":["Acrobatics","Poisoned Stab"],"picked":"Deadly Poison","floor":5},{"not_picked":["Acrobatics","Endless Agony"],"picked":"Quick Slash","floor":7},{"not_picked":["Slice","Escape Plan","Dagger Throw"],"picked":"Quick Slash","floor":12}],"player_experience":1215308,"relics_obtained":[{"floor":9,"key":"Question Card"}],"event_choices":[{"cards_removed":["Strike_G"],"damage_healed":0,"gold_gain":0,"player_choice":"Card Removal","damage_taken":7,"max_hp_gain":0,"max_hp_loss":0,"event_name":"Golden Wing","floor":2,"gold_loss":0},{"damage_healed":0,"gold_gain":0,"player_choice":"Take Damage","damage_taken":23,"relics_obtained":["Golden Idol"],"max_hp_gain":0,"max_hp_loss":0,"event_name":"Golden Idol","floor":3,"gold_loss":0}],"is_beta":false,"boss_relics":[],"items_purged_floors":[4,10],"is_endless":false,"potions_floor_spawned":[7],"killed_by":"Gremlin Gang","ascension_level":20}