{"gold_per_floor":[114,134,48,48,60,78,90,15,39,39,39,39,39,70,70,145,145,157,157,175,192,19,19,50,50],"floor_reached":25,"playtime":880,"items_purged":["Strike_G"],"score":442,"play_id":"ac6b9a7a-06ca-47e8-a288-a47f05280b57","local_time":"20190523182729","is_ascension_mode":true,"campfire_choices":[{"data":"Neutralize","floor":10.0,"key":"SMITH"},{"data":"Caltrops","floor":13.0,"key":"SMITH"},{"data":"Backflip","floor":15.0,"key":"SMITH"},{"floor":23,"key":"REST"}],"neow_cost":"NONE","seed_source_timestamp":171806009167100,"circlet_count":0,"master_deck":["AscendersBane","Defend_G","Defend_G","Defend_G","Defend_G","Defend_G","Strike_G","Strike_G","Strike_G","Survivor","Neutralize+1","Dagger Throw","Blade Dance","Caltrops+1","Underhanded Strike","Die Die Die","Heel Hook","Backflip+1","A Thousand Cuts","Deflect","Choke","Dagger Throw+1","Bandage Up"],"special_seed":0,"relics":["Ring of the Snake","Centennial Puzzle","Anchor","Bag of Marbles","Bag of Preparation","Busted Crown","Bird Faced Urn"],"potions_floor_usage":[24],"damage_taken":[{"damage":4.0,"enemies":"Small Slimes","floor":1.0,"turns":7.0},{"damage":0.0,"enemies":"2 Louse","floor":2.0,"turns":5.0},{"damage":6.0,"enemies":"Cultist","floor":5.0,"turns":4.0},{"damage":3.0,"enemies":"Gremlin Gang","floor":6.0,"turns":6.0},{"damage":8.0,"enemies":"Exordium Wildlife","floor":7.0,"turns":4.0},{"damage":12.0,"enemies":"Lagavulin","floor":14.0,"turns":5.0},{"damage":18.0,"enemies":"Hexaghost","floor":16.0,"turns":10.0},{"damage":10.0,"enemies":"Spheric Guardian","floor":18.0,"turns":4.0},{"damage":0.0,"enemies":"2 Thieves","floor":20.0,"turns":2.0},{"damage":28,"enemies":"Cultist and Chosen","floor":21,"turns":7},{"damage":32,"enemies":"Book of Stabbing","floor":24,"turns":5},{"damage":23,"enemies":"Snecko","floor":25,"turns":3}],"seed_played":"-8364424823779075434","potions_obtained":[{"floor":1.0,"key":"PowerPotion"},{"floor":2.0,"key":"Block Potion"},{"floor":16.0,"key":"GamblersBrew"},{"floor":18.0,"key":"Poison Potion"}],"is_trial":false,"path_per_floor":["M","M","$","?","M","M","M","?","T","R","?","?","R","E","R","B",null,"M","?","M","M","$","R","E","M"],"character_chosen":"THE_SILENT","items_purchased":["Caltrops","Bandage Up"],"campfire_rested":1,"item_purchase_floors":[3,22],"current_hp_per_floor":[55,55,55,55,49,46,38,38,38,38,38,38,38,26,26,8,52,42,42,42,14,14,33,5,0],"gold":50,"neow_bonus":"RANDOM_COMMON_RELIC","is_prod":false,"is_daily":false,"chose_seed":false,"campfire_upgraded":3,"win_rate":0,"timestamp":1558632449,"path_taken":["M","M","$","?","M","M","M","?","T","R","?","?","R","E","R","BOSS","M","?","M","?","$","R","E","?"],"build_version":"2019-01-23","purchased_purges":1,"victory":false,"max_hp_per_floor":[66,66,66,66,66,66,66,66,66,66,66,66,66,66,66,66,66,66,66,66,66,66,66,66,66],"card_choices":[{"not_picked":["Riddle With Holes","Blade Dance"],"picked":"Dagger Throw","floor":1.0},{"not_picked":["Dodge and Roll","Prepared"],"picked":"Blade Dance","floor":2.0},{"not_picked":["Dodge and Roll","Concentrate"],"picked":"Underhanded Strike","floor":5.0},{"not_picked":["Backstab","Concentrate"],"picked":"Die Die Die","floor":6.0},{"not_picked":["Bane","Sucker Punch"],"picked":"Heel Hook","floor":7.0},{"not_picked":["Calculated Gamble","Well Laid Plans"],"picked":"Backflip","floor":14.0},{"not_picked":["Doppelganger","Bullet Time"],"picked":"A Thousand Cuts","floor":16.0},{"not_picked":[],"picked":"Deflect","floor":18.0},{"not_picked":["Expertise"],"picked":"SKIP","floor":20.0},{"not_picked":[],"picked":"Dagger Throw+1","floor":21},{"not_picked":["Sucker Punch"],"picked":"SKIP","floor":24}],"player_experience":1387664,"relics_obtained":[{"floor":9.0,"key":"Bag of Marbles"},{"floor":14.0,"key":"Bag of Preparation"},{"floor":24,"key":"Bird Faced Urn"}],"event_choices":[{"damage_healed":0.0,"max_hp_gain":0.0,"max_hp_loss":0.0,"gold_gain":0.0,"event_name":"Big Fish","player_choice":"Box","floor":4.0,"gold_loss":0.0,"damage_taken":0.0,"relics_obtained":["Anchor"],"cards_obtained":["Regret"]},{"cards_removed":["Regret"],"damage_healed":0.0,"max_hp_gain":0.0,"max_hp_loss":0.0,"gold_gain":0.0,"event_name":"The Cleric","player_choice":"Card Removal","floor":8.0,"gold_loss":75.0,"damage_taken":0.0},{"damage_healed":0.0,"max_hp_gain":0.0,"max_hp_loss":0.0,"gold_gain":0.0,"event_name":"Golden Idol","player_choice":"Ignored","floor":11.0,"gold_loss":0.0,"damage_taken":0.0},{"damage_healed":0.0,"max_hp_gain":0.0,"max_hp_loss":0.0,"gold_gain":0.0,"event_name":"Liars Game","player_choice":"Ignored","floor":12.0,"gold_loss":0.0,"damage_taken":0.0},{"damage_healed":0.0,"max_hp_gain":0.0,"max_hp_loss":0.0,"gold_gain":0.0,"cards_transformed":["Strike_G"],"event_name":"Transmorgrifier","player_choice":"Transformed","floor":19.0,"gold_loss":0.0,"damage_taken":0.0,"cards_obtained":["Choke"]}],"is_beta":false,"boss_relics":[{"not_picked":["Black Star","Tiny House"],"picked":"Busted Crown"}],"items_purged_floors":[22],"is_endless":false,"potions_floor_spawned":[1,2,5,16,18,21],"killed_by":"Snecko","ascension_level":20}