{"gold_per_floor":[115,21,36,46,46,46,74,74,99,113,113,123,153,175,175,279,329,347,347,347,347,359,359,390,489,489,439,439,456,474,501,501,601,601,616,633,160,160,160,191,191,191,191,191,205,205,5,22,22,22],"floor_reached":51,"playtime":2953,"items_purged":["Strike_B"],"score":1048,"play_id":"dcafbbbc-d59d-4855-bd2a-cca67f4c1f7d","local_time":"20190513113120","is_ascension_mode":true,"campfire_choices":[{"data":"Defragment","floor":6.0,"key":"SMITH"},{"data":"Zap","floor":8.0,"key":"SMITH"},{"data":"Loop","floor":15.0,"key":"SMITH"},{"data":"Tempest","floor":23.0,"key":"SMITH"},{"data":"Finesse","floor":28.0,"key":"SMITH"},{"data":"Chill","floor":32.0,"key":"SMITH"},{"floor":42,"key":"REST"},{"data":"Defragment","floor":44,"key":"SMITH"},{"data":"Ball Lightning","floor":46,"key":"SMITH"},{"floor":49,"key":"REST"}],"neow_cost":"NONE","seed_source_timestamp":0,"circlet_count":0,"master_deck":["Strike_B","Strike_B","Defend_B","Defend_B","Defend_B+1","Zap+1","Dualcast+1","Finesse+1","Conserve Battery+1","Defragment+1","Cold Snap","Sweeping Beam","Ball Lightning+1","Tempest+1","Loop+1","Chill+1","Glacier+1","Coolheaded+1","Fission+1","Leap+1","Conserve Battery+1","Redo+1","Seek+1","Panacea+1","Defragment+1","Secret Technique+1","Chaos+1"],"special_seed":0,"relics":["Cracked Core","Anchor","Strawberry","Toxic Egg 2","Odd Mushroom","Tiny House","War Paint","Ancient Tea Set","Oddly Smooth Stone","Eternal Feather","Kunai","Bottled Flame","Unceasing Top","Peace Pipe","Toolbox"],"potions_floor_usage":[36,50,50],"damage_taken":[{"damage":0.0,"enemies":"2 Louse","floor":1.0,"turns":3.0},{"damage":4.0,"enemies":"Small Slimes","floor":3.0,"turns":4.0},{"damage":1.0,"enemies":"Cultist","floor":4.0,"turns":3.0},{"damage":8.0,"enemies":"Gremlin Nob","floor":7.0,"turns":3.0},{"damage":1.0,"enemies":"3 Louse","floor":10.0,"turns":2.0},{"damage":0.0,"enemies":"2 Fungi Beasts","floor":12.0,"turns":3.0},{"damage":11.0,"enemies":"Lagavulin","floor":13.0,"turns":6.0},{"damage":2.0,"enemies":"The Mushroom Lair","floor":14.0,"turns":5.0},{"damage":0.0,"enemies":"The Guardian","floor":16.0,"turns":9.0},{"damage":2.0,"enemies":"3 Byrds","floor":18.0,"turns":5.0},{"damage":0.0,"enemies":"Chosen","floor":22.0,"turns":4.0},{"damage":7.0,"enemies":"Book of Stabbing","floor":24.0,"turns":6.0},{"damage":0.0,"enemies":"Centurion and Healer","floor":29.0,"turns":4.0},{"damage":0.0,"enemies":"Cultist and Chosen","floor":30.0,"turns":5.0},{"damage":22.0,"enemies":"Gremlin Leader","floor":31.0,"turns":8.0},{"damage":17.0,"enemies":"Champ","floor":33.0,"turns":12.0},{"damage":10.0,"enemies":"3 Darklings","floor":35.0,"turns":6.0},{"damage":0,"enemies":"3 Shapes","floor":36,"turns":3},{"damage":59,"enemies":"Reptomancer","floor":40,"turns":9},{"damage":21,"enemies":"Transient","floor":45,"turns":5},{"damage":2,"enemies":"Writhing Mass","floor":48,"turns":4},{"damage":87,"enemies":"Donu and Deca","floor":50,"turns":14}],"seed_played":"-5577096505328723568","potions_obtained":[{"floor":4.0,"key":"Weak Potion"},{"floor":7.0,"key":"Dexterity Potion"},{"floor":12.0,"key":"Energy Potion"},{"floor":14.0,"key":"Fire Potion"},{"floor":17.0,"key":"Swift Potion"},{"floor":29.0,"key":"Strength Potion"},{"floor":30.0,"key":"Fire Potion"},{"floor":35.0,"key":"Dexterity Potion"},{"floor":40,"key":"SkillPotion"}],"is_trial":false,"path_per_floor":["M","$","M","M","?","R","E","R","T","M","?","M","E","?","R","B",null,"M","?","?","?","M","R","E","?","T","?","R","M","M","E","R","B",null,"M","M","$","?","T","E","?","R","T","R","M","R","$","M","R","B",null],"character_chosen":"DEFECT","items_purchased":["Defragment","Cold Snap","Panacea+1","Kunai","Defragment","Toolbox"],"campfire_rested":2,"item_purchase_floors":[2,2,37,37,37,47],"current_hp_per_floor":[68,68,64,63,63,63,55,55,62,61,61,61,50,48,48,48,79,77,77,60,60,60,60,53,53,53,53,53,53,53,31,31,14,73,63,63,63,63,63,4,4,46,46,61,40,55,55,53,92,5],"gold":22,"neow_bonus":"RANDOM_COLORLESS","is_prod":false,"is_daily":false,"chose_seed":false,"campfire_upgraded":8,"win_rate":0,"timestamp":1557772280,"path_taken":["M","$","M","M","?","R","E","R","T","M","?","?","E","?","R","BOSS","M","?","?","?","?","R","E","?","T","?","R","?","M","E","R","BOSS","M","M","$","?","?","E","?","R","T","R","M","R","?","M","R","BOSS"],"build_version":"2019-01-23","purchased_purges":1,"victory":true,"max_hp_per_floor":[75,75,75,75,75,75,75,75,82,82,82,82,82,82,82,82,87,87,87,92,92,92,92,92,92,92,92,92,92,92,92,92,92,92,92,92,92,92,92,92,92,92,92,92,92,92,92,92,92,92],"card_choices":[{"not_picked":["Undo","Scrape"],"picked":"Conserve Battery","floor":1.0},{"not_picked":["Leap","Streamline"],"picked":"Sweeping Beam","floor":3.0},{"not_picked":["Consume","Genetic Algorithm"],"picked":"Ball Lightning","floor":4.0},{"not_picked":["Turbo","Hologram","Stack"],"picked":"SKIP","floor":7.0},{"not_picked":["Doom and Gloom","Aggregate"],"picked":"Tempest","floor":10.0},{"not_picked":["Rebound","Tempest"],"picked":"Chill","floor":12.0},{"not_picked":["Double Energy","Compile Driver"],"picked":"Glacier","floor":13.0},{"not_picked":["Steam Power+1","Conserve Battery+1"],"picked":"Coolheaded+1","floor":14.0},{"not_picked":["Electrodynamics","All For One"],"picked":"Fission+1","floor":16.0},{"not_picked":["Steam+1","Go for the Eyes"],"picked":"Leap+1","floor":17.0},{"not_picked":["Rebound+1","Hologram+1"],"picked":"Conserve Battery+1","floor":18.0},{"not_picked":["Beam Cell","Heatsinks","Skim+1"],"picked":"SKIP","floor":22.0},{"not_picked":["Sweeping Beam+1","BootSequence+1"],"picked":"Ball Lightning","floor":24.0},{"not_picked":["Hologram+1","Go for the Eyes","Reprogram+1"],"picked":"SKIP","floor":29.0},{"not_picked":["Cold Snap","Go for the Eyes"],"picked":"Redo+1","floor":30.0},{"not_picked":["Aggregate+1","Rebound+1","Rip and Tear"],"picked":"SKIP","floor":31.0},{"not_picked":["Creative AI","Meteor Strike"],"picked":"Seek+1","floor":33.0},{"not_picked":["Glacier+1","Ball Lightning","Hologram+1"],"picked":"SKIP","floor":35.0},{"not_picked":["Compile Driver","Scrape","Hologram+1"],"picked":"SKIP","floor":36},{"not_picked":["Enlightenment+1","Flash of Steel"],"picked":"Secret Technique+1","floor":38},{"not_picked":["Sweeping Beam","Rip and Tear","Steam+1"],"picked":"SKIP","floor":40},{"not_picked":["Go for the Eyes+1","Rebound"],"picked":"Chaos+1","floor":45},{"not_picked":["Go for the Eyes","Skim+1","Steam+1"],"picked":"SKIP","floor":48}],"player_experience":490909,"relics_obtained":[{"floor":7.0,"key":"Anchor"},{"floor":9.0,"key":"Strawberry"},{"floor":13.0,"key":"Toxic Egg 2"},{"floor":14.0,"key":"Odd Mushroom"},{"floor":24.0,"key":"War Paint"},{"floor":26.0,"key":"Ancient Tea Set"},{"floor":31.0,"key":"Oddly Smooth Stone"},{"floor":39,"key":"Bottled Flame"},{"floor":40,"key":"Unceasing Top"},{"floor":43,"key":"Peace Pipe"}],"event_choices":[{"damage_healed":0.0,"max_hp_gain":0.0,"max_hp_loss":0.0,"gold_gain":0.0,"event_name":"The Cleric","player_choice":"Leave","floor":5.0,"gold_loss":0.0,"damage_taken":0.0},{"damage_healed":0.0,"max_hp_gain":0.0,"max_hp_loss":0.0,"gold_gain":0.0,"cards_transformed":["Strike_B"],"event_name":"Transmorgrifier","player_choice":"Transformed","floor":11.0,"gold_loss":0.0,"damage_taken":0.0,"cards_obtained":["Loop"]},{"damage_healed":0.0,"max_hp_gain":0.0,"max_hp_loss":0.0,"gold_gain":0.0,"event_name":"Mushrooms","player_choice":"Fought Mushrooms","floor":14.0,"gold_loss":0.0,"damage_taken":0.0},{"damage_healed":0.0,"max_hp_gain":0.0,"max_hp_loss":0.0,"gold_gain":0.0,"event_name":"Vampires","player_choice":"Ignored","floor":19.0,"gold_loss":0.0,"damage_taken":0.0},{"damage_healed":0.0,"max_hp_gain":5.0,"max_hp_loss":0.0,"gold_gain":0.0,"event_name":"Forgotten Altar","player_choice":"Shed Blood","floor":20.0,"gold_loss":0.0,"damage_taken":22.0},{"cards_removed":["Defend_B"],"damage_healed":0.0,"max_hp_gain":0.0,"max_hp_loss":0.0,"gold_gain":0.0,"event_name":"Bonfire Elementals","player_choice":"Offered Basic","floor":21.0,"gold_loss":0.0,"damage_taken":0.0},{"damage_healed":0.0,"max_hp_gain":0.0,"max_hp_loss":0.0,"gold_gain":99.0,"event_name":"Nest","player_choice":"Stole From Cult","floor":25.0,"gold_loss":0.0,"damage_taken":0.0},{"damage_healed":0.0,"max_hp_gain":0.0,"max_hp_loss":0.0,"gold_gain":0.0,"event_name":"The Joust","player_choice":"Bet on Owner","floor":27.0,"gold_loss":50.0,"damage_taken":0.0},{"damage_healed":0,"gold_gain":0,"player_choice":"Memory 1","damage_taken":0,"max_hp_gain":0,"max_hp_loss":0,"event_name":"SensoryStone","floor":38,"gold_loss":0},{"cards_removed":["Ball Lightning"],"damage_healed":0,"gold_gain":0,"player_choice":"Removed Attack","damage_taken":0,"max_hp_gain":0,"max_hp_loss":0,"event_name":"Falling","floor":41,"gold_loss":0}],"is_beta":false,"boss_relics":[{"not_picked":["White Beast Statue","Fusion Hammer"],"picked":"Tiny House"},{"not_picked":["Velvet Choker","Lizard Tail"],"picked":"Eternal Feather"}],"items_purged_floors":[37],"is_endless":false,"potions_floor_spawned":[4,7,12,14,29,30,35,40],"ascension_level":7}