{"gold_per_floor":[116,41,41,41,52,85,85,85,85,103,123,1,18,45,45,142,142,160,170,181,181,181,213,213,228,228,228],"floor_reached":27,"playtime":1433,"items_purged":["Pain","Strike_R"],"score":243,"play_id":"1d9ccc28-981b-4419-ba20-924d982b996f","local_time":"20190426142410","is_ascension_mode":false,"campfire_choices":[{"data":"Demon Form","floor":7.0,"key":"SMITH"},{"data":"Heavy Blade","floor":15.0,"key":"SMITH"},{"floor":24,"key":"REST"}],"neow_cost":"CURSE","seed_source_timestamp":0,"circlet_count":0,"master_deck":["Strike_R","Strike_R","Strike_R","Strike_R","Defend_R","Defend_R+1","Defend_R+1","Defend_R","Bash","Demon Form+1","Pummel","Shrug It Off","Iron Wave+1","Iron Wave","Heavy Blade+1","Cleave","Thunderclap","Limit Break","Seeing Red","Clothesline+1","Writhe"],"special_seed":0,"relics":["Burning Blood","Orichalcum","Ancient Tea Set","Bronze Scales","Juzu Bracelet","White Beast Statue","Nilry\u0027s Codex","Art of War","Paper Frog","Sundial"],"potions_floor_usage":[27,27],"damage_taken":[{"damage":13.0,"enemies":"Jaw Worm","floor":1.0,"turns":3.0},{"damage":2.0,"enemies":"2 Louse","floor":5.0,"turns":3.0},{"damage":8.0,"enemies":"Gremlin Nob","floor":6.0,"turns":4.0},{"damage":0.0,"enemies":"Small Slimes","floor":10.0,"turns":2.0},{"damage":0.0,"enemies":"Looter","floor":11.0,"turns":3.0},{"damage":0.0,"enemies":"2 Fungi Beasts","floor":13.0,"turns":3.0},{"damage":24.0,"enemies":"3 Sentries","floor":14.0,"turns":6.0},{"damage":4.0,"enemies":"Hexaghost","floor":16.0,"turns":7.0},{"damage":8.0,"enemies":"Shell Parasite","floor":18.0,"turns":4.0},{"damage":7.0,"enemies":"Chosen","floor":19.0,"turns":4.0},{"damage":5.0,"enemies":"Snake Plant","floor":20.0,"turns":4.0},{"damage":97.0,"enemies":"Slavers","floor":23.0,"turns":7.0},{"damage":19,"enemies":"Snecko","floor":25,"turns":6},{"damage":46,"enemies":"Gremlin Leader","floor":27,"turns":7}],"seed_played":"7601306114744713308","potions_obtained":[{"floor":1.0,"key":"FearPotion"},{"floor":10.0,"key":"SkillPotion"},{"floor":11.0,"key":"FairyPotion"},{"floor":18.0,"key":"GamblersBrew"},{"floor":19.0,"key":"Regen Potion"},{"floor":20.0,"key":"Regen Potion"},{"floor":23.0,"key":"Weak Potion"},{"floor":25,"key":"Weak Potion"}],"is_trial":false,"path_per_floor":["M","$","?","?","M","E","R","?","T","M","M","$","M","E","R","B",null,"M","M","M","?","?","E","R","M","T","E"],"character_chosen":"IRONCLAD","items_purchased":["Cleave"],"campfire_rested":1,"item_purchase_floors":[12],"current_hp_per_floor":[73,73,55,39,43,41,41,41,41,47,53,53,59,41,41,43,80,78,77,78,62,62,16,40,27,27,0],"gold":228,"neow_bonus":"THREE_RARE_CARDS","is_prod":false,"is_daily":false,"chose_seed":false,"campfire_upgraded":2,"win_rate":0,"timestamp":1556313850,"path_taken":["M","$","?","?","M","E","R","?","T","M","M","$","M","E","R","BOSS","M","M","M","?","?","E","R","M","T","E"],"build_version":"2019-01-23","purchased_purges":2,"victory":false,"max_hp_per_floor":[80,80,80,80,80,80,80,80,80,80,80,80,80,80,80,80,80,80,80,80,80,80,80,80,80,80,80],"card_choices":[{"not_picked":["Bludgeon","Offering"],"picked":"Demon Form","floor":0.0},{"not_picked":["Pommel Strike","Clothesline"],"picked":"Pummel","floor":1.0},{"not_picked":["True Grit","Shockwave"],"picked":"Shrug It Off","floor":5.0},{"not_picked":["Sentinel","Anger"],"picked":"Iron Wave","floor":6.0},{"not_picked":["Perfected Strike","Wild Strike"],"picked":"Iron Wave","floor":10.0},{"not_picked":["Armaments","Headbutt"],"picked":"Heavy Blade","floor":11.0},{"not_picked":["Sentinel","Intimidate","True Grit"],"picked":"SKIP","floor":13.0},{"not_picked":["True Grit","Brutality"],"picked":"Thunderclap","floor":14.0},{"not_picked":["Demon Form","Brutality"],"picked":"Limit Break","floor":16.0},{"not_picked":["Shrug It Off","Intimidate"],"picked":"Seeing Red","floor":18.0},{"not_picked":["Cleave","Rampage"],"picked":"Clothesline+1","floor":19.0},{"not_picked":["Clothesline","Armaments","Flame Barrier"],"picked":"SKIP","floor":20.0},{"not_picked":["Intimidate","Warcry+1","Shrug It Off"],"picked":"SKIP","floor":23.0},{"not_picked":["Carnage","Havoc","Sword Boomerang+1"],"picked":"SKIP","floor":25}],"player_experience":476349,"relics_obtained":[{"floor":6.0,"key":"Ancient Tea Set"},{"floor":9.0,"key":"Bronze Scales"},{"floor":14.0,"key":"Juzu Bracelet"},{"floor":21.0,"key":"Nilry\u0027s Codex"},{"floor":23.0,"key":"Paper Frog"},{"floor":26,"key":"Sundial"}],"event_choices":[{"damage_healed":0.0,"max_hp_gain":0.0,"max_hp_loss":0.0,"gold_gain":0.0,"event_name":"Scrap Ooze","player_choice":"Success","floor":3.0,"gold_loss":0.0,"damage_taken":18.0,"relics_obtained":["Orichalcum"]},{"damage_healed":0.0,"max_hp_gain":0.0,"max_hp_loss":0.0,"gold_gain":0.0,"event_name":"Shining Light","player_choice":"Entered Light","floor":4.0,"gold_loss":0.0,"damage_taken":16.0,"cards_upgraded":["Defend_R","Defend_R"]},{"damage_healed":0.0,"max_hp_gain":0.0,"max_hp_loss":0.0,"gold_gain":0.0,"event_name":"Living Wall","player_choice":"Grow","floor":8.0,"gold_loss":0.0,"damage_taken":0.0,"cards_upgraded":["Iron Wave"]},{"damage_healed":0.0,"max_hp_gain":0.0,"max_hp_loss":0.0,"gold_gain":0.0,"event_name":"Cursed Tome","player_choice":"Obtained Book","floor":21.0,"gold_loss":0.0,"damage_taken":16.0},{"damage_healed":0.0,"max_hp_gain":0.0,"max_hp_loss":0.0,"gold_gain":0.0,"event_name":"The Mausoleum","player_choice":"Opened","floor":22.0,"gold_loss":0.0,"damage_taken":0.0,"relics_obtained":["Art of War"],"cards_obtained":["Writhe"]}],"is_beta":false,"boss_relics":[{"not_picked":["Pandora\u0027s Box","Runic Cube"],"picked":"White Beast Statue"}],"items_purged_floors":[2,12],"is_endless":false,"potions_floor_spawned":[1,10,11,18,19,20,23,25],"killed_by":"Gremlin Leader","ascension_level":0}