{"gold_per_floor":[110,125,49,25,25,68,68,89,157,8,32,56,70,86,86,211,211,230,230,106,121,145,183,203,203,203,203],"floor_reached":27,"playtime":1010,"items_purged":["Injury","Strike_B"],"score":237,"play_id":"147cf553-f7a9-44b6-b4bb-07c445a88ea9","local_time":"20190404192139","is_ascension_mode":false,"campfire_choices":[{"data":"Dualcast","floor":7,"key":"SMITH"},{"data":"Consume","floor":15,"key":"SMITH"},{"floor":25,"key":"REST"}],"neow_cost":"NONE","seed_source_timestamp":349555212617794,"circlet_count":0,"master_deck":["Strike_B","Strike_B","Defend_B","Defend_B","Defend_B","Defend_B","Zap","Dualcast+1","Electrodynamics","Conserve Battery","Capacitor","Consume+1","Ball Lightning","Capacitor","Darkness","Leap","Cold Snap","Barrage"],"relics":["Cracked Core","Golden Idol","Blood Vial","Dodecahedron","Busted Crown","MutagenicStrength","Bottled Flame","Pantograph"],"potions_floor_usage":[16,23],"damage_taken":[{"damage":0,"enemies":"2 Louse","floor":1,"turns":1},{"damage":0,"enemies":"Small Slimes","floor":2,"turns":3},{"damage":25,"enemies":"Gremlin Nob","floor":6,"turns":5},{"damage":3,"enemies":"Jaw Worm","floor":8,"turns":4},{"damage":1,"enemies":"Exordium Wildlife","floor":11,"turns":3},{"damage":0,"enemies":"Looter","floor":12,"turns":2},{"damage":8,"enemies":"Red Slaver","floor":13,"turns":3},{"damage":8,"enemies":"Gremlin Gang","floor":14,"turns":2},{"damage":28,"enemies":"Slime Boss","floor":16,"turns":6},{"damage":10,"enemies":"3 Byrds","floor":18,"turns":2},{"damage":0,"enemies":"Chosen","floor":21,"turns":4},{"damage":7,"enemies":"Centurion and Healer","floor":22,"turns":6},{"damage":43,"enemies":"Gremlin Leader","floor":23,"turns":7},{"damage":1,"enemies":"Shelled Parasite and Fungi","floor":24,"turns":6},{"damage":48,"enemies":"Slavers","floor":27,"turns":4}],"seed_played":"3416828499533118119","potions_obtained":[{"floor":6,"key":"FocusPotion"},{"floor":8,"key":"Energy Potion"},{"floor":11,"key":"Explosive Potion"},{"floor":22,"key":"Block Potion"}],"is_trial":false,"path_per_floor":["M","M","$","?","?","E","R","M","T","$","M","M","M","M","R","B",null,"M","?","$","M","M","E","M","R","T","E"],"character_chosen":"DEFECT","items_purchased":["Capacitor","Capacitor","Barrage"],"campfire_rested":1,"item_purchase_floors":[3,10,20],"current_hp_per_floor":[75,75,75,75,75,50,50,49,49,49,50,52,46,40,40,14,75,65,65,65,67,62,21,22,44,44,0],"gold":203,"neow_bonus":"TRANSFORM_CARD","is_prod":false,"is_daily":false,"chose_seed":false,"campfire_upgraded":2,"win_rate":0.0,"timestamp":1554402099,"path_taken":["M","M","$","?","?","E","R","M","T","$","M","M","M","M","R","BOSS","M","?","$","M","M","E","M","R","T","E"],"build_version":"2019-01-23","purchased_purges":2,"victory":false,"max_hp_per_floor":[75,75,75,75,75,75,75,75,75,75,75,75,75,75,75,75,75,75,75,75,75,75,75,75,75,75,75],"card_choices":[{"not_picked":["Gash","Hologram"],"picked":"Conserve Battery","floor":1},{"not_picked":["Redo","Rip and Tear","Beam Cell"],"picked":"SKIP","floor":2},{"not_picked":["All For One","Beam Cell"],"picked":"Consume","floor":6},{"not_picked":["Streamline","Beam Cell"],"picked":"Ball Lightning","floor":8},{"not_picked":["Hologram","Go for the Eyes"],"picked":"Darkness","floor":11},{"not_picked":["Barrage","Chill"],"picked":"Leap","floor":12},{"not_picked":["Sweeping Beam","Fusion"],"picked":"Cold Snap","floor":13},{"not_picked":["Ball Lightning","Coolheaded","Auto Shields"],"picked":"SKIP","floor":14},{"not_picked":["Leap"],"picked":"SKIP","floor":18},{"not_picked":["Lockon"],"picked":"SKIP","floor":21},{"not_picked":["Conserve Battery"],"picked":"SKIP","floor":22},{"not_picked":["Hello World+1"],"picked":"SKIP","floor":23},{"not_picked":["Stack"],"picked":"SKIP","floor":24}],"player_experience":161465,"relics_obtained":[{"floor":6,"key":"Blood Vial"},{"floor":9,"key":"Dodecahedron"},{"floor":23,"key":"Bottled Flame"},{"floor":26,"key":"Pantograph"}],"event_choices":[{"damage_healed":0,"gold_gain":0,"player_choice":"Left Gold","damage_taken":0,"max_hp_gain":0,"max_hp_loss":0,"event_name":"World of Goop","floor":4,"gold_loss":24},{"damage_healed":0,"gold_gain":0,"player_choice":"Take Wound","damage_taken":0,"relics_obtained":["Golden Idol"],"max_hp_gain":0,"max_hp_loss":0,"event_name":"Golden Idol","floor":5,"gold_loss":0,"cards_obtained":["Injury"]},{"damage_healed":0,"gold_gain":0,"player_choice":"Inject Mutagens","damage_taken":0,"relics_obtained":["MutagenicStrength"],"max_hp_gain":0,"max_hp_loss":0,"event_name":"Drug Dealer","floor":19,"gold_loss":0}],"is_beta":false,"boss_relics":[{"not_picked":["Pandora\u0027s Box","Fusion Hammer"],"picked":"Busted Crown"}],"items_purged_floors":[10,20],"is_endless":false,"potions_floor_spawned":[6,8,11,14,22],"killed_by":"Slavers","ascension_level":0}