{"gold_per_floor":[115,128,140,140,140,140,152,168,192,222,57,12,45,59,59,154,154,167,167,187,198,198,198,198],"floor_reached":24,"playtime":1453,"items_purged":[],"score":208,"play_id":"87a00770-7123-4ebf-b7a1-9b8bee28491d","local_time":"20190123235314","is_ascension_mode":false,"campfire_choices":[{"floor":6.0,"key":"RECALL"},{"data":"Body Slam","floor":15,"key":"SMITH"},{"floor":23,"key":"REST"}],"neow_cost":"NONE","seed_source_timestamp":111531520133286,"circlet_count":0,"master_deck":["Strike_R","Strike_R","Strike_R","Strike_R","Strike_R","Defend_R","Defend_R","Defend_R","Defend_R","Bash","Body Slam+1","Metallicize","Iron Wave","Whirlwind","Shrug It Off","Shrug It Off","Flame Barrier","Cleave","Feed"],"special_seed":0,"relics":["Burning Blood","Centennial Puzzle","PreservedInsect","Juzu Bracelet","Bag of Marbles","Black Star","Nilry\u0027s Codex"],"potions_floor_usage":[10,16,18,20,20],"damage_taken":[{"damage":9.0,"enemies":"Jaw Worm","floor":1.0,"turns":5.0},{"damage":2.0,"enemies":"2 Louse","floor":2.0,"turns":3.0},{"damage":5.0,"enemies":"Cultist","floor":3.0,"turns":5.0},{"damage":2.0,"enemies":"Blue Slaver","floor":7.0,"turns":5.0},{"damage":6.0,"enemies":"2 Fungi Beasts","floor":8.0,"turns":3.0},{"damage":20,"enemies":"Gremlin Nob","floor":10,"turns":5},{"damage":6,"enemies":"Lagavulin","floor":13,"turns":8},{"damage":0,"enemies":"Exordium Wildlife","floor":14,"turns":3},{"damage":30,"enemies":"The Guardian","floor":16,"turns":16},{"damage":17,"enemies":"Chosen","floor":18,"turns":7},{"damage":16,"enemies":"2 Thieves","floor":20,"turns":5},{"damage":33,"enemies":"Snake Plant","floor":21,"turns":6},{"damage":56,"enemies":"Gremlin Leader","floor":24,"turns":7}],"seed_played":"7168371247578586320","potions_obtained":[{"floor":1.0,"key":"AttackPotion"},{"floor":2.0,"key":"Block Potion"},{"floor":10,"key":"FearPotion"},{"floor":14,"key":"Dexterity Potion"},{"floor":16,"key":"Fire Potion"},{"floor":18,"key":"LiquidBronze"}],"is_trial":false,"path_per_floor":["M","M","M","?","?","R","M","M","T","E","$","$","E","M","R","B",null,"M","?","M","M","?","R","E"],"character_chosen":"IRONCLAD","items_purchased":["Juzu Bracelet","Shrug It Off","Shrug It Off"],"campfire_rested":1,"item_purchase_floors":[11,11,12],"current_hp_per_floor":[85,88,88,76,76,76,80,80,80,66,66,66,66,72,72,48,88,77,61,51,24,24,50,0],"gold":198,"neow_bonus":"TEN_PERCENT_HP_BONUS","is_prod":false,"is_daily":false,"chose_seed":false,"campfire_upgraded":1,"win_rate":0,"timestamp":1548258794,"path_taken":["M","M","M","?","?","R","M","M","T","E","?","$","E","M","R","BOSS","M","?","M","M","?","R","E"],"build_version":"2019-01-17v2","purchased_purges":0,"victory":false,"max_hp_per_floor":[88,88,88,88,88,88,88,88,88,88,88,88,88,88,88,88,88,88,88,88,88,88,88,88],"card_choices":[{"not_picked":["Rampage","Sword Boomerang"],"picked":"Body Slam","floor":1.0},{"not_picked":["Flex","Dual Wield"],"picked":"Metallicize","floor":2.0},{"not_picked":["Perfected Strike","Anger"],"picked":"Iron Wave","floor":3.0},{"not_picked":["Warcry","Thunderclap","Offering"],"picked":"SKIP","floor":7.0},{"not_picked":["Inflame","Body Slam","Perfected Strike"],"picked":"SKIP","floor":8.0},{"not_picked":["Anger","Shockwave"],"picked":"Whirlwind","floor":10},{"not_picked":["Wild Strike","Pommel Strike"],"picked":"Flame Barrier","floor":13},{"not_picked":["Flex","Thunderclap"],"picked":"Cleave","floor":14},{"not_picked":["Limit Break","Demon Form"],"picked":"Feed","floor":16},{"not_picked":["Uppercut","Flex+1","Combust"],"picked":"SKIP","floor":18},{"not_picked":["Body Slam","Perfected Strike","Armaments"],"picked":"SKIP","floor":20},{"not_picked":["Pummel","Spot Weakness","Sword Boomerang"],"picked":"SKIP","floor":21}],"player_experience":402728,"relics_obtained":[{"floor":10,"key":"PreservedInsect"},{"floor":13,"key":"Bag of Marbles"},{"floor":19,"key":"Nilry\u0027s Codex"}],"event_choices":[{"damage_healed":0.0,"max_hp_gain":0.0,"max_hp_loss":0.0,"gold_gain":0.0,"event_name":"Scrap Ooze","player_choice":"Success","floor":4.0,"gold_loss":0.0,"damage_taken":12.0,"relics_obtained":["Centennial Puzzle"]},{"damage_healed":0.0,"max_hp_gain":0.0,"max_hp_loss":0.0,"gold_gain":0.0,"event_name":"Liars Game","player_choice":"Ignored","floor":5.0,"gold_loss":0.0,"damage_taken":0.0},{"damage_healed":0,"gold_gain":0,"player_choice":"Obtained Book","damage_taken":16,"max_hp_gain":0,"max_hp_loss":0,"event_name":"Cursed Tome","floor":19,"gold_loss":0},{"damage_healed":0,"gold_gain":0,"player_choice":"Ignored","damage_taken":0,"max_hp_gain":0,"max_hp_loss":0,"event_name":"Vampires","floor":22,"gold_loss":0}],"is_beta":false,"boss_relics":[{"not_picked":["Lizard Tail","Velvet Choker"],"picked":"Black Star"}],"items_purged_floors":[],"is_endless":false,"potions_floor_spawned":[1,2,10,14,16,18],"killed_by":"Gremlin Leader","ascension_level":0}