{"gold_per_floor":[119,119,69,17,35,61,77,109,136,60,60,79,93,113,113,214,214,234,249,249,262,100,100,116,116,116,116],"floor_reached":27,"playtime":2853,"items_purged":["Strike_G"],"score":250,"play_id":"33450a0a-1578-46ff-b87a-3c3a37ead370","local_time":"20181114190555","is_ascension_mode":false,"campfire_choices":[{"floor":11,"key":"REST"},{"floor":15,"key":"REST"},{"data":"Envenom","floor":23,"key":"SMITH"},{"floor":25,"key":"REST"}],"neow_cost":"NONE","seed_source_timestamp":1998291982670,"circlet_count":0,"master_deck":["Defend_G","Defend_G","Defend_G","Defend_G","Strike_G","Strike_G","Strike_G","Strike_G","Survivor","Neutralize","Noxious Fumes","Backflip","Bane","Distraction","Poisoned Stab","Noxious Fumes","Dagger Throw","Crippling Poison","Corpse Explosion","Cloak And Dagger","Catalyst","Adrenaline","Quick Slash","Noxious Fumes","Envenom+1","Deflect","Dagger Spray"],"relics":["Ring of the Snake","NeowsBlessing","Omamori","Dream Catcher","Smiling Mask","MawBank","Sozu","Mummified Hand"],"potions_floor_usage":[8,21,27,27],"damage_taken":[{"damage":0,"enemies":"2 Louse","floor":1,"turns":1},{"damage":0,"enemies":"Small Slimes","floor":5,"turns":1},{"damage":0,"enemies":"3 Sentries","floor":6,"turns":1},{"damage":0,"enemies":"Jaw Worm","floor":7,"turns":3},{"damage":26,"enemies":"Gremlin Nob","floor":8,"turns":5},{"damage":3,"enemies":"Large Slime","floor":12,"turns":6},{"damage":10,"enemies":"Exordium Wildlife","floor":13,"turns":4},{"damage":11,"enemies":"Blue Slaver","floor":14,"turns":5},{"damage":18,"enemies":"Slime Boss","floor":16,"turns":9},{"damage":12,"enemies":"2 Thieves","floor":18,"turns":3},{"damage":0,"enemies":"Chosen","floor":19,"turns":4},{"damage":11,"enemies":"Snecko","floor":21,"turns":5},{"damage":35,"enemies":"Chosen and Byrds","floor":24,"turns":5},{"damage":39,"enemies":"Book of Stabbing","floor":27,"turns":5}],"seed_played":"623534834014428953","potions_obtained":[{"floor":6,"key":"Fruit Juice"},{"floor":12,"key":"Swift Potion"},{"floor":14,"key":"LiquidBronze"},{"floor":16,"key":"GamblersBrew"}],"is_trial":false,"path_per_floor":["M","?","?","$","M","E","M","E","T","$","R","M","M","M","R","B",null,"M","M","?","M","$","R","M","R","T","E"],"character_chosen":"THE_SILENT","items_purchased":["Backflip","Noxious Fumes","Envenom"],"campfire_rested":3,"item_purchase_floors":[4,10,22],"current_hp_per_floor":[70,52,52,52,52,52,52,31,31,31,53,50,40,29,51,33,75,63,63,63,52,52,52,17,39,39,0],"gold":116,"neow_bonus":"THREE_ENEMY_KILL","is_prod":false,"is_daily":false,"chose_seed":false,"campfire_upgraded":1,"win_rate":0,"timestamp":1542222355,"path_taken":["M","?","?","$","M","E","M","E","T","$","R","M","M","M","R","BOSS","M","M","?","M","$","R","M","R","T","E"],"build_version":"2018-11-13","purchased_purges":1,"victory":false,"max_hp_per_floor":[70,70,70,70,70,70,70,75,75,75,75,75,75,75,75,75,75,75,75,75,75,75,75,75,75,75,75],"card_choices":[{"not_picked":["PiercingWail","Heel Hook"],"picked":"Noxious Fumes","floor":1},{"not_picked":["Backflip","Leg Sweep","Blade Dance"],"picked":"SKIP","floor":5},{"not_picked":["Masterful Stab","Blade Dance"],"picked":"Bane","floor":6},{"not_picked":["Infinite Blades","Predator"],"picked":"Distraction","floor":7},{"not_picked":["Backflip","Prepared"],"picked":"Poisoned Stab","floor":8},{"not_picked":["Slice","Bane"],"picked":"Dagger Throw","floor":11},{"not_picked":["Slice","Tactician"],"picked":"Crippling Poison","floor":12},{"not_picked":["Quick Slash","Flying Knee"],"picked":"Corpse Explosion","floor":13},{"not_picked":["Deadly Poison","Backflip"],"picked":"Cloak And Dagger","floor":14},{"not_picked":["Prepared","Dodge and Roll"],"picked":"Catalyst","floor":15},{"not_picked":["Phantasmal Killer","Venomology"],"picked":"Adrenaline","floor":16},{"not_picked":["Concentrate","Acrobatics"],"picked":"Quick Slash","floor":18},{"not_picked":["Distraction","Expertise+1"],"picked":"Noxious Fumes","floor":19},{"not_picked":["Riddle With Holes+1","Prepared","Dagger Throw"],"picked":"SKIP","floor":21},{"not_picked":["Grand Finale","Blade Dance"],"picked":"Deflect","floor":24},{"not_picked":["Blade Dance","Eviscerate"],"picked":"Dagger Spray","floor":25}],"player_experience":168253,"relics_obtained":[{"floor":6,"key":"Dream Catcher"},{"floor":8,"key":"Smiling Mask"},{"floor":9,"key":"MawBank"},{"floor":26,"key":"Mummified Hand"}],"event_choices":[{"damage_healed":0,"gold_gain":0,"player_choice":"Success","damage_taken":18,"relics_obtained":["Omamori"],"max_hp_gain":0,"max_hp_loss":0,"event_name":"Scrap Ooze","floor":2,"gold_loss":0},{"cards_removed":["Defend_G"],"damage_healed":0,"gold_gain":0,"player_choice":"Card Removal","damage_taken":0,"max_hp_gain":0,"max_hp_loss":0,"event_name":"The Cleric","floor":3,"gold_loss":50},{"damage_healed":0,"gold_gain":0,"player_choice":"Ignored","damage_taken":0,"max_hp_gain":0,"max_hp_loss":0,"event_name":"Beggar","floor":20,"gold_loss":0}],"is_beta":true,"boss_relics":[{"not_picked":["Empty Cage","Black Star"],"picked":"Sozu"}],"items_purged_floors":[10],"is_endless":false,"potions_floor_spawned":[6,12,14,16,18,21],"killed_by":"Book of Stabbing","ascension_level":0}