{"gold_per_floor":[19,39,55,75,150,179,179,179,179,179,25,53,65,65],"floor_reached":14,"playtime":1128,"items_purged":["Strike_B"],"score":120,"play_id":"973209cd-bfd7-4fcc-b70a-e4e5d920562c","local_time":"20181213184757","is_ascension_mode":true,"campfire_choices":[{"floor":8,"key":"REST"}],"neow_cost":"NO_GOLD","seed_source_timestamp":12306075421461,"circlet_count":0,"master_deck":["Strike_B","Defend_B","Defend_B","Defend_B","Defend_B","Zap","Dualcast","Scrape","Reboot","Beam Cell","Capacitor","Gash","Cold Snap","Seek","Parasite","BootSequence","Stack","Self Repair+1"],"relics":["Cracked Core","Frozen Egg 2","Calipers","Du-Vu Doll","Centennial Puzzle"],"potions_floor_usage":[6,14],"damage_taken":[{"damage":1,"enemies":"Cultist","floor":1,"turns":3},{"damage":2,"enemies":"Small Slimes","floor":2,"turns":2},{"damage":6,"enemies":"2 Louse","floor":3,"turns":3},{"damage":0,"enemies":"Large Slime","floor":4,"turns":4},{"damage":41,"enemies":"Gremlin Nob","floor":6,"turns":5},{"damage":26,"enemies":"3 Sentries","floor":12,"turns":7},{"damage":3,"enemies":"Blue Slaver","floor":13,"turns":3},{"damage":27,"enemies":"Gremlin Nob","floor":14,"turns":3}],"seed_played":"147615772711356368","potions_obtained":[{"floor":4,"key":"Weak Potion"},{"floor":13,"key":"LiquidBronze"}],"is_trial":false,"path_per_floor":["M","M","M","M","?","E","?","R","T","?","$","E","M","E"],"character_chosen":"DEFECT","items_purchased":["BootSequence"],"campfire_rested":1,"item_purchase_floors":[11],"current_hp_per_floor":[74,72,66,66,55,14,2,24,24,42,42,16,13,0],"gold":65,"neow_bonus":"TRANSFORM_TWO_CARDS","is_prod":false,"is_daily":false,"chose_seed":false,"campfire_upgraded":0,"win_rate":0,"timestamp":1544755677,"path_taken":["M","?","M","M","?","E","?","R","T","?","?","E","M","E"],"build_version":"2018-12-13","purchased_purges":1,"victory":false,"max_hp_per_floor":[75,75,75,75,75,75,75,75,75,75,75,75,75,75],"card_choices":[{"not_picked":["Compile Driver","Rebound"],"picked":"Beam Cell","floor":1},{"not_picked":["Cold Snap","Loop"],"picked":"Capacitor","floor":2},{"not_picked":["Barrage","Genetic Algorithm"],"picked":"Gash","floor":3},{"not_picked":["Beam Cell","Barrage"],"picked":"Cold Snap","floor":4},{"not_picked":["Steam Power","Leap"],"picked":"Seek","floor":6},{"not_picked":["Rebound","Recycle"],"picked":"Stack","floor":12},{"not_picked":["Rebound","Auto Shields"],"picked":"Self Repair+1","floor":13}],"player_experience":324124,"relics_obtained":[{"floor":6,"key":"Frozen Egg 2"},{"floor":9,"key":"Du-Vu Doll"},{"floor":12,"key":"Centennial Puzzle"}],"event_choices":[{"damage_healed":0,"gold_gain":75,"player_choice":"Gather Gold","damage_taken":11,"max_hp_gain":0,"max_hp_loss":0,"event_name":"World of Goop","floor":5,"gold_loss":0},{"damage_healed":0,"gold_gain":0,"player_choice":"Success","damage_taken":12,"relics_obtained":["Calipers"],"max_hp_gain":0,"max_hp_loss":0,"event_name":"Scrap Ooze","floor":7,"gold_loss":0},{"damage_healed":18,"gold_gain":0,"player_choice":"Healed and dodged fight","damage_taken":0,"max_hp_gain":0,"max_hp_loss":0,"event_name":"Mushrooms","floor":10,"gold_loss":0,"cards_obtained":["Parasite"]}],"is_beta":true,"boss_relics":[],"items_purged_floors":[11],"is_endless":false,"potions_floor_spawned":[4,13],"killed_by":"Gremlin Nob","ascension_level":4}