{"gold_per_floor":[114,114,137,149,160,160,190,190,190,190,210,221,253,253,253,349,349,360,300,314,314],"floor_reached":21,"playtime":3190,"items_purged":[],"score":189,"play_id":"ff3307af-9c25-43c4-9419-e4b0f8655764","local_time":"20190127232905","is_ascension_mode":false,"campfire_choices":[{"data":"SecondHand","floor":6,"key":"SMITH"},{"data":"Accruing","floor":8,"key":"SMITH"},{"data":"Echoward","floor":10,"key":"SMITH"},{"floor":15,"key":"REST"}],"neow_cost":"NONE","seed_source_timestamp":180338664349638,"circlet_count":0,"master_deck":["Strike_Br","Strike_Br","Strike_Br","Strike_Br","Defend_Br","Defend_Br","Defend_Br","Defend_Br","SecondHand+1","PatternShift","ResonantCall","Accruing+1","WatchCommand","Echoward+1","Break","Parity+1","VestedLegacy+1","LockedMercury","BlueShift+1","Echonomics+1","ResonantCall+1","BiteCommand+1","TickedOff+1"],"relics":["Chronometer","BlueBox","Toxic Egg 2","Molten Egg 2","The Courier","Sozu"],"potions_floor_usage":[7,7,16],"damage_taken":[{"damage":0,"enemies":"2 Louse","floor":1,"turns":2},{"damage":1,"enemies":"Jaw Worm","floor":4,"turns":7},{"damage":1,"enemies":"Cultist","floor":5,"turns":4},{"damage":14,"enemies":"Gremlin Nob","floor":7,"turns":7},{"damage":6,"enemies":"Blue Slaver","floor":11,"turns":4},{"damage":8,"enemies":"Red Slaver","floor":12,"turns":5},{"damage":2,"enemies":"Lagavulin","floor":13,"turns":10},{"damage":32,"enemies":"Slime Boss","floor":16,"turns":30},{"damage":18,"enemies":"3 Byrds","floor":18,"turns":13},{"damage":6,"enemies":"2 Thieves","floor":19,"turns":4},{"damage":23,"enemies":"Snake Plant","floor":20,"turns":7},{"damage":37,"enemies":"Chosen and Byrds","floor":21,"turns":14}],"seed_played":"8871881075806731957","potions_obtained":[{"floor":1,"key":"Fire Potion"},{"floor":4,"key":"GamblersBrew"},{"floor":12,"key":"Block Potion"}],"is_trial":false,"path_per_floor":["M","?","T","M","M","R","E","R","T","R","M","M","E","?","R","B",null,"M","M","M","M"],"character_chosen":"CHRONO_CLASS","items_purchased":[],"campfire_rested":1,"item_purchase_floors":[],"current_hp_per_floor":[71,76,76,75,74,74,60,60,60,60,54,46,44,44,66,34,76,58,52,29,0],"gold":314,"neow_bonus":"TEN_PERCENT_HP_BONUS","is_prod":false,"is_daily":false,"chose_seed":false,"campfire_upgraded":3,"win_rate":0.0,"timestamp":1548660545,"path_taken":["M","?","?","M","M","R","E","R","T","R","M","M","E","?","R","BOSS","M","?","M","M"],"build_version":"2019-01-23","purchased_purges":0,"victory":false,"max_hp_per_floor":[71,76,76,76,76,76,76,76,76,76,76,76,76,76,76,76,76,76,76,76,76],"card_choices":[{"not_picked":["WatchCommand","Accruing"],"picked":"ResonantCall","floor":1},{"not_picked":["LockedScales","Tempo"],"picked":"Echoward","floor":4},{"not_picked":["Engulf","AlternateTimeline"],"picked":"Break","floor":5},{"not_picked":["Engulf","LockedBlood"],"picked":"Parity","floor":7},{"not_picked":["HandsUp+1","Tempo+1"],"picked":"VestedLegacy+1","floor":11},{"not_picked":["LockedPlans","LockedOrichalcum"],"picked":"LockedMercury","floor":12},{"not_picked":["PrimeTime+1","LockedAnchor"],"picked":"BlueShift+1","floor":13},{"not_picked":["OverTime+1","LockedAstrolabe"],"picked":"Echonomics+1","floor":16},{"not_picked":["CrunchTime+1","Break+1"],"picked":"ResonantCall+1","floor":18},{"not_picked":["Echoward+1","ResonantCall+1"],"picked":"BiteCommand+1","floor":19},{"not_picked":["ExoVibe+1","Tempo+1"],"picked":"TickedOff+1","floor":20}],"player_experience":275597,"relics_obtained":[{"floor":3,"key":"BlueBox"},{"floor":7,"key":"Toxic Egg 2"},{"floor":9,"key":"Molten Egg 2"},{"floor":13,"key":"The Courier"}],"event_choices":[{"damage_healed":0,"gold_gain":0,"player_choice":"Donut","damage_taken":0,"max_hp_gain":5,"max_hp_loss":0,"event_name":"Big Fish","floor":2,"gold_loss":0},{"damage_healed":0,"gold_gain":0,"player_choice":"Ignored","damage_taken":0,"max_hp_gain":0,"max_hp_loss":0,"event_name":"NoteForYourself","floor":14,"gold_loss":0}],"is_beta":false,"boss_relics":[{"not_picked":["Coffee Dripper","White Beast Statue"],"picked":"Sozu"}],"items_purged_floors":[],"is_endless":false,"potions_floor_spawned":[1,4,12,20],"killed_by":"Chosen and Byrds","ascension_level":0}