{"gold_per_floor":[111,111,111,135,310,310,354,354,422,436,460,460,478,512,512,632,632,652,30,30,54,68,111,111,136,205,220,220,263,263,288,288,408,408,424,487,511,636,969,1003,1003,1003,1003,1003,1029,8,20,48,48,48],"floor_reached":51,"playtime":9036,"items_purged":[],"score":953,"play_id":"8162bff5-df78-45b5-8f0a-727c2237eb70","local_time":"20190121220740","is_ascension_mode":false,"campfire_choices":[{"floor":6.0,"key":"REST"},{"data":"PendulumOfEternity","floor":8.0,"key":"SMITH"},{"data":"ShatteredReality","floor":12.0,"key":"SMITH"},{"floor":15.0,"key":"REST"},{"floor":28.0,"key":"REST"},{"floor":32.0,"key":"REST"},{"floor":44.0,"key":"REST"},{"floor":49.0,"key":"REST"}],"neow_cost":"NONE","seed_source_timestamp":60981352087342,"circlet_count":0,"master_deck":["FlawlessForm+1","Clumsy","Clumsy","Clumsy","Clumsy","TheWorld+1","BottledTime+1","SpecialFormula+1","SilverBlades+1","Advance+1","BottledTime+1","Initiator+1","Comet+1","SpecialFormula+1","TheWorld+1","PendulumOfEternity+1","TheWorld+1","Potential+1","TimeWarp+1","TimeWarp+1","TheWorld+1","TimeWarp+1"],"special_seed":0,"relics":["Uniform","Seething Fire","Hammer of Thor","Anvil of the Gods","Du-Vu Doll","Ornamental Fan","Whetstone","Calling Bell","Smiling Mask","Toxic Egg 2","FossilizedHelix","Medical Kit","Unceasing Top","Nunchaku","The Courier","Blue Candle","WingedGreaves","Nilry\u0027s Codex","Cursed Key","Gambling Chip","Bird Faced Urn","PreservedInsect","Bottled Flame","Potion Belt","Boot","Regal Pillow","Juzu Bracelet","Centennial Puzzle","Pantograph","Art of War","Singing Bowl","Kunai"],"potions_floor_usage":[],"damage_taken":[{"damage":0.0,"enemies":"Jaw Worm","floor":1.0,"turns":5.0},{"damage":0.0,"enemies":"Cultist","floor":4.0,"turns":3.0},{"damage":0.0,"enemies":"Gremlin Nob","floor":7.0,"turns":5.0},{"damage":0.0,"enemies":"Small Slimes","floor":10.0,"turns":3.0},{"damage":0.0,"enemies":"Gremlin Gang","floor":11.0,"turns":5.0},{"damage":0.0,"enemies":"2 Fungi Beasts","floor":13.0,"turns":3.0},{"damage":2.0,"enemies":"Lagavulin","floor":14.0,"turns":5.0},{"damage":36.0,"enemies":"Slime Boss","floor":16.0,"turns":11.0},{"damage":0.0,"enemies":"Spheric Guardian","floor":18.0,"turns":4.0},{"damage":14.0,"enemies":"2 Thieves","floor":21.0,"turns":5.0},{"damage":0.0,"enemies":"Snake Plant","floor":22.0,"turns":5.0},{"damage":16.0,"enemies":"Book of Stabbing","floor":23.0,"turns":6.0},{"damage":0.0,"enemies":"Snecko","floor":25.0,"turns":6.0},{"damage":0.0,"enemies":"Centurion and Healer","floor":27.0,"turns":5.0},{"damage":0.0,"enemies":"Slavers","floor":29.0,"turns":4.0},{"damage":0.0,"enemies":"Cultist and Chosen","floor":31.0,"turns":6.0},{"damage":18.0,"enemies":"Collector","floor":33.0,"turns":9.0},{"damage":0.0,"enemies":"Orb Walker","floor":35.0,"turns":2.0},{"damage":0.0,"enemies":"2 Orb Walkers","floor":36.0,"turns":4.0},{"damage":0.0,"enemies":"3 Shapes","floor":37.0,"turns":3.0},{"damage":0.0,"enemies":"Mind Bloom Boss Battle","floor":38.0,"turns":3.0},{"damage":0.0,"enemies":"Reptomancer","floor":40.0,"turns":4.0},{"damage":0.0,"enemies":"Transient","floor":47.0,"turns":5.0},{"damage":0.0,"enemies":"Nemesis","floor":48.0,"turns":2.0},{"damage":37,"enemies":"Awakened One","floor":50,"turns":5}],"seed_played":"5526282077474635705","potions_obtained":[{"floor":11.0,"key":"EssenceOfSteel"},{"floor":13.0,"key":"Ancient Potion"},{"floor":18.0,"key":"Poison Potion"},{"floor":22.0,"key":"Poison Potion"},{"floor":25.0,"key":"Fruit Juice"},{"floor":29.0,"key":"Explosive Potion"},{"floor":33.0,"key":"Weak Potion"},{"floor":36.0,"key":"Regen Potion"},{"floor":40.0,"key":"Ancient Potion"}],"is_trial":false,"path_per_floor":["M","?","?","M","?","R","E","R","T","M","M","R","M","E","R","B",null,"M","$","?","M","M","E","?","M","T","M","R","E","?","M","R","B",null,"M","?","M","?","?","E","?","?","T","R","T","$","M","E","R","B",null],"character_chosen":"THE_SERVANT","items_purchased":["Medical Kit","Unceasing Top","Shuttle+1","SurpressingFire","Boot","Regal Pillow","Juzu Bracelet","Centennial Puzzle","Pantograph","Art of War","Singing Bowl"],"campfire_rested":6,"item_purchase_floors":[19,19,19,19,46,46,46,46,46,46,46],"current_hp_per_floor":[71,71,71,71,71,71,71,71,71,71,71,71,71,69,71,35,71,71,71,71,57,57,41,41,46,46,46,68,76,60,68,76,58,76,76,76,76,76,76,76,76,76,76,76,76,76,78,80,80,46],"gold":48,"neow_bonus":"TEN_PERCENT_HP_BONUS","is_prod":false,"is_daily":false,"chose_seed":false,"campfire_upgraded":2,"win_rate":0.0,"timestamp":1548137260,"path_taken":["M","?","?","?","?","R","E","R","T","M","M","R","M","E","R","BOSS","M","$","?","?","M","E","?","M","T","M","R","E","?","M","R","BOSS","M","?","M","?","?","E","?","?","T","R","?","$","M","E","R","BOSS"],"build_version":"2019-01-17v2","purchased_purges":0,"victory":true,"max_hp_per_floor":[71,71,71,71,71,71,71,71,71,71,71,71,71,71,71,71,71,71,71,71,71,71,71,71,76,76,76,76,76,76,76,76,76,76,76,76,76,76,76,76,76,76,76,76,76,76,78,80,80,80],"card_choices":[{"not_picked":["Ricochet","Rearm"],"picked":"FastForward","floor":1.0},{"not_picked":["Rearm","Starlight"],"picked":"Potential","floor":4.0},{"not_picked":["TimeWarp","FastForward"],"picked":"PendulumOfEternity","floor":7.0},{"not_picked":["Sabotage","DoubleEdge"],"picked":"Reset","floor":10.0},{"not_picked":["Rewind","ShatteredReality"],"picked":"TimeWarp","floor":11.0},{"not_picked":["Starlight","TimeWarp"],"picked":"WasteNot","floor":13.0},{"not_picked":["FastForward","Potential"],"picked":"DualDimension","floor":14.0},{"not_picked":["ForgedInTime","Solidify"],"picked":"FlawlessForm","floor":16.0},{"not_picked":["ShatteredReality+1","Alleviate+1"],"picked":"SurpressingFire","floor":18.0},{"not_picked":["Defy+1","TimeWarp+1"],"picked":"FastForward+1","floor":21.0},{"not_picked":["BestPractice","FloweringNight"],"picked":"GearUp+1","floor":22.0},{"not_picked":["ShatteredReality","Alleviate+1"],"picked":"TheWorld+1","floor":23.0},{"not_picked":["Starlight","FastForward+1"],"picked":"BottledTime+1","floor":25.0},{"not_picked":["Spin","DoubleEdge"],"picked":"SpecialFormula+1","floor":27.0},{"not_picked":["Duplication+1","Collapse+1"],"picked":"SilverBlades","floor":29.0},{"not_picked":["Hightail+1","StarChef"],"picked":"Contraction+1","floor":31.0},{"not_picked":["TheWorld+1","Solidify+1"],"picked":"LightFlow","floor":33.0},{"not_picked":["Defy+1","BestPractice"],"picked":"Foresight+1","floor":35.0},{"not_picked":["Starlight","Rearm+1"],"picked":"BottledTime+1","floor":36.0},{"not_picked":["Rewind+1","ShatteredReality+1","Rearm+1"],"picked":"SKIP","floor":37.0},{"not_picked":["Rewind+1","ShatteredReality+1","Rearm+1"],"picked":"SKIP","floor":37.0},{"not_picked":["Rewind+1","ShatteredReality+1","Rearm+1"],"picked":"SKIP","floor":37.0},{"not_picked":["Ricochet+1","ReturningBlade"],"picked":"DualDimension+1","floor":38.0},{"not_picked":["Replace+1","Read+1"],"picked":"RealityMarble","floor":40.0},{"not_picked":["Defy+1","Spin","Hightail+1"],"picked":"Singing Bowl","floor":47.0},{"not_picked":["SilverBlades","SurpressingFire+1","FastForward+1"],"picked":"Singing Bowl","floor":48.0}],"player_experience":260210,"relics_obtained":[{"floor":7.0,"key":"Du-Vu Doll"},{"floor":9.0,"key":"Ornamental Fan"},{"floor":14.0,"key":"Whetstone"},{"floor":17.0,"key":"Smiling Mask"},{"floor":17.0,"key":"Toxic Egg 2"},{"floor":17.0,"key":"FossilizedHelix"},{"floor":23.0,"key":"Nunchaku"},{"floor":26.0,"key":"Blue Candle"},{"floor":29.0,"key":"WingedGreaves"},{"floor":30.0,"key":"Nilry\u0027s Codex"},{"floor":36.0,"key":"Gambling Chip"},{"floor":38.0,"key":"Bird Faced Urn"},{"floor":40.0,"key":"PreservedInsect"},{"floor":43.0,"key":"Bottled Flame"},{"floor":45.0,"key":"Potion Belt"},{"floor":48.0,"key":"Kunai"}],"event_choices":[{"damage_healed":0.0,"max_hp_gain":0.0,"max_hp_loss":0.0,"gold_gain":0.0,"event_name":"Golden Idol","player_choice":"Take Wound","floor":2.0,"gold_loss":0.0,"damage_taken":0.0,"relics_obtained":["Golden Idol"],"cards_obtained":["Injury"]},{"damage_healed":0.0,"max_hp_gain":0.0,"max_hp_loss":0.0,"gold_gain":0.0,"cards_transformed":["Strike_S"],"event_name":"Transmorgrifier","player_choice":"Transformed","floor":3.0,"gold_loss":0.0,"damage_taken":0.0,"cards_obtained":["Collapse"]},{"damage_healed":0.0,"max_hp_gain":0.0,"max_hp_loss":0.0,"gold_gain":175.0,"event_name":"Liars Game","player_choice":"AGREE","floor":5.0,"gold_loss":0.0,"damage_taken":0.0,"cards_obtained":["Doubt"]},{"damage_healed":0.0,"max_hp_gain":0.0,"max_hp_loss":0.0,"gold_gain":0.0,"cards_transformed":["Defend_S"],"event_name":"Transmorgrifier","player_choice":"Transformed","floor":20.0,"gold_loss":0.0,"damage_taken":0.0,"cards_obtained":["Starlight"]},{"damage_healed":0.0,"max_hp_gain":0.0,"max_hp_loss":0.0,"gold_gain":0.0,"event_name":"The Mausoleum","player_choice":"Opened","floor":24.0,"gold_loss":0.0,"damage_taken":0.0,"relics_obtained":["The Courier"]},{"damage_healed":0.0,"max_hp_gain":0.0,"max_hp_loss":0.0,"gold_gain":0.0,"event_name":"Cursed Tome","player_choice":"Obtained Book","floor":30.0,"gold_loss":0.0,"damage_taken":16.0},{"damage_healed":0.0,"max_hp_gain":0.0,"max_hp_loss":0.0,"gold_gain":0.0,"event_name":"Mysterious Sphere","player_choice":"Fight","floor":36.0,"gold_loss":0.0,"damage_taken":0.0},{"damage_healed":0.0,"max_hp_gain":0.0,"max_hp_loss":0.0,"gold_gain":0.0,"event_name":"MindBloom","player_choice":"Fight","floor":38.0,"gold_loss":0.0,"damage_taken":0.0},{"damage_healed":0.0,"max_hp_gain":0.0,"max_hp_loss":0.0,"gold_gain":333.0,"event_name":"The Moai Head","player_choice":"Gave Idol","floor":39.0,"relics_lost":["Golden Idol"],"gold_loss":0.0,"damage_taken":0.0},{"cards_removed":["ShatteredReality"],"damage_healed":0.0,"max_hp_gain":0.0,"max_hp_loss":0.0,"gold_gain":0.0,"event_name":"Falling","player_choice":"Removed Attack","floor":41.0,"gold_loss":0.0,"damage_taken":0.0},{"damage_healed":0.0,"max_hp_gain":0.0,"max_hp_loss":0.0,"gold_gain":0.0,"event_name":"Tomb of Lord Red Mask","player_choice":"Ignored","floor":42.0,"gold_loss":0.0,"damage_taken":0.0}],"is_beta":false,"boss_relics":[{"not_picked":["Runic Pyramid","Busted Crown"],"picked":"Calling Bell"},{"not_picked":["Philosopher\u0027s Stone","White Beast Statue"],"picked":"Cursed Key"}],"items_purged_floors":[],"is_endless":false,"potions_floor_spawned":[11,13,18,22,25,29,33,36,40],"ascension_level":0}