{"gold_per_floor":[113,38,38,52,67,67,102,29,29,29,100,100],"floor_reached":12,"playtime":299,"items_purged":["Strike_G"],"score":152,"play_id":"b3ad7ca7-1ac5-4f9c-af9c-49dccfa50cb8","local_time":"20190304213156","is_ascension_mode":true,"campfire_choices":[{"data":"Dagger Spray","floor":6,"key":"SMITH"}],"neow_cost":"NONE","seed_source_timestamp":298948327750000,"circlet_count":0,"master_deck":["AscendersBane","Defend_G","Defend_G","Defend_G","Defend_G","Defend_G","Strike_G","Strike_G","Strike_G","Strike_G","Survivor","Neutralize+1","Dagger Spray+1","Injury","Flying Knee","Finisher","Dash"],"relics":["Ring of the Snake","Golden Idol","Darkstone Periapt","Mercury Hourglass","FossilizedHelix"],"potions_floor_usage":[7],"damage_taken":[{"damage":3,"enemies":"Small Slimes","floor":1,"turns":4},{"damage":7,"enemies":"2 Louse","floor":4,"turns":3},{"damage":6,"enemies":"Jaw Worm","floor":5,"turns":5},{"damage":35,"enemies":"3 Sentries","floor":7,"turns":7},{"damage":8,"enemies":"Lagavulin","floor":12,"turns":5}],"seed_played":"8497020899179609614","potions_obtained":[{"floor":1,"key":"SmokeBomb"},{"floor":4,"key":"AttackPotion"}],"is_trial":false,"path_per_floor":["M","$","?","M","M","R","E","?","T","?","?","E"],"character_chosen":"THE_SILENT","items_purchased":[],"campfire_rested":0,"item_purchase_floors":[],"current_hp_per_floor":[56,56,56,49,43,43,8,8,8,8,8,0],"gold":100,"neow_bonus":"UPGRADE_CARD","is_prod":false,"is_daily":false,"chose_seed":false,"campfire_upgraded":1,"win_rate":0,"timestamp":1551735116,"path_taken":["M","$","?","M","M","R","E","?","T","?","?","E"],"build_version":"2019-01-23","purchased_purges":1,"victory":false,"max_hp_per_floor":[66,66,66,66,66,66,66,66,66,66,66,66],"card_choices":[{"not_picked":["Leg Sweep","Acrobatics"],"picked":"Dagger Spray","floor":1},{"not_picked":["Dagger Throw","Backflip"],"picked":"Flying Knee","floor":4},{"not_picked":["Backflip","Blur"],"picked":"Finisher","floor":5},{"not_picked":["Blade Dance","Crippling Poison"],"picked":"Dash","floor":7}],"player_experience":1229386,"relics_obtained":[{"floor":7,"key":"Darkstone Periapt"},{"floor":9,"key":"Mercury Hourglass"}],"event_choices":[{"damage_healed":0,"gold_gain":0,"player_choice":"Take Wound","damage_taken":0,"relics_obtained":["Golden Idol"],"max_hp_gain":0,"max_hp_loss":0,"event_name":"Golden Idol","floor":3,"gold_loss":0,"cards_obtained":["Injury"]},{"damage_healed":0,"gold_gain":0,"player_choice":"Left Gold","damage_taken":0,"max_hp_gain":0,"max_hp_loss":0,"event_name":"World of Goop","floor":8,"gold_loss":73},{"damage_healed":0,"gold_gain":0,"player_choice":"Searched \u00271\u0027 times","damage_taken":0,"relics_obtained":["FossilizedHelix"],"max_hp_gain":0,"max_hp_loss":0,"event_name":"Dead Adventurer","floor":10,"gold_loss":0},{"damage_healed":0,"gold_gain":71,"player_choice":"Gained Gold","damage_taken":0,"max_hp_gain":0,"max_hp_loss":0,"event_name":"Golden Wing","floor":11,"gold_loss":0}],"is_beta":false,"boss_relics":[],"items_purged_floors":[2],"is_endless":false,"potions_floor_spawned":[1,4],"killed_by":"Lagavulin","ascension_level":20}