{"gold_per_floor":[114,114,114,114,134,168,183,217,217,271,271],"floor_reached":11,"playtime":1284,"items_purged":[],"score":89,"play_id":"c3f6154f-ad75-48ce-82d4-41e0999f5efc","local_time":"20181129203204","is_ascension_mode":true,"campfire_choices":[],"neow_cost":"PERCENT_DAMAGE","seed_source_timestamp":4421271734896,"circlet_count":0,"master_deck":["Strike_B","Strike_B","Strike_B","Defend_B","Defend_B","Defend_B","Defend_B","Zap","Dualcast","Meteor Strike","Coolheaded","Machine Learning","Pain","Glacier","Force Field","Capacitor"],"relics":["Cracked Core","Darkstone Periapt","WarpedTongs","Ginger","Pantograph","StoneCalendar","Omamori"],"potions_floor_usage":[8],"damage_taken":[{"damage":2,"enemies":"Jaw Worm","floor":1,"turns":3},{"damage":5,"enemies":"2 Louse","floor":5,"turns":3},{"damage":18,"enemies":"3 Sentries","floor":6,"turns":12},{"damage":4,"enemies":"Cultist","floor":7,"turns":6},{"damage":21,"enemies":"Lagavulin","floor":8,"turns":11},{"damage":24,"enemies":"3 Sentries","floor":11,"turns":4}],"seed_played":"3614343563120773655","potions_obtained":[{"floor":7,"key":"Regen Potion"}],"is_trial":false,"path_per_floor":["M","?","?","?","M","E","M","E","T","T","E"],"character_chosen":"DEFECT","items_purchased":[],"campfire_rested":0,"item_purchase_floors":[],"current_hp_per_floor":[52,52,45,51,46,28,24,18,18,18,0],"gold":271,"neow_bonus":"THREE_RARE_CARDS","is_prod":false,"is_daily":false,"chose_seed":false,"campfire_upgraded":0,"win_rate":0,"timestamp":1543552324,"path_taken":["M","?","?","?","?","E","M","E","T","?","E"],"build_version":"2018-11-15","purchased_purges":0,"victory":false,"max_hp_per_floor":[75,75,75,81,81,81,81,81,81,81,81],"card_choices":[{"not_picked":["Hyperbeam","Seek"],"picked":"Meteor Strike","floor":0},{"not_picked":["Rebound","Streamline"],"picked":"Coolheaded","floor":1},{"not_picked":["Rip and Tear","Stack"],"picked":"Glacier","floor":5},{"not_picked":["Consume","Gash"],"picked":"Force Field","floor":6},{"not_picked":["BootSequence","Sweeping Beam"],"picked":"Capacitor","floor":7},{"not_picked":["Sweeping Beam","Gash","Consume"],"picked":"SKIP","floor":8}],"player_experience":268476,"relics_obtained":[{"floor":6,"key":"Ginger"},{"floor":8,"key":"Pantograph"},{"floor":9,"key":"StoneCalendar"},{"floor":10,"key":"Omamori"}],"event_choices":[{"damage_healed":0,"gold_gain":0,"cards_transformed":["Strike_B"],"player_choice":"Change","damage_taken":0,"max_hp_gain":0,"max_hp_loss":0,"event_name":"Living Wall","floor":2,"gold_loss":0,"cards_obtained":["Machine Learning"]},{"damage_healed":0,"gold_gain":0,"player_choice":"Success","damage_taken":7,"relics_obtained":["Darkstone Periapt"],"max_hp_gain":0,"max_hp_loss":0,"event_name":"Scrap Ooze","floor":3,"gold_loss":0},{"damage_healed":0,"gold_gain":0,"player_choice":"Rummage","damage_taken":0,"relics_obtained":["WarpedTongs"],"max_hp_gain":0,"max_hp_loss":0,"event_name":"Accursed Blacksmith","floor":4,"gold_loss":0,"cards_obtained":["Pain"]}],"is_beta":true,"boss_relics":[],"items_purged_floors":[],"is_endless":false,"potions_floor_spawned":[7],"killed_by":"3 Sentries","ascension_level":2}