{"gold_per_floor":[113,188,203,213,213,213,248,248,271,25,41,41,72,52,52,123,123,136,55,55,55,55,55,46,46,46,79,79,79,79,79],"floor_reached":31,"playtime":791,"items_purged":["Strike_B"],"score":514,"play_id":"48eacc6e-92df-488f-8a13-5f038d206a23","local_time":"20190419112737","is_ascension_mode":true,"campfire_choices":[{"data":"Zap","floor":6.0,"key":"SMITH"},{"floor":8.0,"key":"REST"},{"data":"Defragment","floor":12.0,"key":"SMITH"},{"data":"Tempest","floor":15.0,"key":"SMITH"},{"floor":23.0,"key":"REST"},{"floor":25.0,"key":"REST"},{"floor":29.0,"key":"REST"}],"neow_cost":"NONE","seed_source_timestamp":774842064958300,"circlet_count":0,"master_deck":["AscendersBane","Strike_B","Strike_B","Defend_B","Defend_B","Defend_B","Defend_B","Zap+1","Dualcast","Capacitor","Self Repair","Ball Lightning","FTL","Cold Snap","Defragment+1","Glacier","Tempest+1","Rebound","Echo Form+1","Double Energy","Self Repair+1","Storm+1","White Noise"],"special_seed":0,"relics":["Cracked Core","NeowsBlessing","Bronze Scales","Blood Vial","Frozen Egg 2","Inserter","Bottled Flame","Gremlin Horn"],"potions_floor_usage":[31],"damage_taken":[{"damage":0.0,"enemies":"Jaw Worm","floor":1.0,"turns":1.0},{"damage":0.0,"enemies":"Small Slimes","floor":3.0,"turns":1.0},{"damage":0.0,"enemies":"Cultist","floor":4.0,"turns":1.0},{"damage":20.0,"enemies":"Lagavulin","floor":7.0,"turns":6.0},{"damage":9.0,"enemies":"Large Slime","floor":11.0,"turns":4.0},{"damage":10.0,"enemies":"3 Sentries","floor":13.0,"turns":7.0},{"damage":29.0,"enemies":"Hexaghost","floor":16.0,"turns":8.0},{"damage":34.0,"enemies":"Chosen","floor":18.0,"turns":5.0},{"damage":22.0,"enemies":"2 Thieves","floor":24.0,"turns":4.0},{"damage":46.0,"enemies":"Book of Stabbing","floor":27.0,"turns":5.0},{"damage":50,"enemies":"Slavers","floor":31,"turns":2}],"seed_played":"1253487772424412089","potions_obtained":[{"floor":1.0,"key":"Explosive Potion"},{"floor":3.0,"key":"SpeedPotion"},{"floor":14.0,"key":"LiquidBronze"},{"floor":27.0,"key":"Energy Potion"}],"is_trial":false,"path_per_floor":["M","?","M","M","?","R","E","R","T","$","M","R","E","?","R","B",null,"M","$","?","?","?","R","M","R","T","E","?","R","?","E"],"character_chosen":"DEFECT","items_purchased":["Defragment","Glacier","Self Repair+1"],"campfire_rested":4,"item_purchase_floors":[10,10,19],"current_hp_per_floor":[64,53,53,53,53,53,40,61,61,61,61,61,60,60,60,40,63,45,45,45,25,14,36,26,48,48,21,21,43,43,0],"gold":79,"neow_bonus":"THREE_ENEMY_KILL","is_prod":false,"is_daily":false,"chose_seed":false,"campfire_upgraded":3,"win_rate":0,"timestamp":1555669657,"path_taken":["M","?","M","M","?","R","E","R","T","$","M","R","E","?","R","BOSS","M","$","?","?","?","R","?","R","T","E","?","R","?","E"],"build_version":"2019-01-23","purchased_purges":1,"victory":false,"max_hp_per_floor":[71,71,71,71,71,71,71,71,71,71,71,71,71,71,71,71,71,71,71,71,76,76,76,76,76,76,76,76,76,76,76],"card_choices":[{"not_picked":["Redo","Skim"],"picked":"Capacitor","floor":1.0},{"not_picked":["Go for the Eyes","Chaos"],"picked":"Self Repair","floor":3.0},{"not_picked":["Hologram","Redo"],"picked":"Ball Lightning","floor":4.0},{"not_picked":["Storm","Amplify"],"picked":"Cold Snap","floor":7.0},{"not_picked":["Chill","Undo"],"picked":"Tempest","floor":11.0},{"not_picked":["Gash","Sweeping Beam"],"picked":"Rebound","floor":13.0},{"not_picked":["Seek","Hyperbeam"],"picked":"Echo Form+1","floor":16.0},{"not_picked":["Sweeping Beam","Coolheaded"],"picked":"Double Energy","floor":18.0},{"not_picked":["Barrage","Sweeping Beam"],"picked":"Storm+1","floor":24.0},{"not_picked":["Machine Learning+1","Conserve Battery"],"picked":"White Noise","floor":27.0}],"player_experience":1299546,"relics_obtained":[{"floor":7.0,"key":"Bronze Scales"},{"floor":9.0,"key":"Blood Vial"},{"floor":13.0,"key":"Frozen Egg 2"},{"floor":26.0,"key":"Bottled Flame"},{"floor":27.0,"key":"Gremlin Horn"}],"event_choices":[{"damage_healed":0.0,"max_hp_gain":0.0,"max_hp_loss":0.0,"gold_gain":75.0,"event_name":"World of Goop","player_choice":"Gather Gold","floor":2.0,"gold_loss":0.0,"damage_taken":11.0},{"damage_healed":0.0,"max_hp_gain":0.0,"max_hp_loss":0.0,"gold_gain":0.0,"cards_transformed":["Strike_B"],"event_name":"Living Wall","player_choice":"Change","floor":5.0,"gold_loss":0.0,"damage_taken":0.0,"cards_obtained":["FTL"]},{"damage_healed":0.0,"max_hp_gain":0.0,"max_hp_loss":0.0,"gold_gain":0.0,"event_name":"The Woman in Blue","player_choice":"Bought 1 Potion","floor":14.0,"gold_loss":0.0,"damage_taken":0.0},{"damage_healed":0.0,"max_hp_gain":0.0,"max_hp_loss":0.0,"gold_gain":0.0,"event_name":"Beggar","player_choice":"Ignored","floor":20.0,"gold_loss":0.0,"damage_taken":0.0},{"damage_healed":0.0,"max_hp_gain":5.0,"max_hp_loss":0.0,"gold_gain":0.0,"event_name":"Forgotten Altar","player_choice":"Shed Blood","floor":21.0,"gold_loss":0.0,"damage_taken":25.0},{"damage_healed":0.0,"max_hp_gain":0.0,"max_hp_loss":0.0,"gold_gain":0.0,"event_name":"Wheel of Change","player_choice":"Damaged","floor":22.0,"gold_loss":0.0,"damage_taken":11.0},{"damage_healed":0.0,"max_hp_gain":0.0,"max_hp_loss":0.0,"gold_gain":0.0,"event_name":"Cursed Tome","player_choice":"Ignored","floor":28.0,"gold_loss":0.0,"damage_taken":0.0}],"is_beta":false,"boss_relics":[{"not_picked":["Coffee Dripper","Runic Pyramid"],"picked":"Inserter"}],"items_purged_floors":[10],"is_endless":false,"potions_floor_spawned":[1,3,27],"killed_by":"Slavers","ascension_level":20}