{"gold_per_floor":[114,114,129,129,129,129,159,159,159,159,174,204,234,249,249,349,349,364,364,379,409,324,324,339,354,354,354,44,59,59,25,25,125,125,140,165,180,195,210,240,240],"floor_reached":41,"playtime":7490,"items_purged":["Regret"],"score":511,"play_id":"c176df14-4d3e-4173-94f6-71580fd7eca9","local_time":"20181111192116","daily_mods":["Insanity","Diverse","DeadlyEvents"],"is_ascension_mode":false,"campfire_choices":[{"data":"Infinite Blades","floor":6,"key":"SMITH"},{"data":"Evolve","floor":8,"key":"SMITH"},{"data":"Concentrate","floor":10,"key":"SMITH"},{"data":"Armaments","floor":15,"key":"SMITH"},{"floor":23,"key":"REST"},{"data":"Accuracy","floor":27,"key":"SMITH"},{"data":"White Noise","floor":30,"key":"SMITH"},{"floor":32,"key":"REST"}],"neow_cost":"","seed_source_timestamp":0,"circlet_count":0,"master_deck":["Dagger Spray","Acrobatics","Auto Shields","Cloak And Dagger","Streamline","Iron Wave","Cleave","Battle Trance","Infinite Blades+1","Cloak And Dagger","Leap","Reflex","Blizzard","Cloak And Dagger","Entrench","Skim","Sever Soul","Compile Driver","Disarm","Sword Boomerang","Iron Wave","Evolve+1","Stack","FTL","Gash","Lockon","Chaos","Heavy Blade","Clash","Armaments+1","Reinforced Body","Intimidate","Deflect","Flechettes","Deflect","Hologram","Outmaneuver","Hemokinesis","Blood for Blood","Go for the Eyes","Thunderclap","Flex","Reckless Charge","Deadly Poison","Well Laid Plans","Finisher","Sucker Punch","Quick Slash","Fusion","Fusion","Bullet Time","Concentrate+1","Anger+1","Reprogram","Evolve","Turbo","White Noise+1","Fission","Metallicize","Warcry+1","BootSequence","Accuracy+1","Inflame","Caltrops","Tools of the Trade","Skewer+1","Fusion+1","Blade Dance+1","Adrenaline"],"special_seed":17846,"relics":["Ring of the Snake","Bird Faced Urn","Molten Egg 2","Bronze Scales","Happy Flower","Regal Pillow","Lantern","WristBlade","The Specimen","Incense Burner","Gambling Chip","HandDrill","Empty Cage","Boot","Ancient Tea Set"],"potions_floor_usage":[16,16,16,20,33,33,40,40],"damage_taken":[{"damage":2,"enemies":"Jaw Worm","floor":1,"turns":2},{"damage":0,"enemies":"Cultist","floor":3,"turns":3},{"damage":10,"enemies":"Lagavulin","floor":7,"turns":5},{"damage":0,"enemies":"Small Slimes","floor":11,"turns":2},{"damage":9,"enemies":"3 Sentries","floor":12,"turns":3},{"damage":2,"enemies":"Lagavulin","floor":13,"turns":5},{"damage":4,"enemies":"Looter","floor":14,"turns":2},{"damage":30,"enemies":"The Guardian","floor":16,"turns":6},{"damage":29,"enemies":"2 Thieves","floor":18,"turns":3},{"damage":12,"enemies":"Shell Parasite","floor":20,"turns":2},{"damage":15,"enemies":"Book of Stabbing","floor":21,"turns":5},{"damage":23,"enemies":"Centurion and Healer","floor":24,"turns":7},{"damage":10,"enemies":"Shelled Parasite and Fungi","floor":25,"turns":3},{"damage":4,"enemies":"3 Cultists","floor":29,"turns":5},{"damage":8,"enemies":"Champ","floor":33,"turns":8},{"damage":21,"enemies":"3 Shapes","floor":35,"turns":4},{"damage":2,"enemies":"Orb Walker","floor":37,"turns":3},{"damage":11,"enemies":"Sphere and 2 Shapes","floor":38,"turns":4},{"damage":1,"enemies":"3 Darklings","floor":39,"turns":4},{"damage":59,"enemies":"Reptomancer","floor":40,"turns":8},{"damage":40,"enemies":"Giant Head","floor":41,"turns":6}],"seed_played":"4248358927187569089","potions_obtained":[{"floor":7,"key":"SpeedPotion"},{"floor":12,"key":"PowerPotion"},{"floor":14,"key":"FearPotion"},{"floor":18,"key":"PowerPotion"},{"floor":24,"key":"AttackPotion"},{"floor":25,"key":"AttackPotion"},{"floor":37,"key":"Ancient Potion"},{"floor":38,"key":"Weak Potion"}],"is_trial":false,"path_per_floor":["M","?","M","?","T","R","E","R","T","R","M","E","E","M","R","B",null,"M","?","M","E","?","R","M","M","T","R","$","M","R","$","R","B",null,"M","T","M","M","M","E","E"],"character_chosen":"THE_SILENT","items_purchased":["HandDrill","Inflame","Caltrops"],"campfire_rested":2,"item_purchase_floors":[28,28,31],"current_hp_per_floor":[68,68,68,68,68,68,62,62,62,62,64,57,63,61,61,39,70,43,36,30,21,21,57,44,40,40,40,40,42,42,42,70,66,70,49,49,51,46,53,10,0],"gold":240,"neow_bonus":"","is_prod":false,"is_daily":true,"chose_seed":false,"campfire_upgraded":6,"win_rate":0,"timestamp":1541992876,"path_taken":["M","?","?","?","?","R","E","R","T","R","M","?","E","M","R","BOSS","M","?","M","?","?","R","M","?","T","R","$","M","R","?","R","BOSS","M","?","?","M","M","E","?"],"build_version":"2018-11-08","purchased_purges":1,"victory":false,"max_hp_per_floor":[70,70,70,70,70,70,70,70,70,70,70,70,70,70,70,70,70,70,70,70,70,70,70,70,70,70,70,70,70,70,70,70,70,70,70,70,70,70,70,70,70],"card_choices":[{"not_picked":["Go for the Eyes","Flex"],"picked":"Fusion","floor":1},{"not_picked":["Predator","Leg Sweep"],"picked":"Concentrate","floor":3},{"not_picked":["Bane+1","Body Slam+1"],"picked":"Anger+1","floor":7},{"not_picked":["Coolheaded","Sever Soul+1"],"picked":"Reprogram","floor":11},{"not_picked":["Iron Wave+1","Distraction"],"picked":"Evolve","floor":12},{"not_picked":["Perfected Strike+1","Cleave+1"],"picked":"Turbo","floor":13},{"not_picked":["Perfected Strike+1","Wraith Form v2"],"picked":"White Noise","floor":14},{"not_picked":["Buffer","Biased Cognition"],"picked":"Fission","floor":16},{"not_picked":["Beam Cell+1","Melter+1"],"picked":"Metallicize","floor":18},{"not_picked":["Sword Boomerang+1","Blizzard+1","Thunderclap+1"],"picked":"SKIP","floor":20},{"not_picked":["Quick Slash+1","Redo+1"],"picked":"Warcry+1","floor":21},{"not_picked":["Rebound+1","Conserve Battery"],"picked":"BootSequence","floor":24},{"not_picked":["PiercingWail","Rebound+1"],"picked":"Accuracy","floor":25},{"not_picked":["Leap","Beam Cell+1","Bloodletting"],"picked":"SKIP","floor":29},{"not_picked":["Unload+1","Exhume"],"picked":"Tools of the Trade","floor":33},{"not_picked":["Heavy Blade+1","Lockon+1"],"picked":"Skewer+1","floor":35},{"not_picked":["Sucker Punch+1","Flying Knee+1"],"picked":"Fusion+1","floor":37},{"not_picked":["Dual Wield+1","Armaments+1"],"picked":"Blade Dance+1","floor":38},{"not_picked":["Slice+1","Turbo","Quick Slash+1"],"picked":"SKIP","floor":39},{"not_picked":["Shrug It Off+1","Leg Sweep+1"],"picked":"Adrenaline","floor":40}],"player_experience":214613,"relics_obtained":[{"floor":5,"key":"Molten Egg 2"},{"floor":7,"key":"Bronze Scales"},{"floor":9,"key":"Happy Flower"},{"floor":12,"key":"Regal Pillow"},{"floor":13,"key":"Lantern"},{"floor":21,"key":"The Specimen"},{"floor":26,"key":"Gambling Chip"},{"floor":36,"key":"Boot"},{"floor":40,"key":"Ancient Tea Set"}],"event_choices":[{"damage_healed":0,"gold_gain":0,"player_choice":"2 cards matched","damage_taken":0,"max_hp_gain":0,"max_hp_loss":0,"event_name":"Match and Keep!","floor":2,"gold_loss":0,"cards_obtained":["Fusion","Bullet Time"]},{"damage_healed":0,"gold_gain":0,"player_choice":"Box","damage_taken":0,"relics_obtained":["Bird Faced Urn"],"max_hp_gain":0,"max_hp_loss":0,"event_name":"Big Fish","floor":4,"gold_loss":0,"cards_obtained":["Regret"]},{"damage_healed":0,"gold_gain":0,"player_choice":"Damaged","damage_taken":7,"max_hp_gain":0,"max_hp_loss":0,"event_name":"Wheel of Change","floor":19,"gold_loss":0},{"damage_healed":0,"gold_gain":0,"player_choice":"Obtained Relic","damage_taken":0,"relics_obtained":["Incense Burner"],"max_hp_gain":0,"max_hp_loss":0,"event_name":"Addict","floor":22,"gold_loss":85}],"is_beta":true,"boss_relics":[{"not_picked":["Runic Pyramid","Lizard Tail"],"picked":"WristBlade"},{"not_picked":["Orrery","Runic Dome"],"picked":"Empty Cage"}],"items_purged_floors":[28],"is_endless":false,"potions_floor_spawned":[7,12,14,18,24,25,37,38],"killed_by":"Giant Head","ascension_level":0}