{"gold_per_floor":[115,115,115,132,152,152,167,194,217,217,217,217,233,269,269,367,367,388,404,404,404,404,404,294,294,294,312,150,150],"floor_reached":29,"playtime":747,"items_purged":["Strike_B"],"score":566,"play_id":"1ced00cb-7ca1-48ed-b60c-08450f03d7e0","local_time":"20190314172508","is_ascension_mode":true,"campfire_choices":[{"data":"Streamline","floor":6.0,"key":"SMITH"},{"floor":10.0,"key":"REST"},{"floor":12.0,"key":"REST"},{"floor":15.0,"key":"REST"},{"floor":23,"key":"REST"},{"floor":25,"key":"REST"}],"neow_cost":"NONE","seed_source_timestamp":26025980298900,"circlet_count":0,"master_deck":["AscendersBane","Strike_B+1","Strike_B+1","Defend_B","Defend_B+1","Defend_B+1","Defend_B","Zap+1","Dualcast","Ball Lightning+1","Gash","Streamline+1","Leap","Rebound","Multi-Cast","Beam Cell","Buffer","Redo+1","Conserve Battery","Fusion+1","Capacitor"],"special_seed":0,"relics":["FrozenCore","NeowsBlessing","Juzu Bracelet","Potion Belt","Bloody Idol","Nloth\u0027s Gift","Cables"],"potions_floor_usage":[22,29,29,29],"damage_taken":[{"damage":0.0,"enemies":"Small Slimes","floor":1.0,"turns":1.0},{"damage":0.0,"enemies":"Jaw Worm","floor":4.0,"turns":1.0},{"damage":0.0,"enemies":"2 Louse","floor":5.0,"turns":1.0},{"damage":2.0,"enemies":"Red Slaver","floor":7.0,"turns":2.0},{"damage":8.0,"enemies":"Gremlin Nob","floor":8.0,"turns":3.0},{"damage":16.0,"enemies":"Gremlin Gang","floor":13.0,"turns":5.0},{"damage":17.0,"enemies":"Lagavulin","floor":14.0,"turns":7.0},{"damage":0,"enemies":"Slime Boss","floor":16,"turns":6},{"damage":37,"enemies":"Shell Parasite","floor":18,"turns":5},{"damage":20,"enemies":"Chosen","floor":19,"turns":7},{"damage":0,"enemies":"Centurion and Healer","floor":22,"turns":3},{"damage":7,"enemies":"Snecko","floor":27,"turns":6},{"damage":47,"enemies":"Slavers","floor":29,"turns":4}],"seed_played":"6958906341285753718","potions_obtained":[{"floor":1.0,"key":"Block Potion"},{"floor":4.0,"key":"EssenceOfSteel"},{"floor":13.0,"key":"SmokeBomb"},{"floor":16,"key":"FearPotion"},{"floor":19,"key":"Weak Potion"}],"is_trial":false,"path_per_floor":["M","?","?","M","M","R","M","E","T","R","?","R","M","E","R","B",null,"M","M","?","?","M","R","?","R","T","M","$","E"],"character_chosen":"DEFECT","items_purchased":["Capacitor"],"campfire_rested":5,"item_purchase_floors":[28],"current_hp_per_floor":[64,43,43,43,43,43,41,33,33,54,30,51,35,18,39,39,63,26,6,6,6,6,27,27,48,48,46,46,0],"gold":150,"neow_bonus":"THREE_ENEMY_KILL","is_prod":false,"is_daily":false,"chose_seed":false,"campfire_upgraded":1,"win_rate":0,"timestamp":1552584308,"path_taken":["M","?","?","M","?","R","M","E","T","R","?","R","M","E","R","BOSS","M","M","?","?","M","R","?","R","T","M","$","E"],"build_version":"2019-01-23","purchased_purges":1,"victory":false,"max_hp_per_floor":[71,71,71,71,71,71,71,71,71,71,71,71,71,71,71,71,71,71,71,71,71,71,71,71,71,71,71,71,71],"card_choices":[{"not_picked":["Stack","Steam"],"picked":"Ball Lightning","floor":1.0},{"not_picked":["Go for the Eyes","Steam"],"picked":"Gash","floor":4.0},{"not_picked":["Stack","Compile Driver"],"picked":"Streamline","floor":5.0},{"not_picked":["Blizzard","Sweeping Beam"],"picked":"Leap","floor":7.0},{"not_picked":["Heatsinks","Recycle"],"picked":"Rebound","floor":8.0},{"not_picked":["Compile Driver","Barrage"],"picked":"Multi-Cast","floor":13.0},{"not_picked":["Compile Driver","Steam"],"picked":"Beam Cell","floor":14.0},{"not_picked":["Fission","Amplify"],"picked":"Buffer","floor":16},{"not_picked":["Go for the Eyes","White Noise"],"picked":"Redo+1","floor":18},{"not_picked":["Turbo","Recycle"],"picked":"Conserve Battery","floor":19},{"not_picked":["Force Field","Skim"],"picked":"Fusion+1","floor":27}],"player_experience":1281967,"relics_obtained":[{"floor":8.0,"key":"Juzu Bracelet"},{"floor":9.0,"key":"Potion Belt"},{"floor":14.0,"key":"Whetstone"},{"floor":26,"key":"Cables"}],"event_choices":[{"damage_healed":0.0,"max_hp_gain":0.0,"max_hp_loss":0.0,"gold_gain":0.0,"event_name":"Shining Light","player_choice":"Entered Light","floor":2.0,"gold_loss":0.0,"damage_taken":21.0,"cards_upgraded":["Strike_B","Defend_B"]},{"damage_healed":0.0,"max_hp_gain":0.0,"max_hp_loss":0.0,"gold_gain":0.0,"event_name":"Living Wall","player_choice":"Grow","floor":3.0,"gold_loss":0.0,"damage_taken":0.0,"cards_upgraded":["Zap"]},{"damage_healed":0.0,"max_hp_gain":0.0,"max_hp_loss":0.0,"gold_gain":0.0,"event_name":"Golden Idol","player_choice":"Take Damage","floor":11.0,"gold_loss":0.0,"damage_taken":24.0,"relics_obtained":["Golden Idol"]},{"damage_healed":0,"gold_gain":0,"player_choice":"Gave Idol","damage_taken":0,"relics_obtained":["Bloody Idol"],"max_hp_gain":0,"max_hp_loss":0,"event_name":"Forgotten Altar","floor":20,"relics_lost":["Golden Idol"],"gold_loss":0},{"damage_healed":0,"gold_gain":0,"player_choice":"Traded Relic","damage_taken":0,"relics_obtained":["Nloth\u0027s Gift"],"max_hp_gain":0,"max_hp_loss":0,"event_name":"N\u0027loth","floor":21,"relics_lost":["Whetstone"],"gold_loss":0},{"cards_removed":["Strike_B"],"damage_healed":0,"gold_gain":0,"player_choice":"Upgrade and Remove","damage_taken":0,"max_hp_gain":0,"max_hp_loss":0,"event_name":"Designer","floor":24,"gold_loss":110,"cards_upgraded":["Defend_B"]}],"is_beta":false,"boss_relics":[{"not_picked":["Runic Pyramid","Sozu"],"picked":"FrozenCore"}],"items_purged_floors":[28],"is_endless":false,"potions_floor_spawned":[1,4,13,16,19],"killed_by":"Slavers","ascension_level":20}