{"gold_per_floor":[114,114,135,135,60,60,25,94,94,94,134,49,68,102,102,191,191,206,206,131,207,232,232,132,173,226,226],"floor_reached":27,"playtime":853,"items_purged":["Strike_R","Strike_R"],"score":565,"play_id":"58ca683c-dc4b-4a41-812f-ce3aec9c886d","local_time":"20190311192155","is_ascension_mode":true,"campfire_choices":[{"floor":6.0,"key":"REST"},{"floor":10.0,"key":"REST"},{"data":"Whirlwind","floor":15.0,"key":"SMITH"},{"floor":23.0,"key":"DIG"}],"neow_cost":"NONE","seed_source_timestamp":0,"circlet_count":0,"master_deck":["AscendersBane","Strike_R+1","Strike_R+1","Defend_R","Defend_R+1","Defend_R","Defend_R+1","Bash","Pommel Strike","Shrug It Off","Inflame","Cleave","Inflame","Battle Trance","Whirlwind+1","Demon Form","Corruption+1","J.A.X."],"special_seed":0,"relics":["Burning Blood","Golden Idol","Tiny Chest","Shovel","Dream Catcher","Orichalcum","Velvet Choker","Singing Bowl","War Paint","Mango","PreservedInsect"],"potions_floor_usage":[],"damage_taken":[{"damage":1.0,"enemies":"2 Louse","floor":1.0,"turns":2.0},{"damage":7.0,"enemies":"Jaw Worm","floor":3.0,"turns":3.0},{"damage":34.0,"enemies":"3 Sentries","floor":8.0,"turns":12.0},{"damage":32.0,"enemies":"Gremlin Nob","floor":11.0,"turns":4.0},{"damage":1.0,"enemies":"Small Slimes","floor":13.0,"turns":4.0},{"damage":0.0,"enemies":"Lagavulin","floor":14.0,"turns":4.0},{"damage":45.0,"enemies":"Slime Boss","floor":16.0,"turns":10.0},{"damage":27.0,"enemies":"Shell Parasite","floor":18.0,"turns":4.0},{"damage":2.0,"enemies":"3 Byrds","floor":22.0,"turns":3.0},{"damage":47.0,"enemies":"Book of Stabbing","floor":25.0,"turns":5.0},{"damage":47,"enemies":"Shelled Parasite and Fungi","floor":27,"turns":3}],"seed_played":"182613185799055994","potions_obtained":[{"floor":1.0,"key":"FearPotion"},{"floor":11.0,"key":"Energy Potion"},{"floor":16.0,"key":"SpeedPotion"},{"floor":18.0,"key":"BloodPotion"}],"is_trial":false,"path_per_floor":["M","?","M","?","$","R","?","E","T","R","E","$","M","E","R","B",null,"M","?","?","T","M","R","$","E","T","M"],"character_chosen":"IRONCLAD","items_purchased":["Inflame"],"campfire_rested":2,"item_purchase_floors":[12],"current_hp_per_floor":[80,52,51,26,26,50,70,42,42,66,40,40,45,51,51,12,65,44,44,44,44,50,50,50,33,33,0],"gold":226,"neow_bonus":"TEN_PERCENT_HP_BONUS","is_prod":false,"is_daily":false,"chose_seed":false,"campfire_upgraded":1,"win_rate":0,"timestamp":1552332115,"path_taken":["M","?","M","?","$","R","?","E","T","R","E","?","?","E","R","BOSS","M","?","?","?","M","R","?","E","T","M"],"build_version":"2019-01-23","purchased_purges":2,"victory":false,"max_hp_per_floor":[82,82,82,82,82,82,82,82,82,82,82,82,82,82,82,82,82,82,82,82,82,84,84,84,100,100,100],"card_choices":[{"not_picked":["Disarm","Entrench"],"picked":"Pommel Strike","floor":1.0},{"not_picked":["Flex","Armaments"],"picked":"Shrug It Off","floor":3.0},{"not_picked":["Combust","Burning Pact"],"picked":"Inflame","floor":8.0},{"not_picked":["Seeing Red","Burning Pact"],"picked":"Cleave","floor":11.0},{"not_picked":["Havoc","Dual Wield"],"picked":"Battle Trance","floor":13.0},{"not_picked":["Flame Barrier","Berserk"],"picked":"Whirlwind","floor":14.0},{"not_picked":["Double Tap","Dark Embrace"],"picked":"Demon Form","floor":16.0},{"not_picked":["Warcry","Hemokinesis+1"],"picked":"Corruption+1","floor":18.0},{"not_picked":["Disarm","Sword Boomerang","Clothesline"],"picked":"Singing Bowl","floor":22.0},{"not_picked":["Warcry","Armaments","True Grit"],"picked":"Singing Bowl","floor":25.0}],"player_experience":1270715,"relics_obtained":[{"floor":8.0,"key":"Tiny Chest"},{"floor":9.0,"key":"Shovel"},{"floor":11.0,"key":"Dream Catcher"},{"floor":14.0,"key":"Orichalcum"},{"floor":21.0,"key":"Singing Bowl"},{"floor":23.0,"key":"War Paint"},{"floor":25.0,"key":"Mango"},{"floor":26.0,"key":"PreservedInsect"}],"event_choices":[{"damage_healed":0.0,"max_hp_gain":0.0,"max_hp_loss":0.0,"gold_gain":0.0,"event_name":"Golden Idol","player_choice":"Take Damage","floor":2.0,"gold_loss":0.0,"damage_taken":28.0,"relics_obtained":["Golden Idol"]},{"damage_healed":0.0,"max_hp_gain":0.0,"max_hp_loss":0.0,"gold_gain":0.0,"event_name":"Shining Light","player_choice":"Entered Light","floor":4.0,"gold_loss":0.0,"damage_taken":25.0,"cards_upgraded":["Strike_R","Strike_R"]},{"damage_healed":20.0,"max_hp_gain":0.0,"max_hp_loss":0.0,"gold_gain":0.0,"event_name":"The Cleric","player_choice":"Healed","floor":7.0,"gold_loss":35.0,"damage_taken":0.0},{"damage_healed":0.0,"max_hp_gain":0.0,"max_hp_loss":0.0,"gold_gain":0.0,"event_name":"Drug Dealer","player_choice":"Obtain J.A.X.","floor":19.0,"gold_loss":0.0,"damage_taken":0.0,"cards_obtained":["J.A.X."]},{"cards_removed":["Strike_R"],"damage_healed":0.0,"max_hp_gain":0.0,"max_hp_loss":0.0,"gold_gain":0.0,"event_name":"Beggar","player_choice":"Gave Gold","floor":20.0,"gold_loss":75.0,"damage_taken":0.0}],"is_beta":false,"boss_relics":[{"not_picked":["Pandora\u0027s Box","Coffee Dripper"],"picked":"Velvet Choker"}],"items_purged_floors":[5,24],"is_endless":false,"potions_floor_spawned":[1,11,16,18,22],"killed_by":"Shelled Parasite and Fungi","ascension_level":20}