{"gold_per_floor":[110,122,133,104,116,116,116,76,76,1,33,33,33,66,66,66],"floor_reached":16,"playtime":445,"items_purged":[],"score":240,"play_id":"cc370868-63fd-49ff-a1dd-144cdaa582f3","local_time":"20190504201534","is_ascension_mode":true,"campfire_choices":[{"floor":7,"key":"REST"},{"floor":13,"key":"REST"},{"floor":15,"key":"REST"}],"neow_cost":"NONE","seed_source_timestamp":9190777095200,"circlet_count":0,"master_deck":["AscendersBane","Defend_G+1","Defend_G","Defend_G","Defend_G","Defend_G","Strike_G","Strike_G","Strike_G","Strike_G","Survivor","Neutralize","Deflect","Flying Knee","Backflip","Noxious Fumes+1","Slice","Skewer","Slice","Dagger Spray"],"relics":["Busted Crown","Gremlin Horn","Toxic Egg 2","Boot"],"potions_floor_usage":[6,14,16],"damage_taken":[{"damage":0,"enemies":"Cultist","floor":1,"turns":5},{"damage":4,"enemies":"2 Louse","floor":2,"turns":3},{"damage":17,"enemies":"Jaw Worm","floor":3,"turns":5},{"damage":0,"enemies":"Exordium Thugs","floor":4,"turns":4},{"damage":3,"enemies":"2 Fungi Beasts","floor":5,"turns":4},{"damage":8,"enemies":"Gremlin Nob","floor":6,"turns":3},{"damage":0,"enemies":"Looter","floor":8,"turns":4},{"damage":22,"enemies":"Lagavulin","floor":11,"turns":7},{"damage":5,"enemies":"3 Sentries","floor":14,"turns":6},{"damage":42,"enemies":"Hexaghost","floor":16,"turns":9}],"seed_played":"-6294953411090318998","potions_obtained":[{"floor":3,"key":"SmokeBomb"},{"floor":4,"key":"SmokeBomb"},{"floor":5,"key":"Explosive Potion"},{"floor":14,"key":"SkillPotion"}],"is_trial":false,"path_per_floor":["M","M","M","M","M","E","R","M","T","?","E","?","R","E","R","B"],"character_chosen":"THE_SILENT","items_purchased":[],"campfire_rested":3,"item_purchase_floors":[],"current_hp_per_floor":[59,55,38,38,35,27,46,46,46,46,24,4,23,18,37,0],"gold":66,"neow_bonus":"BOSS_RELIC","is_prod":false,"is_daily":false,"chose_seed":false,"campfire_upgraded":0,"win_rate":0,"timestamp":1556997334,"path_taken":["M","M","M","M","M","E","R","M","T","?","E","?","R","E","R","BOSS"],"build_version":"2019-01-23","purchased_purges":0,"victory":false,"max_hp_per_floor":[66,66,66,66,66,66,66,66,66,66,66,66,66,66,66,66],"card_choices":[{"not_picked":[],"picked":"Deflect","floor":1},{"not_picked":[],"picked":"Flying Knee","floor":2},{"not_picked":[],"picked":"Backflip","floor":3},{"not_picked":[],"picked":"Noxious Fumes","floor":4},{"not_picked":[],"picked":"Slice","floor":5},{"not_picked":[],"picked":"Skewer","floor":8},{"not_picked":[],"picked":"Slice","floor":11},{"not_picked":[],"picked":"Dagger Spray","floor":14}],"player_experience":1334651,"relics_obtained":[{"floor":9,"key":"Gremlin Horn"},{"floor":11,"key":"Toxic Egg 2"},{"floor":14,"key":"Boot"}],"event_choices":[{"cards_removed":["Strike_G"],"damage_healed":0,"gold_gain":0,"player_choice":"Card Removal","damage_taken":0,"max_hp_gain":0,"max_hp_loss":0,"event_name":"The Cleric","floor":10,"gold_loss":75},{"damage_healed":0,"gold_gain":0,"player_choice":"Entered Light","damage_taken":20,"max_hp_gain":0,"max_hp_loss":0,"event_name":"Shining Light","floor":12,"gold_loss":0,"cards_upgraded":["Noxious Fumes","Defend_G"]}],"is_beta":false,"boss_relics":[],"items_purged_floors":[],"is_endless":false,"potions_floor_spawned":[3,4,5,14],"killed_by":"Hexaghost","ascension_level":20}