{"gold_per_floor":[119,44,44,63,81,81,99,99,169,183,183],"floor_reached":11,"playtime":295,"items_purged":["Strike_G"],"score":130,"play_id":"c3a46498-febb-498b-9467-4d995e940b72","local_time":"20190423130115","is_ascension_mode":true,"campfire_choices":[{"data":"Neutralize","floor":6,"key":"SMITH"},{"data":"Blade Dance","floor":8,"key":"SMITH"}],"neow_cost":"NONE","seed_source_timestamp":1126586809130500,"circlet_count":0,"master_deck":["AscendersBane","Defend_G","Defend_G","Defend_G","Defend_G","Defend_G","Strike_G","Strike_G","Strike_G","Strike_G","Survivor","Neutralize+1","Blade Dance+1","Deadly Poison","Leg Sweep","Footwork","Heel Hook"],"relics":["Philosopher\u0027s Stone","FaceOfCleric","Sundial"],"potions_floor_usage":[],"damage_taken":[{"damage":7,"enemies":"Jaw Worm","floor":1,"turns":4},{"damage":0,"enemies":"Cultist","floor":4,"turns":4},{"damage":0,"enemies":"2 Louse","floor":5,"turns":3},{"damage":12,"enemies":"2 Fungi Beasts","floor":7,"turns":4},{"damage":0,"enemies":"Red Slaver","floor":10,"turns":4},{"damage":46,"enemies":"3 Sentries","floor":11,"turns":10}],"seed_played":"2579017704121367688","potions_obtained":[],"is_trial":false,"path_per_floor":["M","$","?","M","M","R","M","R","T","M","E"],"character_chosen":"THE_SILENT","items_purchased":[],"campfire_rested":0,"item_purchase_floors":[],"current_hp_per_floor":[52,52,52,53,54,54,43,43,43,44,0],"gold":183,"neow_bonus":"BOSS_RELIC","is_prod":false,"is_daily":false,"chose_seed":false,"campfire_upgraded":2,"win_rate":0,"timestamp":1556020875,"path_taken":["M","$","?","M","?","R","M","R","T","M","E"],"build_version":"2019-01-23","purchased_purges":1,"victory":false,"max_hp_per_floor":[66,66,66,67,68,68,69,69,69,70,70],"card_choices":[{"not_picked":["PiercingWail","Bane"],"picked":"Blade Dance","floor":1},{"not_picked":["Dagger Throw","Blur"],"picked":"Deadly Poison","floor":4},{"not_picked":["Blur","Flying Knee"],"picked":"Leg Sweep","floor":5},{"not_picked":["Sucker Punch","Flechettes"],"picked":"Footwork","floor":7},{"not_picked":["Slice","Flying Knee"],"picked":"Heel Hook","floor":10}],"player_experience":1317636,"relics_obtained":[{"floor":9,"key":"Sundial"}],"event_choices":[{"damage_healed":0,"gold_gain":0,"player_choice":"Trade","damage_taken":0,"relics_obtained":["FaceOfCleric"],"max_hp_gain":0,"max_hp_loss":0,"event_name":"FaceTrader","floor":3,"gold_loss":0}],"is_beta":false,"boss_relics":[],"items_purged_floors":[2],"is_endless":false,"potions_floor_spawned":[],"killed_by":"3 Sentries","ascension_level":20}