{"gold_per_floor":[114,64,79,92,92,121,121,153,225,180,180,180],"floor_reached":12,"playtime":739,"items_purged":[],"score":86,"play_id":"78f42c03-a2ac-48f8-97c0-57d361b32b50","local_time":"20181027175945","is_ascension_mode":false,"campfire_choices":[{"floor":7,"key":"REST"}],"neow_cost":"NONE","seed_source_timestamp":166659548672341,"circlet_count":0,"master_deck":["Strike_B","Strike_B","Defend_B","Defend_B","Defend_B","Defend_B","Zap","Dualcast","Compile Driver","Tempest","Double Energy","Conserve Battery","Auto Shields","Reprogram","Pain"],"relics":["Cracked Core","Prayer Wheel","Art of War","Question Card","Sundial","WarpedTongs"],"potions_floor_usage":[6,6,12],"damage_taken":[{"damage":5,"enemies":"Jaw Worm","floor":1,"turns":4},{"damage":15,"enemies":"Small Slimes","floor":3,"turns":3},{"damage":7,"enemies":"2 Louse","floor":4,"turns":2},{"damage":56,"enemies":"Gremlin Nob","floor":6,"turns":5},{"damage":24,"enemies":"3 Sentries","floor":8,"turns":7},{"damage":1,"enemies":"Exordium Wildlife","floor":12,"turns":3}],"seed_played":"2600230700622170074","potions_obtained":[{"floor":1,"key":"Strength Potion"},{"floor":3,"key":"Regen Potion"},{"floor":8,"key":"Explosive Potion"}],"is_trial":false,"path_per_floor":["M","?","M","M","?","E","R","E","T","?","?"],"character_chosen":"DEFECT","items_purchased":[],"campfire_rested":1,"item_purchase_floors":[],"current_hp_per_floor":[70,70,55,48,45,3,25,1,1,1,1,0],"gold":180,"neow_bonus":"TRANSFORM_CARD","is_prod":false,"is_daily":false,"chose_seed":false,"campfire_upgraded":0,"win_rate":0.0,"timestamp":1540688385,"path_taken":["M","?","M","M","?","E","R","E","T","?","?","M"],"build_version":"2018-10-25v2","purchased_purges":0,"victory":false,"max_hp_per_floor":[75,75,75,75,75,75,75,75,75,75,75,75],"card_choices":[{"not_picked":["Go for the Eyes","Reinforced Body"],"picked":"Tempest","floor":1},{"not_picked":["Steam","Leap"],"picked":"Double Energy","floor":3},{"not_picked":["Rebound","Coolheaded"],"picked":"Conserve Battery","floor":4},{"not_picked":["Gash","Rip and Tear"],"picked":"Auto Shields","floor":6},{"not_picked":["Go for the Eyes","Barrage"],"picked":"Reprogram","floor":8}],"player_experience":158249,"relics_obtained":[{"floor":6,"key":"Art of War"},{"floor":8,"key":"Question Card"},{"floor":9,"key":"Sundial"}],"event_choices":[{"cards_removed":["Strike_B"],"damage_healed":0,"gold_gain":0,"player_choice":"Card Removal","damage_taken":0,"max_hp_gain":0,"max_hp_loss":0,"event_name":"The Cleric","floor":2,"gold_loss":50},{"damage_healed":0,"gold_gain":0,"player_choice":"Success","damage_taken":3,"relics_obtained":["Prayer Wheel"],"max_hp_gain":0,"max_hp_loss":0,"event_name":"Scrap Ooze","floor":5,"gold_loss":0},{"damage_healed":0,"gold_gain":0,"player_choice":"Left Gold","damage_taken":0,"max_hp_gain":0,"max_hp_loss":0,"event_name":"World of Goop","floor":10,"gold_loss":45},{"damage_healed":0,"gold_gain":0,"player_choice":"Rummage","damage_taken":0,"relics_obtained":["WarpedTongs"],"max_hp_gain":0,"max_hp_loss":0,"event_name":"Accursed Blacksmith","floor":11,"gold_loss":0,"cards_obtained":["Pain"]}],"is_beta":false,"boss_relics":[],"items_purged_floors":[],"is_endless":false,"potions_floor_spawned":[1,3,8],"killed_by":"Exordium Wildlife","ascension_level":0}