{"gold_per_floor":[112,128,143,154,154,184,184,222,222,242,242,242],"floor_reached":12,"playtime":1793,"items_purged":[],"score":90,"play_id":"bec82bee-8589-4dde-b6e6-a654962133bf","local_time":"20190508022235","is_ascension_mode":false,"campfire_choices":[{"data":"Well Laid Plans","floor":11,"key":"SMITH"}],"neow_cost":"NONE","seed_source_timestamp":462021101312254,"circlet_count":0,"master_deck":["Defend_G","Defend_G","Defend_G","Defend_G","Defend_G","Strike_G","Strike_G","Strike_G","Strike_G","Survivor","Neutralize","Deflect","Leg Sweep","Deadly Poison","Well Laid Plans+1","Dodge and Roll","Backflip"],"relics":["Ring of the Snake","Singing Bowl","Golden Idol","Ornamental Fan","Tough Bandages"],"potions_floor_usage":[6],"damage_taken":[{"damage":5,"enemies":"Cultist","floor":1,"turns":6},{"damage":0,"enemies":"Jaw Worm","floor":2,"turns":6},{"damage":0,"enemies":"2 Louse","floor":3,"turns":4},{"damage":9,"enemies":"Gremlin Gang","floor":4,"turns":9},{"damage":10,"enemies":"3 Sentries","floor":6,"turns":13},{"damage":2,"enemies":"Lagavulin","floor":8,"turns":9},{"damage":0,"enemies":"3 Louse","floor":10,"turns":5},{"damage":57,"enemies":"Gremlin Nob","floor":12,"turns":7}],"seed_played":"-8014085558179210612","potions_obtained":[{"floor":2,"key":"Fire Potion"},{"floor":10,"key":"SmokeBomb"}],"is_trial":false,"path_per_floor":["M","M","M","M","?","E","?","E","T","M","R","E"],"character_chosen":"THE_SILENT","items_purchased":[],"campfire_rested":0,"item_purchase_floors":[],"current_hp_per_floor":[65,65,65,56,56,46,46,44,44,46,46,0],"gold":242,"neow_bonus":"REMOVE_CARD","is_prod":false,"is_daily":false,"chose_seed":false,"campfire_upgraded":1,"win_rate":0,"timestamp":1557296555,"path_taken":["M","M","?","M","?","E","?","E","T","M","R","E"],"build_version":"2019-01-23","purchased_purges":0,"victory":false,"max_hp_per_floor":[70,70,70,70,70,70,65,65,65,67,67,67],"card_choices":[{"not_picked":["Backstab","PiercingWail"],"picked":"Deflect","floor":1},{"not_picked":["Slice","Prepared"],"picked":"Leg Sweep","floor":2},{"not_picked":["Outmaneuver","Flying Knee"],"picked":"Deadly Poison","floor":3},{"not_picked":["Underhanded Strike","Skewer"],"picked":"Well Laid Plans","floor":4},{"not_picked":["Masterful Stab","Leg Sweep"],"picked":"Dodge and Roll","floor":6},{"not_picked":["Leg Sweep","Caltrops"],"picked":"Backflip","floor":8},{"not_picked":["Prepared","Flying Knee","Poisoned Stab"],"picked":"Singing Bowl","floor":10}],"player_experience":168678,"relics_obtained":[{"floor":6,"key":"Singing Bowl"},{"floor":8,"key":"Ornamental Fan"},{"floor":9,"key":"Tough Bandages"}],"event_choices":[{"damage_healed":0,"gold_gain":0,"player_choice":"Ignored","damage_taken":0,"max_hp_gain":0,"max_hp_loss":0,"event_name":"Liars Game","floor":5,"gold_loss":0},{"damage_healed":0,"gold_gain":0,"player_choice":"Lose Max HP","damage_taken":0,"relics_obtained":["Golden Idol"],"max_hp_gain":0,"max_hp_loss":5,"event_name":"Golden Idol","floor":7,"gold_loss":0}],"is_beta":false,"boss_relics":[],"items_purged_floors":[],"is_endless":false,"potions_floor_spawned":[2,10],"killed_by":"Gremlin Nob","ascension_level":0}