{"gold_per_floor":[116,191,191,206,131,158,158,177,177,196,196],"floor_reached":11,"playtime":303,"items_purged":["Pain"],"score":146,"play_id":"787a8ef6-4dbc-45ed-8460-bd339f81df76","local_time":"20190208213350","is_ascension_mode":true,"campfire_choices":[{"floor":7,"key":"REST"}],"neow_cost":"NONE","seed_source_timestamp":96449036268105,"circlet_count":0,"master_deck":["AscendersBane","Defend_G","Defend_G","Defend_G","Defend_G","Defend_G","Strike_G","Strike_G","Strike_G","Strike_G","Strike_G","Survivor","Neutralize+1","Underhanded Strike","Deflect","Deadly Poison","Flying Knee","Flying Knee"],"relics":["Ring of the Snake","WarpedTongs","Dodecahedron","Gremlin Horn"],"potions_floor_usage":[6],"damage_taken":[{"damage":1,"enemies":"Small Slimes","floor":1,"turns":5},{"damage":0,"enemies":"2 Louse","floor":4,"turns":2},{"damage":41,"enemies":"Lagavulin","floor":6,"turns":11},{"damage":0,"enemies":"Cultist","floor":8,"turns":3},{"damage":20,"enemies":"Exordium Thugs","floor":10,"turns":5},{"damage":8,"enemies":"Blue Slaver","floor":11,"turns":2}],"seed_played":"8419026113191159888","potions_obtained":[{"floor":4,"key":"AttackPotion"},{"floor":8,"key":"SpeedPotion"},{"floor":10,"key":"EssenceOfSteel"}],"is_trial":false,"path_per_floor":["M","?","?","M","$","E","R","M","T","M","M"],"character_chosen":"THE_SILENT","items_purchased":[],"campfire_rested":1,"item_purchase_floors":[],"current_hp_per_floor":[58,47,47,47,47,6,25,25,25,5,0],"gold":196,"neow_bonus":"UPGRADE_CARD","is_prod":false,"is_daily":false,"chose_seed":false,"campfire_upgraded":0,"win_rate":0,"timestamp":1549661630,"path_taken":["M","?","?","?","$","E","R","M","T","M","M"],"build_version":"2019-01-23","purchased_purges":1,"victory":false,"max_hp_per_floor":[66,66,66,66,66,66,66,66,66,66,66],"card_choices":[{"not_picked":["Backflip","Sucker Punch"],"picked":"Underhanded Strike","floor":1},{"not_picked":["Choke","Accuracy"],"picked":"Deflect","floor":4},{"not_picked":["Dagger Spray","Bane"],"picked":"Deadly Poison","floor":6},{"not_picked":["Underhanded Strike","Outmaneuver"],"picked":"Flying Knee","floor":8},{"not_picked":["Sucker Punch","Envenom"],"picked":"Flying Knee","floor":10}],"player_experience":1193076,"relics_obtained":[{"floor":6,"key":"Dodecahedron"},{"floor":9,"key":"Gremlin Horn"}],"event_choices":[{"damage_healed":0,"gold_gain":75,"player_choice":"Gather Gold","damage_taken":11,"max_hp_gain":0,"max_hp_loss":0,"event_name":"World of Goop","floor":2,"gold_loss":0},{"damage_healed":0,"gold_gain":0,"player_choice":"Rummage","damage_taken":0,"relics_obtained":["WarpedTongs"],"max_hp_gain":0,"max_hp_loss":0,"event_name":"Accursed Blacksmith","floor":3,"gold_loss":0,"cards_obtained":["Pain"]}],"is_beta":false,"boss_relics":[],"items_purged_floors":[5],"is_endless":false,"potions_floor_spawned":[4,8,10],"killed_by":"Blue Slaver","ascension_level":20}