{"gold_per_floor":[115,115,134,149,149,149,324,358,358,358,376,416,27,42,42,172,172],"floor_reached":17,"playtime":3605,"items_purged":["Doubt"],"score":265,"play_id":"876b1d61-f16e-4e94-9dab-abab601d0ca0","local_time":"20190317151929","is_ascension_mode":false,"campfire_choices":[{"data":"Goo","floor":6.0,"key":"SMITH"},{"floor":10.0,"key":"REST"},{"floor":15.0,"key":"REST"}],"neow_cost":"","seed_source_timestamp":0,"circlet_count":0,"master_deck":["Strike_Br","Strike_Br","Strike_Br","Strike_Br","Defend_Br","Defend_Br","Defend_Br","Defend_Br","SecondHand","PatternShift","Goo+2","Keepsakes","Cuckoo","PrimeTime","PrimeTime","LockedOrichalcum","WindUp","LockedLightning","Goo","BackFourSeconds","ReapSow","OracleForm"],"special_seed":0,"relics":["Chronometer","Blue Candle","Potion Belt","Golden Idol","Gremlin Horn","Bronze Scales","Incense Burner"],"potions_floor_usage":[],"damage_taken":[{"damage":2.0,"enemies":"Small Slimes","floor":1.0,"turns":4.0},{"damage":1.0,"enemies":"Jaw Worm","floor":3.0,"turns":4.0},{"damage":0.0,"enemies":"2 Louse","floor":4.0,"turns":3.0},{"damage":23.0,"enemies":"3 Sentries","floor":8.0,"turns":11.0},{"damage":5.0,"enemies":"Blue Slaver","floor":11.0,"turns":3.0},{"damage":28.0,"enemies":"Lagavulin","floor":12.0,"turns":7.0},{"damage":0.0,"enemies":"Exordium Wildlife","floor":14.0,"turns":4.0},{"damage":26.0,"enemies":"The Guardian","floor":16.0,"turns":8.0}],"seed_played":"-1896303504184030425","potions_obtained":[{"floor":4.0,"key":"SkillPotion"},{"floor":8.0,"key":"GamblersBrew"},{"floor":11.0,"key":"Energy Potion"}],"is_trial":false,"path_per_floor":["M","?","M","M","?","R","?","E","T","R","M","E","$","M","R","B",null],"character_chosen":"CHRONO_CLASS","items_purchased":["Potion Belt","LockedLightning","Goo","BackFourSeconds","WardPotion"],"campfire_rested":2,"item_purchase_floors":[0,13,13,13,13],"current_hp_per_floor":[63,47,46,46,51,51,51,28,28,49,44,16,16,16,37,23,23],"gold":172,"neow_bonus":"","is_prod":false,"is_daily":false,"chose_seed":false,"campfire_upgraded":1,"win_rate":0.0,"timestamp":1552861169,"path_taken":["M","?","M","M","?","R","?","E","T","R","M","E","$","?","R","BOSS"],"build_version":"2019-01-23","purchased_purges":1,"victory":false,"max_hp_per_floor":[65,65,65,65,70,70,70,70,70,70,70,70,70,70,70,70,70],"card_choices":[{"not_picked":["BiteCommand","PrimeTime"],"picked":"Keepsakes","floor":1.0},{"not_picked":["Parity","LockedScales"],"picked":"Cuckoo","floor":3.0},{"not_picked":["Echoward","Cuckoo"],"picked":"PrimeTime","floor":4.0},{"not_picked":["LockedScales","FormalWear"],"picked":"PrimeTime","floor":8.0},{"not_picked":["AlternateTimeline","PrimeTime"],"picked":"LockedOrichalcum","floor":11.0},{"not_picked":["Parity","Engulf"],"picked":"WindUp","floor":12.0},{"not_picked":["Chronoelasticity","LockedTurtyl"],"picked":"ReapSow","floor":14.0},{"not_picked":["Echonomics","RageCommand"],"picked":"OracleForm","floor":16.0}],"player_experience":283927,"relics_obtained":[{"floor":8.0,"key":"Gremlin Horn"},{"floor":9.0,"key":"Bronze Scales"},{"floor":12.0,"key":"Incense Burner"}],"event_choices":[{"damage_healed":0.0,"max_hp_gain":0.0,"max_hp_loss":0.0,"gold_gain":0.0,"event_name":"Golden Idol","player_choice":"Take Damage","floor":2.0,"gold_loss":0.0,"damage_taken":16.0,"relics_obtained":["Golden Idol"]},{"damage_healed":0.0,"max_hp_gain":5.0,"max_hp_loss":0.0,"gold_gain":0.0,"event_name":"Big Fish","player_choice":"Donut","floor":5.0,"gold_loss":0.0,"damage_taken":0.0},{"damage_healed":0.0,"max_hp_gain":0.0,"max_hp_loss":0.0,"gold_gain":175.0,"event_name":"Liars Game","player_choice":"AGREE","floor":7.0,"gold_loss":0.0,"damage_taken":0.0,"cards_obtained":["Doubt"]}],"is_beta":false,"boss_relics":[],"items_purged_floors":[13],"is_endless":false,"potions_floor_spawned":[4,8,11],"ascension_level":0}