{"gold_per_floor":[114,131,131,56,70,70,99,99,125,160,178,178,19,51,51,122,122,141,16,34,34,45,45,73,89,89,89,14,14,14,29,29,101,101,119,469,469,469,240,275,275,285,285,311,411,427,427,458,458,458],"floor_reached":50,"playtime":2197,"items_purged":["Pain","Strike_R","Strike_R","Strike_R"],"score":1153,"play_id":"e3e85119-60b0-4dd4-9fb9-4ffc1a6f08c6","local_time":"20190422180801","is_ascension_mode":true,"campfire_choices":[{"data":"Uppercut","floor":6.0,"key":"SMITH"},{"data":"Armaments","floor":8.0,"key":"SMITH"},{"floor":15.0,"key":"REST"},{"data":"Inflame","floor":23.0,"key":"SMITH"},{"data":"Bloodletting","floor":27.0,"key":"SMITH"},{"data":"Shrug It Off","floor":29.0,"key":"SMITH"},{"floor":32.0,"key":"REST"},{"data":"Double Tap","floor":41.0,"key":"SMITH"},{"data":"Flame Barrier","floor":47.0,"key":"SMITH"},{"data":"Bloodletting","floor":49.0,"key":"SMITH"}],"neow_cost":"NONE","seed_source_timestamp":0,"circlet_count":0,"master_deck":["AscendersBane","Strike_R+1","Defend_R","Defend_R","Defend_R","Defend_R","Uppercut+1","Pummel","Armaments+1","Shrug It Off+1","Shrug It Off","Thunderclap","Clothesline+1","Pommel Strike","Inflame+1","Reaper","Flame Barrier+1","Bloodletting+1","Bloodletting+1","Inflame+1","Double Tap+1","Double Tap","Whirlwind+1","Shrug It Off+1","Inflame","Reaper","Bloodletting+1"],"special_seed":0,"relics":["Burning Blood","WarpedTongs","Potion Belt","Ancient Tea Set","Matryoshka","Whetstone","Meat on the Bone","Ornamental Fan","Runic Pyramid","Centennial Puzzle","Regal Pillow","Nunchaku","Orrery","Old Coin","Ginger","Singing Bowl","Omamori","Du-Vu Doll","Boot"],"potions_floor_usage":[50,50],"damage_taken":[{"damage":10.0,"enemies":"Small Slimes","floor":1.0,"turns":3.0},{"damage":1.0,"enemies":"Cultist","floor":2.0,"turns":3.0},{"damage":2.0,"enemies":"Jaw Worm","floor":5.0,"turns":3.0},{"damage":27.0,"enemies":"Gremlin Nob","floor":7.0,"turns":4.0},{"damage":34.0,"enemies":"3 Sentries","floor":10.0,"turns":12.0},{"damage":2.0,"enemies":"Blue Slaver","floor":11.0,"turns":4.0},{"damage":24.0,"enemies":"Gremlin Nob","floor":14.0,"turns":4.0},{"damage":18.0,"enemies":"Slime Boss","floor":16.0,"turns":6.0},{"damage":45.0,"enemies":"Shell Parasite","floor":18.0,"turns":6.0},{"damage":25.0,"enemies":"Spheric Guardian","floor":20.0,"turns":5.0},{"damage":2.0,"enemies":"Centurion and Healer","floor":22.0,"turns":8.0},{"damage":28.0,"enemies":"Book of Stabbing","floor":24.0,"turns":6.0},{"damage":24.0,"enemies":"Snake Plant","floor":25.0,"turns":5.0},{"damage":35.0,"enemies":"Snecko","floor":31.0,"turns":9.0},{"damage":81.0,"enemies":"Collector","floor":33.0,"turns":11.0},{"damage":28.0,"enemies":"3 Darklings","floor":35.0,"turns":6.0},{"damage":53.0,"enemies":"2 Orb Walkers","floor":36.0,"turns":4.0},{"damage":47.0,"enemies":"Nemesis","floor":40.0,"turns":5.0},{"damage":5.0,"enemies":"3 Shapes","floor":42.0,"turns":5.0},{"damage":77.0,"enemies":"Reptomancer","floor":44.0,"turns":6.0},{"damage":10.0,"enemies":"Mind Bloom Boss Battle","floor":45.0,"turns":10.0},{"damage":62.0,"enemies":"Transient","floor":46.0,"turns":6.0},{"damage":91.0,"enemies":"Giant Head","floor":48.0,"turns":8.0},{"damage":58,"enemies":"Donu and Deca","floor":50,"turns":4}],"seed_played":"6609589239168528805","potions_obtained":[{"floor":1.0,"key":"Dexterity Potion"},{"floor":11.0,"key":"FearPotion"},{"floor":16.0,"key":"SpeedPotion"},{"floor":22.0,"key":"Fire Potion"},{"floor":24.0,"key":"BloodPotion"},{"floor":31.0,"key":"Block Potion"},{"floor":33.0,"key":"LiquidBronze"}],"is_trial":false,"path_per_floor":["M","M","?","$","M","R","E","R","T","E","M","T","$","E","R","B",null,"M","$","M","?","M","R","E","M","T","R","?","R","?","M","R","B",null,"M","?","?","?","$","E","R","M","T","E","?","M","R","E","R","B"],"character_chosen":"IRONCLAD","items_purchased":["Pommel Strike","Inflame"],"campfire_rested":2,"item_purchase_floors":[13,39],"current_hp_per_floor":[64,69,69,69,73,73,52,52,52,24,28,28,28,22,44,44,67,50,50,43,43,57,57,47,49,49,49,49,49,49,40,75,24,62,75,47,47,47,47,44,44,75,75,57,77,79,79,48,48,0],"gold":458,"neow_bonus":"THREE_CARDS","is_prod":false,"is_daily":false,"chose_seed":false,"campfire_upgraded":8,"win_rate":0,"timestamp":1555952881,"path_taken":["M","M","?","?","M","R","E","R","T","E","M","?","?","E","R","BOSS","M","$","M","?","M","R","E","M","T","R","?","R","?","?","R","BOSS","M","?","?","?","$","E","R","M","T","E","?","M","R","E","R","BOSS"],"build_version":"2019-01-23","purchased_purges":4,"victory":false,"max_hp_per_floor":[75,75,75,75,75,75,75,75,75,75,75,75,75,75,75,75,75,75,75,75,75,75,75,75,75,75,75,75,75,75,75,75,75,75,75,75,75,75,75,75,75,75,75,75,77,79,79,79,79,79],"card_choices":[{"not_picked":["Anger","Armaments"],"picked":"Uppercut","floor":0.0},{"not_picked":["Rampage","Infernal Blade"],"picked":"Pummel","floor":1.0},{"not_picked":["Second Wind","Body Slam"],"picked":"Armaments","floor":2.0},{"not_picked":["Twin Strike","Rupture"],"picked":"Shrug It Off","floor":5.0},{"not_picked":["Berserk","Battle Trance"],"picked":"Shrug It Off","floor":7.0},{"not_picked":["Disarm","Intimidate"],"picked":"Thunderclap","floor":10.0},{"not_picked":["Intimidate","Ghostly Armor"],"picked":"Clothesline","floor":11.0},{"not_picked":["Uppercut","Armaments"],"picked":"Inflame","floor":14.0},{"not_picked":["Dark Embrace","Brutality"],"picked":"Reaper","floor":16.0},{"not_picked":["Twin Strike","Cleave","Dual Wield"],"picked":"SKIP","floor":18.0},{"not_picked":["Burning Pact","Flex"],"picked":"Flame Barrier","floor":20.0},{"not_picked":["Wild Strike","Fire Breathing"],"picked":"Bloodletting","floor":22.0},{"not_picked":["Blood for Blood","True Grit","Sever Soul"],"picked":"SKIP","floor":24.0},{"not_picked":["Wild Strike","Anger"],"picked":"Bloodletting+1","floor":25.0},{"not_picked":["Warcry","Carnage","Brutality"],"picked":"SKIP","floor":31.0},{"not_picked":["Dark Embrace","Brutality"],"picked":"Double Tap","floor":33.0},{"not_picked":["Warcry","Combust"],"picked":"Double Tap","floor":34.0},{"not_picked":["Rampage+1","Twin Strike+1"],"picked":"Whirlwind+1","floor":35.0},{"not_picked":["Flex+1","Headbutt+1"],"picked":"Shrug It Off+1","floor":36.0},{"not_picked":["Sentinel","Warcry","Heavy Blade"],"picked":"SKIP","floor":40.0},{"not_picked":["Shrug It Off","Sever Soul+1","Warcry"],"picked":"SKIP","floor":42.0},{"not_picked":["Combust+1","Heavy Blade"],"picked":"Reaper","floor":44.0},{"not_picked":["Flex","Armaments","True Grit"],"picked":"Singing Bowl","floor":45.0},{"not_picked":["Perfected Strike","Wild Strike","Flex"],"picked":"Singing Bowl","floor":46.0},{"not_picked":["Shrug It Off","Feed"],"picked":"Bloodletting","floor":48.0}],"player_experience":1312902,"relics_obtained":[{"floor":7.0,"key":"Potion Belt"},{"floor":9.0,"key":"Ancient Tea Set"},{"floor":10.0,"key":"Matryoshka"},{"floor":12.0,"key":"Whetstone"},{"floor":12.0,"key":"Meat on the Bone"},{"floor":14.0,"key":"Ornamental Fan"},{"floor":24.0,"key":"Centennial Puzzle"},{"floor":26.0,"key":"Regal Pillow"},{"floor":26.0,"key":"Nunchaku"},{"floor":36.0,"key":"Old Coin"},{"floor":40.0,"key":"Ginger"},{"floor":43.0,"key":"Singing Bowl"},{"floor":44.0,"key":"Omamori"},{"floor":45.0,"key":"Du-Vu Doll"},{"floor":48.0,"key":"Boot"}],"event_choices":[{"damage_healed":0.0,"max_hp_gain":0.0,"max_hp_loss":0.0,"gold_gain":0.0,"event_name":"Accursed Blacksmith","player_choice":"Rummage","floor":3.0,"gold_loss":0.0,"damage_taken":0.0,"relics_obtained":["WarpedTongs"],"cards_obtained":["Pain"]},{"damage_healed":0.0,"max_hp_gain":0.0,"max_hp_loss":0.0,"gold_gain":0.0,"event_name":"Vampires","player_choice":"Ignored","floor":21.0,"gold_loss":0.0,"damage_taken":0.0},{"cards_removed":["Strike_R"],"damage_healed":0.0,"max_hp_gain":0.0,"max_hp_loss":0.0,"gold_gain":0.0,"event_name":"Beggar","player_choice":"Gave Gold","floor":28.0,"gold_loss":75.0,"damage_taken":0.0},{"damage_healed":0.0,"max_hp_gain":0.0,"max_hp_loss":0.0,"gold_gain":0.0,"event_name":"Duplicator","player_choice":"Copied","floor":30.0,"gold_loss":0.0,"damage_taken":0.0,"cards_obtained":["Inflame"]},{"damage_healed":0.0,"max_hp_gain":0.0,"max_hp_loss":0.0,"gold_gain":0.0,"event_name":"Mysterious Sphere","player_choice":"Fight","floor":36.0,"gold_loss":0.0,"damage_taken":0.0},{"damage_healed":0.0,"max_hp_gain":0.0,"max_hp_loss":0.0,"gold_gain":0.0,"event_name":"Tomb of Lord Red Mask","player_choice":"Ignored","floor":37.0,"gold_loss":0.0,"damage_taken":0.0},{"cards_removed":["Bash"],"damage_healed":0.0,"max_hp_gain":0.0,"max_hp_loss":0.0,"gold_gain":0.0,"event_name":"Falling","player_choice":"Removed Attack","floor":38.0,"gold_loss":0.0,"damage_taken":0.0},{"damage_healed":0.0,"max_hp_gain":0.0,"max_hp_loss":0.0,"gold_gain":0.0,"event_name":"MindBloom","player_choice":"Fight","floor":45.0,"gold_loss":0.0,"damage_taken":0.0}],"is_beta":false,"boss_relics":[{"not_picked":["Snecko Eye","Tiny House"],"picked":"Runic Pyramid"},{"not_picked":["Astrolabe","Empty Cage"],"picked":"Orrery"}],"items_purged_floors":[4,13,19,39],"is_endless":false,"potions_floor_spawned":[1,11,16,22,24,31,33,35,42,48],"killed_by":"Donu and Deca","ascension_level":20}