{"gold_per_floor":[118,118,193,193,193,221,221,251,251,285,298,298,6,17,17,112,112,123,23,23,37,112,137,172,186,210,224,224,224,134,159,159,260,260,277,277,277,19,29,58,58,84,84,112,125,155,174,201,201,201,201,201,12,47,47],"floor_reached":56,"playtime":3006,"items_purged":["Strike_B","Strike_B","Redo","Dualcast"],"score":1893,"play_id":"fea84a5f-c5e7-40f2-b6de-fdee7f7dbd19","local_time":"20190522010317","is_ascension_mode":true,"campfire_choices":[{"data":"Zap","floor":7.0,"key":"SMITH"},{"data":"Coolheaded","floor":15.0,"key":"SMITH"},{"floor":28.0,"key":"REST"},{"data":"Coolheaded","floor":32.0,"key":"SMITH"},{"data":"Creative AI","floor":41.0,"key":"SMITH"},{"floor":49.0,"key":"RECALL"},{"data":"Consume","floor":52.0,"key":"SMITH"}],"neow_cost":"NONE","seed_source_timestamp":9506706368500,"circlet_count":0,"master_deck":["Zap+1","Sunder+1","White Noise","Gash","Coolheaded+1","Core Surge","Coolheaded+1","BootSequence","Capacitor","Storm","Creative AI+1","Dash+1","Loop+1","Double Energy+1","Consume+1","Heatsinks+1","Recycle"],"special_seed":0,"relics":["Cracked Core","NeowsBlessing","Oddly Smooth Stone","WingedGreaves","Ginger","Pantograph","Ornamental Fan","Sundial","ClockworkSouvenir","Runic Pyramid","FossilizedHelix","Gambling Chip","Vajra","Bag of Marbles","Pandora\u0027s Box","Membership Card","Bag of Preparation","Lantern","Strawberry","Omamori","Medical Kit","Letter Opener"],"potions_floor_usage":[55,55],"damage_taken":[{"damage":0.0,"enemies":"2 Louse","floor":1.0,"turns":1.0},{"damage":0.0,"enemies":"Lagavulin","floor":6.0,"turns":1.0},{"damage":0.0,"enemies":"3 Sentries","floor":8.0,"turns":1.0},{"damage":20.0,"enemies":"Gremlin Nob","floor":10.0,"turns":4.0},{"damage":0.0,"enemies":"Small Slimes","floor":11.0,"turns":1.0},{"damage":11.0,"enemies":"Jaw Worm","floor":14.0,"turns":2.0},{"damage":13.0,"enemies":"The Guardian","floor":16.0,"turns":8.0},{"damage":5.0,"enemies":"Shell Parasite","floor":18.0,"turns":4.0},{"damage":0.0,"enemies":"Spheric Guardian","floor":21.0,"turns":3.0},{"damage":30.0,"enemies":"Book of Stabbing","floor":23.0,"turns":6.0},{"damage":29.0,"enemies":"Slavers","floor":24.0,"turns":5.0},{"damage":2.0,"enemies":"Centurion and Healer","floor":25.0,"turns":7.0},{"damage":0.0,"enemies":"Snake Plant","floor":27.0,"turns":4.0},{"damage":0.0,"enemies":"Gremlin Leader","floor":31.0,"turns":5.0},{"damage":0.0,"enemies":"Collector","floor":33.0,"turns":6.0},{"damage":0.0,"enemies":"3 Shapes","floor":35.0,"turns":5.0},{"damage":0.0,"enemies":"3 Darklings","floor":39.0,"turns":3.0},{"damage":0.0,"enemies":"Reptomancer","floor":40.0,"turns":3.0},{"damage":0.0,"enemies":"Giant Head","floor":42.0,"turns":3.0},{"damage":0.0,"enemies":"Reptomancer","floor":44.0,"turns":3.0},{"damage":0.0,"enemies":"Transient","floor":45.0,"turns":5.0},{"damage":0.0,"enemies":"Giant Head","floor":46.0,"turns":3.0},{"damage":0.0,"enemies":"Jaw Worm Horde","floor":47.0,"turns":3.0},{"damage":0.0,"enemies":"Reptomancer","floor":48.0,"turns":2.0},{"damage":0.0,"enemies":"Awakened One","floor":50.0,"turns":3.0},{"damage":0.0,"enemies":"Shield and Spear","floor":54.0,"turns":2.0},{"damage":0,"enemies":"The Heart","floor":55,"turns":4}],"seed_played":"-4816850090819760445","potions_obtained":[{"floor":1.0,"key":"Explosive Potion"},{"floor":10.0,"key":"Ancient Potion"},{"floor":23.0,"key":"SpeedPotion"},{"floor":27.0,"key":"Weak Potion"},{"floor":31.0,"key":"Poison Potion"},{"floor":33.0,"key":"Explosive Potion"},{"floor":39.0,"key":"Strength Potion"}],"is_trial":false,"path_per_floor":["M","?","?","?","?","E","R","E","T","E","M","T","$","M","R","B",null,"M","$","?","M","?","E","E","M","T","M","R","?","?","E","R","B",null,"M","?","?","$","M","E","R","E","T","E","M","E","M","E","R","B",null,"R","$","E","B",null],"character_chosen":"DEFECT","items_purchased":["Gash","ClockworkSouvenir","Membership Card","Recycle","Medical Kit"],"campfire_rested":1,"item_purchase_floors":[13,13,38,53,53],"current_hp_per_floor":[75,60,49,42,39,39,39,39,39,19,19,19,19,8,8,20,75,70,70,70,70,63,33,4,2,2,2,24,24,24,24,24,49,75,75,75,75,75,75,75,75,75,75,75,75,82,82,82,82,82,82,82,82,82,82],"gold":47,"neow_bonus":"THREE_ENEMY_KILL","is_prod":false,"is_daily":false,"chose_seed":false,"campfire_upgraded":5,"win_rate":0,"timestamp":1558458197,"path_taken":["M","?","?","?","?","E","R","E","T","E","M","?","$","?","R","BOSS","M","$","?","M","?","E","E","?","T","?","R","?","?","E","R","BOSS","M","?","?","$","?","E","R","E","T","E","M","E","?","E","R","BOSS","R","$","E","BOSS"],"build_version":"2019-01-23","purchased_purges":4,"victory":true,"max_hp_per_floor":[75,75,75,75,75,75,75,75,75,75,75,75,75,75,75,75,75,75,75,75,75,75,75,75,75,75,75,75,75,75,75,75,75,75,75,75,75,75,75,75,75,75,75,75,75,82,82,82,82,82,82,82,82,82,82],"card_choices":[{"not_picked":["Skim","Sweeping Beam"],"picked":"Sunder","floor":1.0},{"not_picked":["Redo","Heatsinks"],"picked":"All For One","floor":6.0},{"not_picked":["Barrage","Compile Driver","Redo"],"picked":"SKIP","floor":8.0},{"not_picked":["Reprogram","Compile Driver"],"picked":"White Noise","floor":10.0},{"not_picked":["Rebound","Barrage","Redo"],"picked":"SKIP","floor":11.0},{"not_picked":["White Noise","Barrage"],"picked":"Coolheaded","floor":14.0},{"not_picked":["Creative AI","Reboot"],"picked":"Core Surge","floor":16.0},{"not_picked":["Reprogram+1","Lockon","Loop"],"picked":"SKIP","floor":18.0},{"not_picked":["Hello World+1","Compile Driver","Double Energy"],"picked":"SKIP","floor":21.0},{"not_picked":["Chill+1","Redo"],"picked":"Hologram+1","floor":23.0},{"not_picked":["Chill+1","Core Surge","Go for the Eyes+1"],"picked":"SKIP","floor":24.0},{"not_picked":["Ball Lightning","Sunder+1"],"picked":"BootSequence","floor":25.0},{"not_picked":["Barrage","Lockon","Coolheaded"],"picked":"SKIP","floor":27.0},{"not_picked":["Sunder","Turbo","Sweeping Beam+1"],"picked":"SKIP","floor":31.0},{"not_picked":["Compile Driver+1","BootSequence+1","Gash"],"picked":"SKIP","floor":35.0},{"not_picked":["Coolheaded","Chaos+1","Conserve Battery"],"picked":"SKIP","floor":39.0},{"not_picked":["All For One","Ball Lightning+1","Genetic Algorithm+1"],"picked":"SKIP","floor":40.0},{"not_picked":["All For One","Ball Lightning+1","Genetic Algorithm+1"],"picked":"SKIP","floor":40.0},{"not_picked":["Gash+1","Compile Driver"],"picked":"Loop+1","floor":42.0},{"not_picked":["Creative AI","Streamline+1","Capacitor+1"],"picked":"SKIP","floor":44.0},{"not_picked":["Steam+1","Rebound+1"],"picked":"Double Energy+1","floor":45.0},{"not_picked":["Storm","Doom and Gloom"],"picked":"Consume","floor":46.0},{"not_picked":["Rip and Tear+1","Gash"],"picked":"Heatsinks+1","floor":47.0},{"not_picked":["Leap","Ball Lightning+1","Undo+1"],"picked":"SKIP","floor":48.0},{"not_picked":["Electrodynamics","Redo+1","Lockon+1"],"picked":"SKIP","floor":54.0}],"player_experience":3126890,"relics_obtained":[{"floor":6.0,"key":"WingedGreaves"},{"floor":8.0,"key":"Ginger"},{"floor":9.0,"key":"Pantograph"},{"floor":10.0,"key":"Ornamental Fan"},{"floor":12.0,"key":"Sundial"},{"floor":23.0,"key":"FossilizedHelix"},{"floor":24.0,"key":"Gambling Chip"},{"floor":26.0,"key":"Vajra"},{"floor":31.0,"key":"Bag of Marbles"},{"floor":42.0,"key":"Bag of Preparation"},{"floor":44.0,"key":"Lantern"},{"floor":46.0,"key":"Strawberry"},{"floor":48.0,"key":"Omamori"},{"floor":54.0,"key":"Letter Opener"}],"event_choices":[{"damage_healed":0.0,"max_hp_gain":0.0,"max_hp_loss":0.0,"gold_gain":0.0,"event_name":"Shining Light","player_choice":"Entered Light","floor":2.0,"gold_loss":0.0,"damage_taken":15.0,"cards_upgraded":["Sunder","Strike_B"]},{"damage_healed":0.0,"max_hp_gain":0.0,"max_hp_loss":0.0,"gold_gain":75.0,"event_name":"World of Goop","player_choice":"Gather Gold","floor":3.0,"gold_loss":0.0,"damage_taken":11.0},{"cards_removed":["Strike_B"],"damage_healed":0.0,"max_hp_gain":0.0,"max_hp_loss":0.0,"gold_gain":0.0,"event_name":"Golden Wing","player_choice":"Card Removal","floor":4.0,"gold_loss":0.0,"damage_taken":7.0},{"damage_healed":0.0,"max_hp_gain":0.0,"max_hp_loss":0.0,"gold_gain":0.0,"event_name":"Scrap Ooze","player_choice":"Success","floor":5.0,"gold_loss":0.0,"damage_taken":3.0,"relics_obtained":["Oddly Smooth Stone"]},{"damage_healed":0.0,"max_hp_gain":0.0,"max_hp_loss":0.0,"gold_gain":0.0,"event_name":"The Library","player_choice":"Read","floor":20.0,"gold_loss":0.0,"damage_taken":0.0,"cards_obtained":["Coolheaded"]},{"damage_healed":0.0,"max_hp_gain":0.0,"max_hp_loss":0.0,"gold_gain":75.0,"event_name":"FaceTrader","player_choice":"Touch","floor":22.0,"gold_loss":0.0,"damage_taken":7.0},{"damage_healed":0.0,"max_hp_gain":0.0,"max_hp_loss":0.0,"gold_gain":0.0,"cards_transformed":["Defend_B","Strike_B"],"event_name":"Drug Dealer","player_choice":"Became Test Subject","floor":29.0,"gold_loss":0.0,"damage_taken":0.0,"cards_obtained":["Redo","Capacitor"]},{"cards_removed":["Defend_B"],"damage_healed":0.0,"max_hp_gain":0.0,"max_hp_loss":0.0,"gold_gain":0.0,"event_name":"Designer","player_choice":"Upgrade and Remove","floor":30.0,"gold_loss":90.0,"damage_taken":0.0,"cards_upgraded":["All For One"]},{"cards_removed":["Hologram"],"damage_healed":0.0,"max_hp_gain":0.0,"max_hp_loss":0.0,"gold_gain":0.0,"event_name":"Falling","player_choice":"Removed Skill","floor":36.0,"gold_loss":0.0,"damage_taken":0.0},{"cards_removed":["All For One"],"damage_healed":0.0,"max_hp_gain":0.0,"max_hp_loss":0.0,"gold_gain":0.0,"event_name":"NoteForYourself","player_choice":"Took Card","floor":37.0,"gold_loss":0.0,"damage_taken":0.0,"cards_obtained":["Dash"]}],"is_beta":false,"boss_relics":[{"not_picked":["Cursed Key","Empty Cage"],"picked":"Runic Pyramid"},{"not_picked":["Eternal Feather","Nuclear Battery"],"picked":"Pandora\u0027s Box"}],"items_purged_floors":[13,19,38,53],"is_endless":false,"potions_floor_spawned":[1,10,23,27,31,33,39,42,44,48,54],"ascension_level":1}