{"gold_per_floor":[110,6,6,6,17,44,44,74,147,147,162,87,87,102,102,204,204,214,227,240,90,90,123,123,137,213,238,248,264,278,278,278,380,380,394,394,149,167,85,112,112,212,236,267,0,27,46,64,64,64],"floor_reached":50,"playtime":3361,"items_purged":["Strike_B"],"score":927,"play_id":"7ba573a8-ccff-4268-8c9a-215b13f52919","local_time":"20190522193630","is_ascension_mode":true,"campfire_choices":[{"data":"Defragment","floor":10.0,"key":"SMITH"},{"data":"Zap","floor":13.0,"key":"SMITH"},{"data":"Chaos","floor":15.0,"key":"SMITH"},{"data":"Chill","floor":24.0,"key":"SMITH"},{"floor":32.0,"key":"REST"},{"floor":49,"key":"REST"}],"neow_cost":"NONE","seed_source_timestamp":0,"circlet_count":0,"master_deck":["Strike_B","Strike_B","Defend_B","Defend_B","Zap+1","Dualcast","Go for the Eyes","Defragment+1","Glacier","Tempest","Ball Lightning","Chaos+1","Conserve Battery","Thunder Strike","Glacier","Sweeping Beam","Electrodynamics","Chill+1","Cold Snap","Ball Lightning","Biased Cognition","Barrage","Discovery","Cold Snap+1","Ball Lightning+1"],"special_seed":0,"relics":["Cracked Core","Anchor","Dream Catcher","Oddly Smooth Stone","Blue Candle","Nuclear Battery","Regal Pillow","Singing Bowl","Omamori","Inserter","Gremlin Horn","Strawberry","Torii","Art of War","Darkstone Periapt","Red Mask","Mummified Hand"],"potions_floor_usage":[48,48,50],"damage_taken":[{"damage":0.0,"enemies":"Small Slimes","floor":1.0,"turns":2.0},{"damage":0.0,"enemies":"2 Louse","floor":5.0,"turns":2.0},{"damage":17.0,"enemies":"Gremlin Nob","floor":6.0,"turns":4.0},{"damage":2.0,"enemies":"Lagavulin","floor":8.0,"turns":6.0},{"damage":1.0,"enemies":"Jaw Worm","floor":11.0,"turns":3.0},{"damage":0.0,"enemies":"Gremlin Gang","floor":14.0,"turns":3.0},{"damage":12.0,"enemies":"Hexaghost","floor":16.0,"turns":9.0},{"damage":5.0,"enemies":"Shell Parasite","floor":18.0,"turns":4.0},{"damage":0.0,"enemies":"3 Byrds","floor":19.0,"turns":3.0},{"damage":8.0,"enemies":"Snecko","floor":20.0,"turns":4.0},{"damage":16.0,"enemies":"Book of Stabbing","floor":23.0,"turns":6.0},{"damage":10.0,"enemies":"3 Cultists","floor":25.0,"turns":4.0},{"damage":9.0,"enemies":"Gremlin Leader","floor":27.0,"turns":6.0},{"damage":9.0,"enemies":"Snake Plant","floor":28.0,"turns":3.0},{"damage":8.0,"enemies":"Snecko","floor":29.0,"turns":5.0},{"damage":2.0,"enemies":"Centurion and Healer","floor":30.0,"turns":5.0},{"damage":35.0,"enemies":"Champ","floor":33.0,"turns":11.0},{"damage":0.0,"enemies":"3 Shapes","floor":35.0,"turns":5.0},{"damage":0.0,"enemies":"Orb Walker","floor":38.0,"turns":4.0},{"damage":29.0,"enemies":"Nemesis","floor":40.0,"turns":7.0},{"damage":2.0,"enemies":"Mind Bloom Boss Battle","floor":42.0,"turns":6.0},{"damage":0.0,"enemies":"Reptomancer","floor":44.0,"turns":4.0},{"damage":30.0,"enemies":"Nemesis","floor":46.0,"turns":7.0},{"damage":17.0,"enemies":"3 Darklings","floor":47.0,"turns":5.0},{"damage":2,"enemies":"Spire Growth","floor":48,"turns":5},{"damage":59,"enemies":"Time Eater","floor":50,"turns":6}],"seed_played":"-3401257109994275967","potions_obtained":[{"floor":1.0,"key":"GamblersBrew"},{"floor":8.0,"key":"Weak Potion"},{"floor":11.0,"key":"Fire Potion"},{"floor":20.0,"key":"GamblersBrew"},{"floor":23.0,"key":"FocusPotion"},{"floor":27.0,"key":"Regen Potion"},{"floor":33.0,"key":"SkillPotion"},{"floor":35.0,"key":"Swift Potion"},{"floor":40.0,"key":"AttackPotion"},{"floor":47.0,"key":"EssenceOfSteel"},{"floor":48,"key":"PowerPotion"}],"is_trial":false,"path_per_floor":["M","$","?","?","M","E","?","E","T","R","M","$","R","M","R","B",null,"M","M","M","$","?","E","R","M","T","E","M","M","M","?","R","B",null,"M","?","$","M","$","E","?","?","T","E","?","E","M","M","R","B"],"character_chosen":"DEFECT","items_purchased":["Defragment","Glacier","Electrodynamics","Gremlin Horn","Discovery"],"campfire_rested":2,"item_purchase_floors":[2,2,21,37,39],"current_hp_per_floor":[68,68,68,61,61,44,49,47,47,47,46,46,46,46,46,34,69,64,64,56,56,56,40,40,30,30,23,14,22,22,22,64,29,73,75,75,75,75,75,55,55,55,55,55,55,25,10,10,58,0],"gold":64,"neow_bonus":"RANDOM_COMMON_RELIC","is_prod":false,"is_daily":false,"chose_seed":false,"campfire_upgraded":4,"win_rate":0,"timestamp":1558578990,"path_taken":["M","$","?","?","M","E","?","E","T","R","?","$","R","M","R","BOSS","M","M","?","$","?","E","R","M","T","E","M","M","M","?","R","BOSS","M","?","?","M","$","E","?","?","T","E","?","E","?","M","R","BOSS"],"build_version":"2019-01-23","purchased_purges":1,"victory":false,"max_hp_per_floor":[75,75,75,75,75,75,80,80,80,80,80,80,80,80,80,80,80,80,80,80,80,80,80,80,80,80,82,82,84,86,86,88,88,88,90,90,90,90,90,99,99,101,101,101,101,101,103,105,107,107],"card_choices":[{"not_picked":["Static Discharge","Barrage"],"picked":"Go for the Eyes","floor":1.0},{"not_picked":["Rebound","Leap"],"picked":"Tempest","floor":5.0},{"not_picked":["Capacitor","Skim"],"picked":"Ball Lightning","floor":6.0},{"not_picked":["Hello World","Compile Driver"],"picked":"Chaos","floor":8.0},{"not_picked":["Barrage","Hologram","Compile Driver"],"picked":"SKIP","floor":11.0},{"not_picked":["Gash","Stack"],"picked":"Conserve Battery","floor":14.0},{"not_picked":["Buffer","Machine Learning"],"picked":"Thunder Strike","floor":16.0},{"not_picked":["Stack","Beam Cell"],"picked":"Glacier","floor":18.0},{"not_picked":["Scrape","Beam Cell","Reinforced Body"],"picked":"SKIP","floor":19.0},{"not_picked":["Rebound+1","Go for the Eyes"],"picked":"Sweeping Beam","floor":20.0},{"not_picked":["Fusion+1","Glacier"],"picked":"Chill","floor":23.0},{"not_picked":["Rebound+1","Sunder"],"picked":"Cold Snap","floor":25.0},{"not_picked":["Genetic Algorithm+1","Compile Driver+1","Turbo"],"picked":"Singing Bowl","floor":27.0},{"not_picked":["Sweeping Beam","Darkness"],"picked":"Ball Lightning","floor":28.0},{"not_picked":["Compile Driver","Thunder Strike","Streamline"],"picked":"Singing Bowl","floor":29.0},{"not_picked":["Rebound+1","Redo","Sweeping Beam"],"picked":"Singing Bowl","floor":30.0},{"not_picked":["Aggregate","Hologram+1","Steam Power"],"picked":"Singing Bowl","floor":32.0},{"not_picked":["Buffer","Fission"],"picked":"Biased Cognition","floor":33.0},{"not_picked":["Compile Driver+1","Redo","Turbo"],"picked":"Singing Bowl","floor":35.0},{"not_picked":["Chill","Ball Lightning"],"picked":"Barrage","floor":38.0},{"not_picked":["Cold Snap","Amplify","Loop"],"picked":"Singing Bowl","floor":40.0},{"not_picked":["Turbo+1","Auto Shields","Rebound+1"],"picked":"Singing Bowl","floor":42.0},{"not_picked":["Rip and Tear","Turbo+1"],"picked":"Cold Snap+1","floor":44.0},{"not_picked":["Go for the Eyes","Compile Driver+1"],"picked":"Ball Lightning+1","floor":46.0},{"not_picked":["Ball Lightning","Undo","Electrodynamics"],"picked":"Singing Bowl","floor":47.0},{"not_picked":["Capacitor","Heatsinks+1","Beam Cell+1"],"picked":"Singing Bowl","floor":48},{"not_picked":["Capacitor+1","Rebound","Stack"],"picked":"Singing Bowl","floor":49}],"player_experience":507076,"relics_obtained":[{"floor":6.0,"key":"Dream Catcher"},{"floor":8.0,"key":"Oddly Smooth Stone"},{"floor":9.0,"key":"Blue Candle"},{"floor":23.0,"key":"Regal Pillow"},{"floor":26.0,"key":"Singing Bowl"},{"floor":27.0,"key":"Omamori"},{"floor":40.0,"key":"Strawberry"},{"floor":42.0,"key":"Torii"},{"floor":43.0,"key":"Art of War"},{"floor":44.0,"key":"Darkstone Periapt"},{"floor":46.0,"key":"Mummified Hand"}],"event_choices":[{"damage_healed":0.0,"max_hp_gain":0.0,"max_hp_loss":0.0,"gold_gain":0.0,"event_name":"Liars Game","player_choice":"Ignored","floor":3.0,"gold_loss":0.0,"damage_taken":0.0},{"cards_removed":["Defend_B"],"damage_healed":0.0,"max_hp_gain":0.0,"max_hp_loss":0.0,"gold_gain":0.0,"event_name":"Golden Wing","player_choice":"Card Removal","floor":4.0,"gold_loss":0.0,"damage_taken":7.0},{"damage_healed":0.0,"max_hp_gain":5.0,"max_hp_loss":0.0,"gold_gain":0.0,"event_name":"Big Fish","player_choice":"Donut","floor":7.0,"gold_loss":0.0,"damage_taken":0.0},{"damage_healed":0.0,"max_hp_gain":0.0,"max_hp_loss":0.0,"gold_gain":0.0,"event_name":"Vampires","player_choice":"Ignored","floor":22.0,"gold_loss":0.0,"damage_taken":0.0},{"damage_healed":0.0,"max_hp_gain":0.0,"max_hp_loss":0.0,"gold_gain":0.0,"event_name":"Ghosts","player_choice":"Ignored","floor":31.0,"gold_loss":0.0,"damage_taken":0.0},{"cards_removed":["Defend_B"],"damage_healed":0.0,"max_hp_gain":0.0,"max_hp_loss":0.0,"gold_gain":0.0,"event_name":"Wheel of Change","player_choice":"Card Removal","floor":36.0,"gold_loss":0.0,"damage_taken":0.0},{"cards_removed":["Strike_B"],"damage_healed":0.0,"max_hp_gain":0.0,"max_hp_loss":0.0,"gold_gain":0.0,"event_name":"Falling","player_choice":"Removed Attack","floor":41.0,"gold_loss":0.0,"damage_taken":0.0},{"damage_healed":0.0,"max_hp_gain":0.0,"max_hp_loss":0.0,"gold_gain":0.0,"event_name":"MindBloom","player_choice":"Fight","floor":42.0,"gold_loss":0.0,"damage_taken":0.0},{"damage_healed":0.0,"max_hp_gain":0.0,"max_hp_loss":0.0,"gold_gain":0.0,"event_name":"Tomb of Lord Red Mask","player_choice":"Paid","floor":45.0,"gold_loss":267.0,"damage_taken":0.0,"relics_obtained":["Red Mask"]}],"is_beta":false,"boss_relics":[{"not_picked":["Pandora\u0027s Box","Eternal Feather"],"picked":"Nuclear Battery"},{"not_picked":["Snecko Eye","Sozu"],"picked":"Inserter"}],"items_purged_floors":[12],"is_endless":false,"potions_floor_spawned":[1,8,11,20,23,27,33,35,40,47,48],"killed_by":"Time Eater","ascension_level":9}