{"gold_per_floor":[123,155,167,193,218,256,268,315,376,418,430,460,490,520,532,641,653,677,661,673,696,725,737],"floor_reached":23,"playtime":2809,"items_purged":[],"score":217,"play_id":"9fe3c827-d91e-4377-848c-9e0692385c41","local_time":"20181103205506","is_ascension_mode":false,"campfire_choices":[{"data":"Zap","floor":7,"key":"SMITH"},{"floor":11,"key":"REST"},{"floor":15,"key":"REST"}],"neow_cost":"NONE","seed_source_timestamp":3588409116385,"circlet_count":0,"master_deck":["Strike_B","Strike_B","Strike_B","Strike_B","Defend_B","Defend_B","Defend_B","Defend_B","Zap+1","Dualcast","Undo","Creative AI","Heatsinks","Rip and Tear","Steam+1","Stack+1","Steam+1","White Noise+1","Turbo+1","Echo Form","Loop","FTL","Tempest+1","White Noise+1"],"relics":["FrozenCore","MawBank","Orichalcum","Toxic Egg 2","Vajra","Smiling Mask","Nilry\u0027s Codex"],"potions_floor_usage":[8,8,10,10,19,19,23],"damage_taken":[{"damage":1,"enemies":"Cultist","floor":1,"turns":4},{"damage":2,"enemies":"Small Slimes","floor":2,"turns":3},{"damage":0,"enemies":"Jaw Worm","floor":4,"turns":3},{"damage":0,"enemies":"Looter","floor":5,"turns":4},{"damage":24,"enemies":"Lagavulin","floor":6,"turns":8},{"damage":14,"enemies":"3 Sentries","floor":8,"turns":4},{"damage":20,"enemies":"Gremlin Nob","floor":10,"turns":4},{"damage":16,"enemies":"Exordium Thugs","floor":12,"turns":6},{"damage":15,"enemies":"Large Slime","floor":13,"turns":4},{"damage":0,"enemies":"Exordium Wildlife","floor":14,"turns":4},{"damage":3,"enemies":"Slime Boss","floor":16,"turns":6},{"damage":0,"enemies":"Spheric Guardian","floor":18,"turns":6},{"damage":24,"enemies":"2 Thieves","floor":19,"turns":5},{"damage":10,"enemies":"Sentry and Sphere","floor":21,"turns":6},{"damage":15,"enemies":"Centurion and Healer","floor":22,"turns":6},{"damage":11,"enemies":"Slavers","floor":23,"turns":1}],"seed_played":"5539317370356112453","potions_obtained":[{"floor":1,"key":"FocusPotion"},{"floor":4,"key":"Ancient Potion"},{"floor":5,"key":"LiquidBronze"},{"floor":8,"key":"PowerPotion"},{"floor":14,"key":"Dexterity Potion"},{"floor":18,"key":"Block Potion"},{"floor":22,"key":"Poison Potion"}],"is_trial":false,"path_per_floor":["M","M","?","M","M","E","R","E","T","E","R","M","M","M","R","B",null,"M","M","?","M","M","E"],"character_chosen":"DEFECT","items_purchased":[],"campfire_rested":2,"item_purchase_floors":[],"current_hp_per_floor":[74,72,75,75,75,51,51,37,37,17,39,23,8,8,30,27,75,75,51,35,25,10,0],"gold":737,"neow_bonus":"RANDOM_COMMON_RELIC","is_prod":false,"is_daily":false,"chose_seed":false,"campfire_upgraded":1,"win_rate":0.0,"timestamp":1541303706,"path_taken":["M","M","?","M","M","E","R","E","T","E","R","M","M","?","R","BOSS","M","M","?","M","M","E"],"build_version":"2018-11-01","purchased_purges":0,"victory":false,"max_hp_per_floor":[75,75,75,75,75,75,75,75,75,75,75,75,75,75,75,75,75,75,75,75,75,75,75],"card_choices":[{"not_picked":["Compile Driver","Gash"],"picked":"Undo","floor":1},{"not_picked":["Leap","Streamline"],"picked":"Darkness","floor":2},{"not_picked":["Rebound","Cold Snap"],"picked":"Creative AI","floor":4},{"not_picked":["Turbo","Beam Cell"],"picked":"Heatsinks","floor":5},{"not_picked":["Coolheaded","Ball Lightning"],"picked":"Rip and Tear","floor":6},{"not_picked":["Cold Snap","Reinforced Body"],"picked":"Steam","floor":8},{"not_picked":["Steam+1","Go for the Eyes"],"picked":"Stack+1","floor":10},{"not_picked":["Biased Cognition","Compile Driver"],"picked":"Steam+1","floor":12},{"not_picked":["Gash","Coolheaded+1"],"picked":"White Noise+1","floor":13},{"not_picked":["Ball Lightning","Skim+1"],"picked":"Turbo+1","floor":14},{"not_picked":["Buffer","Biased Cognition"],"picked":"Echo Form","floor":16},{"not_picked":["Coolheaded+1","Steam+1"],"picked":"Loop","floor":18},{"not_picked":["Beam Cell","Doom and Gloom"],"picked":"FTL","floor":19},{"not_picked":["Streamline","Gash+1"],"picked":"Tempest+1","floor":21},{"not_picked":["Core Surge","Turbo+1"],"picked":"White Noise+1","floor":22}],"player_experience":186249,"relics_obtained":[{"floor":6,"key":"Orichalcum"},{"floor":8,"key":"Toxic Egg 2"},{"floor":9,"key":"Vajra"},{"floor":10,"key":"Smiling Mask"},{"floor":20,"key":"Nilry\u0027s Codex"}],"event_choices":[{"cards_removed":["Darkness"],"damage_healed":3,"gold_gain":0,"player_choice":"Offered Uncommon","damage_taken":0,"max_hp_gain":0,"max_hp_loss":0,"event_name":"Bonfire Elementals","floor":3,"gold_loss":0},{"damage_healed":0,"gold_gain":0,"player_choice":"Obtained Book","damage_taken":16,"max_hp_gain":0,"max_hp_loss":0,"event_name":"Cursed Tome","floor":20,"gold_loss":0}],"is_beta":false,"boss_relics":[{"not_picked":["Empty Cage","Eternal Feather"],"picked":"FrozenCore"}],"items_purged_floors":[],"is_endless":false,"potions_floor_spawned":[1,4,5,8,14,18,22],"killed_by":"Slavers","ascension_level":0}