{"gold_per_floor":[113,126,145,145,42,42,68,33,33,51,51,51,76,93,93,164,164,184,184,184,200,216,216,234,234,258,278,278,153,153,553,553,553],"floor_reached":33,"playtime":1360,"items_purged":["Strike_R","Defend_R"],"score":535,"play_id":"542963e8-e44b-41ff-91dd-232c8252d3be","local_time":"20190117205454","is_ascension_mode":true,"campfire_choices":[{"data":"Bash","floor":6.0,"key":"SMITH"},{"data":"Whirlwind","floor":12.0,"key":"SMITH"},{"data":"Carnage","floor":15.0,"key":"SMITH"},{"data":"Flame Barrier","floor":23.0,"key":"SMITH"},{"data":"Shrug It Off","floor":28.0,"key":"SMITH"},{"data":"Clothesline","floor":30.0,"key":"SMITH"},{"data":"Cleave","floor":32.0,"key":"SMITH"}],"neow_cost":"NONE","seed_source_timestamp":90490695896520,"circlet_count":0,"master_deck":["AscendersBane","Defend_R","Defend_R","Defend_R","Bash+1","Madness+1","Cleave+1","Carnage+1","Flame Barrier+1","Shrug It Off+1","Shrug It Off+1","Whirlwind+1","Clothesline+1","Anger","Impervious+1","Bite","Bite","Bite","Bite","Shrug It Off+1","Ghostly Armor+1","Pommel Strike+1","Master of Strategy+1","Seeing Red+1","Armaments+1"],"special_seed":0,"relics":["Burning Blood","Mango","Toxic Egg 2","Bird Faced Urn","FossilizedHelix","Runic Pyramid","Omamori","Old Coin","Darkstone Periapt"],"potions_floor_usage":[33],"damage_taken":[{"damage":2.0,"enemies":"Cultist","floor":1.0,"turns":4.0},{"damage":10.0,"enemies":"Small Slimes","floor":2.0,"turns":2.0},{"damage":3.0,"enemies":"2 Louse","floor":3.0,"turns":2.0},{"damage":12.0,"enemies":"3 Sentries","floor":7.0,"turns":9.0},{"damage":31.0,"enemies":"Large Slime","floor":10.0,"turns":8.0},{"damage":20.0,"enemies":"Gremlin Nob","floor":13.0,"turns":4.0},{"damage":0.0,"enemies":"Looter","floor":14.0,"turns":3.0},{"damage":10.0,"enemies":"Slime Boss","floor":16.0,"turns":8.0},{"damage":7.0,"enemies":"Shell Parasite","floor":18.0,"turns":6.0},{"damage":0.0,"enemies":"Chosen","floor":21.0,"turns":3.0},{"damage":3.0,"enemies":"3 Cultists","floor":22.0,"turns":4.0},{"damage":24.0,"enemies":"Shelled Parasite and Fungi","floor":24.0,"turns":9.0},{"damage":0.0,"enemies":"Centurion and Healer","floor":27.0,"turns":10.0},{"damage":0.0,"enemies":"Colosseum Slavers","floor":31.0,"turns":5.0},{"damage":0.0,"enemies":"Colosseum Nobs","floor":31.0,"turns":3.0},{"damage":75,"enemies":"Automaton","floor":33,"turns":8}],"seed_played":"-6437893403387979034","potions_obtained":[{"floor":2.0,"key":"SkillPotion"},{"floor":7.0,"key":"GamblersBrew"},{"floor":10.0,"key":"Block Potion"},{"floor":13.0,"key":"EssenceOfSteel"},{"floor":14.0,"key":"SneckoOil"},{"floor":18.0,"key":"SteroidPotion"},{"floor":21.0,"key":"Fire Potion"},{"floor":31.0,"key":"Strength Potion"}],"is_trial":false,"path_per_floor":["M","M","M","?","$","R","E","?","T","M","?","R","E","M","R","B",null,"M","?","?","M","M","R","M","?","T","M","R","$","R","?","R","B"],"character_chosen":"IRONCLAD","items_purchased":["Shrug It Off","Armaments+1"],"campfire_rested":0,"item_purchase_floors":[5,29],"current_hp_per_floor":[72,68,71,74,74,74,68,89,89,64,64,64,50,56,56,52,80,79,62,62,62,62,62,58,58,58,62,62,62,62,62,62,0],"gold":553,"neow_bonus":"RANDOM_COLORLESS","is_prod":false,"is_daily":false,"chose_seed":false,"campfire_upgraded":7,"win_rate":0,"timestamp":1547758494,"path_taken":["M","M","?","?","$","R","E","?","T","M","?","R","E","M","R","BOSS","M","?","?","?","?","R","M","?","T","?","R","$","R","?","R","BOSS"],"build_version":"2019-01-10","purchased_purges":2,"victory":false,"max_hp_per_floor":[75,75,75,89,89,89,89,89,89,89,89,89,89,89,89,89,89,89,62,62,62,62,62,62,62,62,62,62,62,62,62,62,62],"card_choices":[{"not_picked":["Rupture","Body Slam"],"picked":"Cleave","floor":1.0},{"not_picked":["Hemokinesis","Dropkick"],"picked":"Carnage","floor":2.0},{"not_picked":["Carnage","Second Wind"],"picked":"Flame Barrier","floor":3.0},{"not_picked":["Havoc","Armaments"],"picked":"Shrug It Off","floor":7.0},{"not_picked":["Body Slam","Pommel Strike"],"picked":"Whirlwind","floor":10.0},{"not_picked":["Thunderclap","Fire Breathing"],"picked":"Clothesline","floor":13.0},{"not_picked":["Clash","Flex+1"],"picked":"Anger","floor":14.0},{"not_picked":["Fiend Fire","Juggernaut"],"picked":"Impervious+1","floor":16.0},{"not_picked":["Hemokinesis","Havoc+1"],"picked":"Warcry+1","floor":18.0},{"not_picked":["Uppercut","Body Slam"],"picked":"Shrug It Off+1","floor":21.0},{"not_picked":["Juggernaut","Iron Wave"],"picked":"Ghostly Armor+1","floor":22.0},{"not_picked":["Perfected Strike","Headbutt"],"picked":"Pommel Strike+1","floor":24.0},{"not_picked":["Thunderclap","Clothesline+1"],"picked":"Seeing Red+1","floor":27.0}],"player_experience":1146939,"relics_obtained":[{"floor":7.0,"key":"Toxic Egg 2"},{"floor":9.0,"key":"Bird Faced Urn"},{"floor":13.0,"key":"FossilizedHelix"},{"floor":26.0,"key":"Omamori"},{"floor":31.0,"key":"Old Coin"},{"floor":31.0,"key":"Darkstone Periapt"}],"event_choices":[{"damage_healed":0.0,"max_hp_gain":0.0,"max_hp_loss":0.0,"gold_gain":0.0,"event_name":"Scrap Ooze","player_choice":"Success","floor":4.0,"gold_loss":0.0,"damage_taken":11.0,"relics_obtained":["Mango"]},{"damage_healed":22.0,"max_hp_gain":0.0,"max_hp_loss":0.0,"gold_gain":0.0,"event_name":"The Cleric","player_choice":"Healed","floor":8.0,"gold_loss":35.0,"damage_taken":0.0},{"damage_healed":0.0,"max_hp_gain":0.0,"max_hp_loss":0.0,"gold_gain":0.0,"event_name":"Living Wall","player_choice":"Grow","floor":11.0,"gold_loss":0.0,"damage_taken":0.0,"cards_upgraded":["Madness"]},{"damage_healed":0.0,"max_hp_gain":0.0,"max_hp_loss":27.0,"gold_gain":0.0,"event_name":"Vampires","player_choice":"Became a vampire","floor":19.0,"gold_loss":0.0,"damage_taken":0.0,"cards_obtained":["Bite","Bite","Bite","Bite","Bite"]},{"cards_removed":["Warcry"],"damage_healed":5.0,"max_hp_gain":0.0,"max_hp_loss":0.0,"gold_gain":0.0,"event_name":"Bonfire Elementals","player_choice":"Offered Common","floor":20.0,"gold_loss":0.0,"damage_taken":0.0},{"cards_removed":["Warcry"],"damage_healed":5.0,"max_hp_gain":0.0,"max_hp_loss":0.0,"gold_gain":0.0,"event_name":"Bonfire Elementals","player_choice":"Offered Special","floor":20.0,"gold_loss":0.0,"damage_taken":0.0},{"damage_healed":0.0,"max_hp_gain":0.0,"max_hp_loss":0.0,"gold_gain":0.0,"cards_transformed":["Bite"],"event_name":"Transmorgrifier","player_choice":"Transformed","floor":25.0,"gold_loss":0.0,"damage_taken":0.0,"cards_obtained":["Master of Strategy"]},{"damage_healed":0.0,"max_hp_gain":0.0,"max_hp_loss":0.0,"gold_gain":0.0,"event_name":"Colosseum","player_choice":"Fight","floor":31.0,"gold_loss":0.0,"damage_taken":0.0},{"damage_healed":0.0,"max_hp_gain":0.0,"max_hp_loss":0.0,"gold_gain":0.0,"event_name":"Colosseum","player_choice":"Fought Nobs","floor":31.0,"gold_loss":0.0,"damage_taken":0.0}],"is_beta":false,"boss_relics":[{"not_picked":["Empty Cage","Coffee Dripper"],"picked":"Runic Pyramid"}],"items_purged_floors":[5,29],"is_endless":false,"potions_floor_spawned":[2,7,10,13,14,18,21,31,31],"killed_by":"Automaton","ascension_level":20}