{"gold_per_floor":[114,114,114,132,146,185,200,216,243,243,284,284,284,305,305,400,400,385,31,50,68,68,68,103,0,0,0,0,0,21,37,37,37],"floor_reached":33,"playtime":1240,"items_purged":["Strike_G"],"score":579,"play_id":"e761f09c-b182-4dc7-98b8-f6faa3564d63","local_time":"20190521205723","is_ascension_mode":true,"campfire_choices":[{"floor":10.0,"key":"REST"},{"floor":13.0,"key":"REST"},{"floor":15.0,"key":"REST"},{"floor":23.0,"key":"REST"},{"data":"1","floor":28,"key":"LIFT"},{"data":"2","floor":32,"key":"LIFT"}],"neow_cost":"NONE","seed_source_timestamp":7544679764500,"circlet_count":0,"master_deck":["AscendersBane","Defend_G","Defend_G","Defend_G","Defend_G","Defend_G","Survivor+1","Neutralize+1","Flechettes","Masterful Stab","Backflip","Bouncing Flask","Finisher","Sucker Punch","Slice","Backstab","After Image","Apotheosis","Footwork","Flechettes+1","Shame","Bite","Bite","Bite","Bite","Bite","Underhanded Strike"],"special_seed":0,"relics":["Ring of the Snake","NeowsBlessing","Golden Idol","Lantern","Happy Flower","Potion Belt","Snecko Eye","Snake Skull","Anchor","Girya"],"potions_floor_usage":[],"damage_taken":[{"damage":0.0,"enemies":"Small Slimes","floor":1.0,"turns":1.0},{"damage":0.0,"enemies":"Jaw Worm","floor":4.0,"turns":1.0},{"damage":0.0,"enemies":"Cultist","floor":5.0,"turns":1.0},{"damage":6.0,"enemies":"Gremlin Nob","floor":6.0,"turns":3.0},{"damage":14.0,"enemies":"Gremlin Gang","floor":7.0,"turns":6.0},{"damage":6.0,"enemies":"Looter","floor":8.0,"turns":2.0},{"damage":25.0,"enemies":"Lagavulin","floor":11.0,"turns":7.0},{"damage":8.0,"enemies":"Large Slime","floor":14.0,"turns":6.0},{"damage":26.0,"enemies":"The Guardian","floor":16.0,"turns":12.0},{"damage":23.0,"enemies":"2 Thieves","floor":18.0,"turns":4.0},{"damage":0.0,"enemies":"Shell Parasite","floor":20.0,"turns":6.0},{"damage":3.0,"enemies":"Centurion and Healer","floor":21.0,"turns":7.0},{"damage":3.0,"enemies":"Gremlin Leader","floor":24.0,"turns":7.0},{"damage":19,"enemies":"Cultist and Chosen","floor":30,"turns":6},{"damage":6,"enemies":"Snecko","floor":31,"turns":5},{"damage":65,"enemies":"Automaton","floor":33,"turns":6}],"seed_played":"7867306829314602095","potions_obtained":[{"floor":1.0,"key":"FearPotion"},{"floor":5.0,"key":"Dexterity Potion"},{"floor":6.0,"key":"Swift Potion"},{"floor":11.0,"key":"SkillPotion"},{"floor":21.0,"key":"Poison Potion"}],"is_trial":false,"path_per_floor":["M","?","?","M","M","E","M","M","T","R","E","?","R","M","R","B",null,"M","$","M","M","?","R","E","?","T","?","R","?","M","M","R","B"],"character_chosen":"THE_SILENT","items_purchased":["Apotheosis","Footwork"],"campfire_rested":4,"item_purchase_floors":[19,19],"current_hp_per_floor":[59,59,41,41,41,35,21,15,15,33,8,8,26,18,36,10,48,25,25,25,22,22,40,37,37,37,49,49,42,24,28,28,0],"gold":37,"neow_bonus":"THREE_ENEMY_KILL","is_prod":false,"is_daily":false,"chose_seed":false,"campfire_upgraded":0,"win_rate":0,"timestamp":1558468643,"path_taken":["M","?","?","M","M","E","M","M","T","R","E","?","R","?","R","BOSS","M","$","M","?","?","R","E","?","T","?","R","?","M","M","R","BOSS"],"build_version":"2019-01-23","purchased_purges":1,"victory":false,"max_hp_per_floor":[66,60,60,60,60,60,60,60,60,60,60,60,60,60,60,60,60,60,60,60,60,60,60,60,60,60,60,60,42,42,42,42,42],"card_choices":[{"not_picked":["Accuracy","Concentrate"],"picked":"Flechettes","floor":1.0},{"not_picked":["Dagger Spray","Finisher"],"picked":"Masterful Stab","floor":4.0},{"not_picked":["Setup","Prepared"],"picked":"Backflip","floor":5.0},{"not_picked":["Slice","Tactician"],"picked":"Bouncing Flask","floor":6.0},{"not_picked":["Cloak And Dagger","Escape Plan"],"picked":"Finisher","floor":7.0},{"not_picked":["Reflex","Riddle With Holes"],"picked":"Sucker Punch","floor":8.0},{"not_picked":["Setup","Infinite Blades"],"picked":"Slice","floor":11.0},{"not_picked":["Flying Knee","Quick Slash"],"picked":"Backstab","floor":14.0},{"not_picked":["Die Die Die","Envenom"],"picked":"After Image","floor":16.0},{"not_picked":["Acrobatics+1","Sucker Punch","Masterful Stab"],"picked":"SKIP","floor":18.0},{"not_picked":["Deadly Poison","Prepared"],"picked":"Flechettes+1","floor":20.0},{"not_picked":["Prepared","Expertise","Dagger Spray+1"],"picked":"SKIP","floor":21.0},{"not_picked":["PiercingWail","Prepared+1","Infinite Blades"],"picked":"SKIP","floor":24.0},{"not_picked":["Concentrate","Poisoned Stab","Slice"],"picked":"SKIP","floor":30},{"not_picked":["Well Laid Plans","Adrenaline"],"picked":"Underhanded Strike","floor":31}],"player_experience":1371162,"relics_obtained":[{"floor":6.0,"key":"Lantern"},{"floor":9.0,"key":"Happy Flower"},{"floor":11.0,"key":"Potion Belt"},{"floor":24.0,"key":"Anchor"},{"floor":26,"key":"Girya"}],"event_choices":[{"damage_healed":0.0,"max_hp_gain":0.0,"max_hp_loss":6.0,"gold_gain":0.0,"event_name":"Golden Idol","player_choice":"Lose Max HP","floor":2.0,"gold_loss":0.0,"damage_taken":0.0,"relics_obtained":["Golden Idol"]},{"damage_healed":0.0,"max_hp_gain":0.0,"max_hp_loss":0.0,"gold_gain":0.0,"event_name":"Shining Light","player_choice":"Entered Light","floor":3.0,"gold_loss":0.0,"damage_taken":18.0,"cards_upgraded":["Survivor","Neutralize"]},{"damage_healed":0.0,"max_hp_gain":0.0,"max_hp_loss":0.0,"gold_gain":0.0,"event_name":"Match and Keep!","player_choice":"0 cards matched","floor":12.0,"gold_loss":0.0,"damage_taken":0.0,"cards_obtained":[]},{"damage_healed":0.0,"max_hp_gain":0.0,"max_hp_loss":0.0,"gold_gain":0.0,"event_name":"Addict","player_choice":"Stole Relic","floor":22.0,"gold_loss":0.0,"damage_taken":0.0,"relics_obtained":["Snake Skull"],"cards_obtained":["Shame"]},{"damage_healed":0,"gold_gain":0,"player_choice":"Paid Fearfully","damage_taken":0,"max_hp_gain":0,"max_hp_loss":0,"event_name":"Masked Bandits","floor":25,"gold_loss":103},{"damage_healed":12,"gold_gain":0,"player_choice":"Heal","damage_taken":0,"max_hp_gain":0,"max_hp_loss":0,"event_name":"The Library","floor":27,"gold_loss":0},{"damage_healed":0,"gold_gain":0,"player_choice":"Became a vampire","damage_taken":0,"max_hp_gain":0,"max_hp_loss":18,"event_name":"Vampires","floor":29,"gold_loss":0,"cards_obtained":["Bite","Bite","Bite","Bite","Bite"]}],"is_beta":false,"boss_relics":[{"not_picked":["Empty Cage","Calling Bell"],"picked":"Snecko Eye"}],"items_purged_floors":[19],"is_endless":false,"potions_floor_spawned":[1,5,6,11,21],"killed_by":"Automaton","ascension_level":20}