{"gold_per_floor":[112,82,100,114,131,164,181,213,213,246,263,276,307,307],"floor_reached":14,"playtime":1571,"items_purged":[],"score":143,"play_id":"0a6a94f3-1187-48da-8702-d43fb47dfe2f","local_time":"20181201201532","is_ascension_mode":true,"campfire_choices":[],"neow_cost":"CURSE","seed_source_timestamp":25898962445269,"circlet_count":0,"master_deck":["Strike_B","Strike_B","Strike_B","Strike_B","Defend_B","Defend_B","Defend_B","Defend_B","Zap","Dualcast","Shame","Go for the Eyes","Coolheaded","Glacier","Gash","Echo Form","Ball Lightning","Buffer","Defragment","Conserve Battery","Loop","Stack"],"relics":["Cracked Core","Torii","Lantern","Nunchaku","Letter Opener","Pantograph","PreservedInsect"],"potions_floor_usage":[6,6,8,13,13,14],"damage_taken":[{"damage":0,"enemies":"Small Slimes","floor":1,"turns":3},{"damage":1,"enemies":"Cultist","floor":3,"turns":3},{"damage":2,"enemies":"Jaw Worm","floor":4,"turns":4},{"damage":1,"enemies":"Blue Slaver","floor":5,"turns":5},{"damage":3,"enemies":"Gremlin Nob","floor":6,"turns":5},{"damage":18,"enemies":"Red Slaver","floor":7,"turns":4},{"damage":19,"enemies":"3 Sentries","floor":8,"turns":9},{"damage":16,"enemies":"Lagavulin","floor":10,"turns":7},{"damage":9,"enemies":"3 Louse","floor":11,"turns":3},{"damage":0,"enemies":"Looter","floor":12,"turns":3},{"damage":8,"enemies":"3 Sentries","floor":13,"turns":7},{"damage":7,"enemies":"Exordium Wildlife","floor":14,"turns":1}],"seed_played":"1268783344291759110","potions_obtained":[{"floor":1,"key":"AttackPotion"},{"floor":2,"key":"FocusPotion"},{"floor":2,"key":"Dexterity Potion"},{"floor":3,"key":"FairyPotion"},{"floor":7,"key":"SkillPotion"},{"floor":10,"key":"Swift Potion"},{"floor":12,"key":"Block Potion"},{"floor":13,"key":"FocusPotion"}],"is_trial":false,"path_per_floor":["M","?","M","M","M","E","M","E","T","E","M","M","E","M"],"character_chosen":"DEFECT","items_purchased":[],"campfire_rested":0,"item_purchase_floors":[],"current_hp_per_floor":[75,75,74,72,71,68,50,31,31,15,6,6,7,0],"gold":307,"neow_bonus":"ONE_RARE_RELIC","is_prod":false,"is_daily":false,"chose_seed":false,"campfire_upgraded":0,"win_rate":0,"timestamp":1543724132,"path_taken":["M","?","?","M","M","E","M","E","T","E","M","M","E","M"],"build_version":"2018-11-15","purchased_purges":0,"victory":false,"max_hp_per_floor":[75,75,75,75,75,75,75,75,75,75,75,75,75,75],"card_choices":[{"not_picked":["Streamline","Doom and Gloom"],"picked":"Go for the Eyes","floor":1},{"not_picked":["Hologram","Steam"],"picked":"Coolheaded","floor":3},{"not_picked":["Sunder","Heatsinks"],"picked":"Glacier","floor":4},{"not_picked":["Sweeping Beam","Beam Cell"],"picked":"Gash","floor":5},{"not_picked":["Compile Driver","Gash"],"picked":"Echo Form","floor":6},{"not_picked":["Sweeping Beam","Steam Power"],"picked":"Ball Lightning","floor":7},{"not_picked":["Turbo","Conserve Battery"],"picked":"Buffer","floor":8},{"not_picked":["Aggregate","Melter"],"picked":"Defragment","floor":10},{"not_picked":["Blizzard","Stack"],"picked":"Conserve Battery","floor":11},{"not_picked":["Sweeping Beam","Skim"],"picked":"Loop","floor":12},{"not_picked":["Tempest","Force Field"],"picked":"Stack","floor":13}],"player_experience":283847,"relics_obtained":[{"floor":6,"key":"Lantern"},{"floor":8,"key":"Nunchaku"},{"floor":9,"key":"Letter Opener"},{"floor":10,"key":"Pantograph"},{"floor":13,"key":"PreservedInsect"}],"event_choices":[{"damage_healed":0,"gold_gain":0,"player_choice":"Bought 2 Potions","damage_taken":0,"max_hp_gain":0,"max_hp_loss":0,"event_name":"The Woman in Blue","floor":2,"gold_loss":0}],"is_beta":true,"boss_relics":[],"items_purged_floors":[],"is_endless":false,"potions_floor_spawned":[1,3,7,10,12,13],"killed_by":"Exordium Wildlife","ascension_level":3}