{"gold_per_floor":[114,214,139,156,166,166,185,220,220,220,237,253,132,149,149,248,248,261,261,280,298,198,198,230,230,230,257,257,272,272,284,284,383,383,403,803,818,404,404,404,418,418,418,473,57,69,69,87,87,87],"floor_reached":51,"playtime":2532,"items_purged":["Shame","Strike_R","Clumsy","Pain"],"score":802,"play_id":"89200a6c-0b6b-4945-a78a-bbb6a5177b7c","local_time":"20181118170147","is_ascension_mode":true,"campfire_choices":[{"data":"Havoc","floor":6,"key":"SMITH"},{"data":"Rage","floor":10,"key":"SMITH"},{"data":"Havoc","floor":15,"key":"SMITH"},{"data":"Warcry","floor":23,"key":"SMITH"},{"data":"Juggernaut","floor":25,"key":"SMITH"},{"data":"Entrench","floor":32,"key":"SMITH"},{"data":"Juggernaut","floor":40,"key":"SMITH"},{"floor":47,"key":"REST"},{"floor":49,"key":"REST"}],"neow_cost":"CURSE","seed_source_timestamp":14516233903516,"circlet_count":0,"master_deck":["Strike_R+1","Strike_R+1","Strike_R+1","Defend_R+1","Defend_R+1","Defend_R+1","Bash","Havoc+1","Havoc+1","Warcry","Rage+1","Metallicize","Metallicize","Shrug It Off","Whirlwind+1","Juggernaut+1","Warcry+1","Rage+1","Armaments","Pommel Strike+1","Sentinel","Juggernaut+1","Bandage Up"],"relics":["Burning Blood","Thread and Needle","Blue Candle","Molten Egg 2","Cursed Key","Matryoshka","Singing Bowl","Ancient Tea Set","Red Skull","Empty Cage","Old Coin","Membership Card","Ginger","Centennial Puzzle","Darkstone Periapt","Tiny Chest","Vajra","StoneCalendar"],"potions_floor_usage":[8,16,18,27,36,46,46,46],"damage_taken":[{"damage":1,"enemies":"Small Slimes","floor":1,"turns":4},{"damage":3,"enemies":"Cultist","floor":4,"turns":4},{"damage":5,"enemies":"2 Louse","floor":5,"turns":3},{"damage":5,"enemies":"Exordium Thugs","floor":7,"turns":5},{"damage":19,"enemies":"Lagavulin","floor":8,"turns":6},{"damage":5,"enemies":"3 Louse","floor":11,"turns":4},{"damage":4,"enemies":"Exordium Wildlife","floor":12,"turns":6},{"damage":6,"enemies":"Looter","floor":14,"turns":3},{"damage":26,"enemies":"The Guardian","floor":16,"turns":13},{"damage":1,"enemies":"2 Thieves","floor":18,"turns":3},{"damage":1,"enemies":"Spheric Guardian","floor":20,"turns":3},{"damage":1,"enemies":"Chosen and Byrds","floor":21,"turns":6},{"damage":21,"enemies":"Slavers","floor":24,"turns":6},{"damage":21,"enemies":"Book of Stabbing","floor":27,"turns":6},{"damage":4,"enemies":"Cultist and Chosen","floor":29,"turns":6},{"damage":0,"enemies":"Centurion and Healer","floor":31,"turns":4},{"damage":24,"enemies":"Automaton","floor":33,"turns":9},{"damage":12,"enemies":"3 Shapes","floor":35,"turns":3},{"damage":2,"enemies":"Mind Bloom Boss Battle","floor":36,"turns":5},{"damage":3,"enemies":"Orb Walker","floor":37,"turns":5},{"damage":0,"enemies":"Spire Growth","floor":41,"turns":4},{"damage":76,"enemies":"Nemesis","floor":44,"turns":7},{"damage":5,"enemies":"Sphere and 2 Shapes","floor":46,"turns":5},{"damage":7,"enemies":"Maw","floor":48,"turns":6},{"damage":57,"enemies":"Awakened One","floor":50,"turns":9}],"seed_played":"-1578784764066030026","potions_obtained":[{"floor":1,"key":"SteroidPotion"},{"floor":5,"key":"AttackPotion"},{"floor":8,"key":"Explosive Potion"},{"floor":14,"key":"GamblersBrew"},{"floor":16,"key":"SkillPotion"},{"floor":18,"key":"Weak Potion"},{"floor":27,"key":"SmokeBomb"},{"floor":31,"key":"Swift Potion"},{"floor":36,"key":"EntropicBrew"},{"floor":44,"key":"BloodPotion"}],"is_trial":false,"path_per_floor":["M","?","$","M","M","R","M","E","T","R","M","M","$","M","R","B",null,"M","?","M","M","$","R","E","R","T","E","?","M","?","M","R","B",null,"M","?","M","$","?","R","M","?","T","E","$","M","R","M","R","B",null],"character_chosen":"IRONCLAD","items_purchased":["Shrug It Off","Whirlwind+1","Membership Card","Ginger","Vajra","StoneCalendar","Bandage Up","BloodPotion","SkillPotion"],"campfire_rested":2,"item_purchase_floors":[13,13,38,38,45,45,45,45,45],"current_hp_per_floor":[80,80,80,80,80,80,80,67,67,67,68,70,70,70,70,50,80,80,80,80,80,80,80,65,65,65,50,50,54,54,60,60,42,82,78,84,88,88,88,88,90,90,90,22,22,47,75,80,96,49],"gold":87,"neow_bonus":"ONE_RARE_RELIC","is_prod":false,"is_daily":false,"chose_seed":false,"campfire_upgraded":7,"win_rate":0,"timestamp":1542560507,"path_taken":["M","?","$","M","M","R","M","E","T","R","?","?","$","M","R","BOSS","M","?","M","?","$","R","E","R","T","E","?","M","?","M","R","BOSS","M","?","M","$","?","R","?","?","T","E","$","M","R","M","R","BOSS"],"build_version":"2018-11-15","purchased_purges":4,"victory":true,"max_hp_per_floor":[80,80,80,80,80,80,80,80,80,80,80,80,80,80,80,80,80,80,80,80,80,80,80,80,80,80,80,80,82,82,82,82,82,82,84,86,88,88,88,88,90,90,90,92,92,94,94,96,96,96],"card_choices":[{"not_picked":["Seeing Red","Anger"],"picked":"Havoc","floor":1},{"not_picked":["Intimidate","Searing Blow"],"picked":"Havoc","floor":4},{"not_picked":["Clash","Wild Strike"],"picked":"Warcry","floor":5},{"not_picked":["Inflame","Heavy Blade"],"picked":"Rage","floor":7},{"not_picked":["Anger","Cleave","Body Slam"],"picked":"SKIP","floor":8},{"not_picked":["Twin Strike+1","Impervious"],"picked":"Metallicize","floor":11},{"not_picked":["Clothesline+1","Anger+1"],"picked":"Metallicize","floor":12},{"not_picked":["Sword Boomerang+1","Thunderclap+1","Inflame"],"picked":"SKIP","floor":14},{"not_picked":["Offering","Dark Embrace"],"picked":"Juggernaut","floor":16},{"not_picked":["Sword Boomerang+1","Shrug It Off"],"picked":"Warcry","floor":18},{"not_picked":["Corruption","Wild Strike+1"],"picked":"Armaments","floor":20},{"not_picked":["Cleave+1","Clash+1","Shrug It Off"],"picked":"SKIP","floor":21},{"not_picked":["Perfected Strike+1","Rage","Offering"],"picked":"SKIP","floor":24},{"not_picked":["True Grit","Rage"],"picked":"Pommel Strike+1","floor":27},{"not_picked":["Flex","Havoc","Twin Strike+1"],"picked":"Singing Bowl","floor":29},{"not_picked":["Shrug It Off+1","Shockwave"],"picked":"Entrench","floor":31},{"not_picked":["Bludgeon+1","Reaper+1"],"picked":"Juggernaut","floor":33},{"not_picked":["Armaments+1","Anger+1","Flex+1"],"picked":"Singing Bowl","floor":35},{"not_picked":["Shrug It Off+1","Pommel Strike+1","Wild Strike+1"],"picked":"Singing Bowl","floor":36},{"not_picked":["Bloodletting","Sever Soul+1","Twin Strike+1"],"picked":"Singing Bowl","floor":37},{"not_picked":["Hemokinesis+1","Combust","Rupture"],"picked":"Singing Bowl","floor":41},{"not_picked":["Demon Form","Seeing Red","Anger+1"],"picked":"Singing Bowl","floor":44},{"not_picked":["Cleave+1","Thunderclap+1","Rampage+1"],"picked":"Singing Bowl","floor":46},{"not_picked":["Whirlwind+1","Clothesline+1","Armaments+1"],"picked":"Singing Bowl","floor":48}],"player_experience":178318,"relics_obtained":[{"floor":8,"key":"Blue Candle"},{"floor":9,"key":"Molten Egg 2"},{"floor":24,"key":"Matryoshka"},{"floor":26,"key":"Singing Bowl"},{"floor":26,"key":"Ancient Tea Set"},{"floor":27,"key":"Red Skull"},{"floor":36,"key":"Old Coin"},{"floor":43,"key":"Centennial Puzzle"},{"floor":43,"key":"Darkstone Periapt"},{"floor":44,"key":"Tiny Chest"}],"event_choices":[{"damage_healed":0,"gold_gain":100,"player_choice":"Pray","damage_taken":0,"max_hp_gain":0,"max_hp_loss":0,"event_name":"Golden Shrine","floor":2,"gold_loss":0},{"damage_healed":0,"gold_gain":0,"player_choice":"Copied","damage_taken":0,"max_hp_gain":0,"max_hp_loss":0,"event_name":"Duplicator","floor":19,"gold_loss":0,"cards_obtained":["Rage"]},{"damage_healed":0,"gold_gain":0,"player_choice":"Read","damage_taken":0,"max_hp_gain":0,"max_hp_loss":0,"event_name":"The Library","floor":28,"gold_loss":0,"cards_obtained":["Sentinel"]},{"damage_healed":0,"gold_gain":0,"player_choice":"Simplicity","damage_taken":0,"max_hp_gain":0,"max_hp_loss":0,"event_name":"Back to Basics","floor":30,"gold_loss":0,"cards_upgraded":["Strike_R","Strike_R","Strike_R","Strike_R","Defend_R","Defend_R","Defend_R","Defend_R"]},{"damage_healed":0,"gold_gain":0,"player_choice":"Fight","damage_taken":0,"max_hp_gain":0,"max_hp_loss":0,"event_name":"MindBloom","floor":36,"gold_loss":0},{"cards_removed":["Entrench"],"damage_healed":0,"gold_gain":0,"player_choice":"Removed Skill","damage_taken":0,"max_hp_gain":0,"max_hp_loss":0,"event_name":"Falling","floor":39,"gold_loss":0},{"damage_healed":0,"gold_gain":0,"player_choice":"Ignored","damage_taken":0,"max_hp_gain":0,"max_hp_loss":0,"event_name":"Tomb of Lord Red Mask","floor":42,"gold_loss":0}],"is_beta":true,"boss_relics":[{"not_picked":["Snecko Eye","Runic Pyramid"],"picked":"Cursed Key"},{"not_picked":["White Beast Statue","Orrery"],"picked":"Empty Cage"}],"items_purged_floors":[3,22,38,45],"is_endless":false,"potions_floor_spawned":[1,5,8,14,16,18,27,31,36,41,44],"ascension_level":1}