{"path_per_floor":["?","?","?","?","?","?","?","?","?","?","?","?","?","?","?","B",null,"?","?","?","?","?","?"],"character_chosen":"IRONCLAD","items_purchased":["Ice Cream","Rampage"],"gold_per_floor":[114,129,129,144,159,159,174,249,324,339,354,20,35,90,90,190,190,205,190,205,205,220,220],"floor_reached":24,"campfire_rested":1,"playtime":2290,"current_hp_per_floor":[80,80,80,80,80,80,79,79,79,80,80,80,80,69,69,58,87,70,51,54,54,22,39],"items_purged":[],"gold":220,"score":194,"play_id":"01cc737d-866c-4a94-a53f-f15d383c4917","local_time":"20180307221401","daily_mods":[{"name":"Shiny","description":"Start with 1 Rare card.","modID":"Shiny","img":{"data":{"file":{"file":{"path":"images/ui/run_mods/shiny.png"},"type":"Internal"},"width":64,"height":64,"format":"RGBA8888","useMipMaps":false,"isPrepared":false},"glTarget":3553,"glHandle":682,"minFilter":"Linear","magFilter":"Linear","uWrap":"ClampToEdge","vWrap":"ClampToEdge"},"positive":true},{"name":"Uncertain Future","description":"The map shows only ?.","modID":"Uncertain Future","img":{"data":{"file":{"file":{"path":"images/ui/run_mods/uncertain_future.png"},"type":"Internal"},"width":64,"height":64,"format":"RGBA8888","useMipMaps":false,"isPrepared":false},"glTarget":3553,"glHandle":679,"minFilter":"Linear","magFilter":"Linear","uWrap":"ClampToEdge","vWrap":"ClampToEdge"},"positive":false},{"name":"Night Terrors","description":"Resting at Rest Sites heals 20% of your HP, rather than 30%.","modID":"Night Terrors","img":{"data":{"file":{"file":{"path":"images/ui/run_mods/night_terrors.png"},"type":"Internal"},"width":64,"height":64,"format":"RGBA8888","useMipMaps":false,"isPrepared":false},"glTarget":3553,"glHandle":678,"minFilter":"Linear","magFilter":"Linear","uWrap":"ClampToEdge","vWrap":"ClampToEdge"},"positive":false},{"name":"Vintage","description":"The Merchant\u0027s prices are increased by 25%.","modID":"Vintage","img":{"data":{"file":{"file":{"path":"images/ui/run_mods/vintage.png"},"type":"Internal"},"width":64,"height":64,"format":"RGBA8888","useMipMaps":false,"isPrepared":false},"glTarget":3553,"glHandle":677,"minFilter":"Linear","magFilter":"Linear","uWrap":"ClampToEdge","vWrap":"ClampToEdge"},"positive":false}],"is_prod":false,"is_daily":true,"is_ascension_mode":false,"campfire_upgraded":2,"timestamp":1520489641,"path_taken":["?","?","?","?","?","?","?","?","?","?","?","?","?","?","?","BOSS","?","?","?","?","?","?","?"],"build_version":"2018-03-01-PROD1","purchased_purges":0,"victory":false,"master_deck":["Strike_R","Strike_R","Strike_R","Strike_R","Strike_R","Defend_R","Defend_R","Defend_R","Defend_R","Bash","Demon Form+1","Iron Wave","Cleave","Bash","Intimidate","Flame Barrier","Reckless Charge","Cleave","Combust","Rampage","Thunderclap","Bloodletting+1","Brutality","Infernal Blade","Metallicize","Flex","Writhe","Armaments"],"max_hp_per_floor":[80,80,80,80,80,80,80,80,80,80,80,80,80,87,87,87,87,87,87,87,87,87,87],"relics":["Burning Blood","The Courier","Toolbox","Ice Cream","Strawberry","White Beast Statue","Shuriken"],"card_choices":[{"not_picked":["Anger","Heavy Blade"],"picked":"Iron Wave"},{"not_picked":["Sword Boomerang","Clash"],"picked":"Cleave"},{"not_picked":["Perfected Strike","Body Slam"],"picked":"Intimidate"},{"not_picked":["Wild Strike","Hemokinesis"],"picked":"Flame Barrier"},{"not_picked":["Heavy Blade","Sever Soul"],"picked":"Reckless Charge"},{"not_picked":["Uppercut","Demon Form"],"picked":"Cleave"},{"not_picked":["Clash","Wild Strike"],"picked":"Combust"},{"not_picked":["Iron Wave","Anger"],"picked":"Thunderclap"},{"not_picked":["Evolve","Pommel Strike"],"picked":"Bloodletting"},{"not_picked":["Bludgeon","Impervious"],"picked":"Brutality"},{"not_picked":["Clash","Shrug It Off"],"picked":"Infernal Blade"},{"not_picked":["Anger","Seeing Red"],"picked":"Metallicize"},{"not_picked":["Havoc","Uppercut"],"picked":"Flex"},{"not_picked":["Disarm","Thunderclap"],"picked":"Armaments"}],"player_experience":74334,"potions_floor_usage":[16,16,16,19,20,22],"damage_taken":[{"damage":2,"enemies":"2 Louse","floor":1,"turns":3},{"damage":5,"enemies":"Cultist","floor":2,"turns":4},{"damage":6,"enemies":"Jaw Worm","floor":4,"turns":2},{"damage":4,"enemies":"Exordium Wildlife","floor":5,"turns":3},{"damage":7,"enemies":"2 Fungi Beasts","floor":7,"turns":3},{"damage":5,"enemies":"Blue Slaver","floor":10,"turns":4},{"damage":3,"enemies":"Large Slime","floor":11,"turns":6},{"damage":3,"enemies":"2 Fungi Beasts","floor":13,"turns":3},{"damage":24,"enemies":"3 Sentries","floor":14,"turns":4},{"damage":17,"enemies":"Slime Boss","floor":16,"turns":6},{"damage":23,"enemies":"Spheric Guardian","floor":18,"turns":4},{"damage":25,"enemies":"2 Thieves","floor":19,"turns":5},{"damage":3,"enemies":"3 Cultists","floor":20,"turns":4},{"damage":38,"enemies":"Centurion and Healer","floor":22,"turns":6},{"damage":43,"enemies":"Slavers","floor":24,"turns":2}],"event_choices":[{"event_name":"Match and Keep!","player_choice":"1 cards matched","floor":3,"damage_taken":0},{"event_name":"Dead Adventurer","player_choice":"Searched \u00271\u0027 times","floor":14,"damage_taken":0},{"event_name":"The Mausoleum","player_choice":"Yes","floor":21,"damage_taken":0}],"boss_relics":[{"not_picked":["Cursed Key","Eternal Feather"],"picked":"White Beast Statue"}],"potions_floor_spawned":[2,7,10,18,19,20,22],"seed_played":"-8756636655409120335","killed_by":"Slavers","ascension_level":0,"is_trial":false}