{"gold_per_floor":[114,64,64,84,104,104,114,147,220,220,275,275,286,315,315,410,410,420,434,434,454,469,469,323,323,323,323],"floor_reached":27,"playtime":1375,"items_purged":["Strike_R"],"score":223,"play_id":"bd5e3d52-47c5-4dd8-a897-321d1ba19a94","local_time":"20181110145604","is_ascension_mode":false,"campfire_choices":[{"data":"Entrench","floor":6,"key":"SMITH"},{"floor":10,"key":"REST"},{"data":"1","floor":12,"key":"LIFT"},{"data":"Body Slam","floor":15,"key":"SMITH"},{"data":"Seeing Red","floor":23,"key":"SMITH"}],"neow_cost":"NONE","seed_source_timestamp":503981456949074,"circlet_count":0,"master_deck":["Strike_R","Strike_R","Strike_R","Defend_R","Defend_R","Defend_R","Defend_R","Bash","Entrench+1","Shrug It Off","Body Slam+1","Seeing Red+1","Berserk","Body Slam","Impervious","Swift Strike","Headbutt","Metallicize"],"relics":["Burning Blood","Girya","Matryoshka","Orichalcum","Tiny Chest","Lantern","Velvet Choker","Centennial Puzzle","Blue Candle","Red Skull"],"potions_floor_usage":[7,13,14,21,27],"damage_taken":[{"damage":10,"enemies":"Small Slimes","floor":1,"turns":3},{"damage":11,"enemies":"Jaw Worm","floor":4,"turns":3},{"damage":1,"enemies":"Cultist","floor":5,"turns":4},{"damage":12,"enemies":"Large Slime","floor":7,"turns":9},{"damage":36,"enemies":"3 Sentries","floor":8,"turns":13},{"damage":14,"enemies":"Exordium Thugs","floor":13,"turns":7},{"damage":15,"enemies":"Lagavulin","floor":14,"turns":8},{"damage":46,"enemies":"The Guardian","floor":16,"turns":11},{"damage":0,"enemies":"Spheric Guardian","floor":18,"turns":3},{"damage":0,"enemies":"Chosen","floor":19,"turns":2},{"damage":15,"enemies":"Shelled Parasite and Fungi","floor":21,"turns":7},{"damage":11,"enemies":"Centurion and Healer","floor":22,"turns":7},{"damage":60,"enemies":"Gremlin Leader","floor":27,"turns":6}],"seed_played":"-1192938838692270141","potions_obtained":[{"floor":4,"key":"Explosive Potion"},{"floor":8,"key":"Fire Potion"},{"floor":13,"key":"Fire Potion"},{"floor":19,"key":"Weak Potion"},{"floor":22,"key":"GamblersBrew"}],"is_trial":false,"path_per_floor":["M","?","?","M","M","R","M","E","T","R","T","R","M","E","R","B",null,"M","M","?","M","M","R","$","T","T","E"],"character_chosen":"IRONCLAD","items_purchased":["Metallicize"],"campfire_rested":1,"item_purchase_floors":[24],"current_hp_per_floor":[76,76,81,76,81,81,75,45,45,70,70,70,62,53,53,13,85,85,85,69,60,55,55,55,55,55,0],"gold":323,"neow_bonus":"THREE_CARDS","is_prod":false,"is_daily":false,"chose_seed":false,"campfire_upgraded":3,"win_rate":0,"timestamp":1541861764,"path_taken":["M","?","?","M","M","R","M","E","T","R","?","R","M","E","R","BOSS","M","M","?","M","M","R","$","?","T","E"],"build_version":"2018-11-08","purchased_purges":1,"victory":false,"max_hp_per_floor":[80,80,85,85,85,85,85,85,85,85,85,85,85,85,85,85,85,85,85,85,85,85,85,85,85,85,85],"card_choices":[{"not_picked":["Warcry","Clothesline"],"picked":"Entrench","floor":0},{"not_picked":["Spot Weakness","Warcry"],"picked":"Shrug It Off","floor":1},{"not_picked":["Warcry","Clash"],"picked":"Body Slam","floor":4},{"not_picked":["Armaments","Twin Strike"],"picked":"Seeing Red","floor":5},{"not_picked":["Perfected Strike","Intimidate","Rupture"],"picked":"SKIP","floor":7},{"not_picked":["Rampage","Fiend Fire"],"picked":"Berserk","floor":8},{"not_picked":["Anger","Blood for Blood"],"picked":"Body Slam","floor":13},{"not_picked":["Sever Soul","Demon Form","Iron Wave"],"picked":"SKIP","floor":14},{"not_picked":["Double Tap","Brutality"],"picked":"Impervious","floor":16},{"not_picked":["Armaments","Evolve+1","Searing Blow"],"picked":"SKIP","floor":18},{"not_picked":["Spot Weakness","Pommel Strike","Thunderclap"],"picked":"SKIP","floor":19},{"not_picked":["Second Wind","Intimidate+1"],"picked":"Headbutt","floor":21},{"not_picked":["True Grit","Disarm","Spot Weakness"],"picked":"SKIP","floor":22}],"player_experience":165108,"relics_obtained":[{"floor":8,"key":"Girya"},{"floor":9,"key":"Matryoshka"},{"floor":11,"key":"Orichalcum"},{"floor":11,"key":"Tiny Chest"},{"floor":14,"key":"Lantern"},{"floor":25,"key":"Centennial Puzzle"},{"floor":25,"key":"Blue Candle"},{"floor":26,"key":"Red Skull"}],"event_choices":[{"cards_removed":["Strike_R"],"damage_healed":0,"gold_gain":0,"player_choice":"Card Removal","damage_taken":0,"max_hp_gain":0,"max_hp_loss":0,"event_name":"The Cleric","floor":2,"gold_loss":50},{"damage_healed":0,"gold_gain":0,"player_choice":"Donut","damage_taken":0,"max_hp_gain":5,"max_hp_loss":0,"event_name":"Big Fish","floor":3,"gold_loss":0},{"damage_healed":0,"gold_gain":0,"player_choice":"CARD ","damage_taken":16,"max_hp_gain":0,"max_hp_loss":0,"event_name":"Knowing Skull","floor":20,"potions_obtained":[],"gold_loss":0,"cards_obtained":["Swift Strike"]}],"is_beta":true,"boss_relics":[{"not_picked":["Runic Pyramid","Mark of Pain"],"picked":"Velvet Choker"}],"items_purged_floors":[24],"is_endless":false,"potions_floor_spawned":[4,8,13,19,22],"killed_by":"Gremlin Leader","ascension_level":0}