{"gold_per_floor":[115,130,130,147,157,188,10,38,63,63,79,108,108,108,108,211,511,523,539,549,18,0,0,0,0,26,26,53,70,70,87,87,188,188,208,223,173,173,31,59,59,79,79,79,111,111,125,145,145,145],"floor_reached":51,"playtime":6296,"items_purged":["Pain","Pain","Slimebound:Icky","Decay"],"score":1062,"play_id":"efdf3b46-982f-461f-8ea9-0b2de03d8d62","local_time":"20190319213439","is_ascension_mode":true,"campfire_choices":[{"floor":10.0,"key":"REST"},{"data":"Disarm","floor":13.0,"key":"SMITH"},{"data":"Whirlwind","floor":15.0,"key":"SMITH"},{"floor":23,"key":"REST"},{"data":"RitualDagger","floor":25,"key":"SMITH"},{"floor":30,"key":"REST"},{"data":"Sadistic Nature","floor":32,"key":"SMITH"},{"floor":46,"key":"REST"},{"floor":49,"key":"REST"}],"neow_cost":"","seed_source_timestamp":0,"circlet_count":0,"master_deck":["Strike_R","Strike_R","Strike_R","Strike_R","Strike_R","Defend_R","Defend_R+1","Defend_R","Defend_R","Bash","Uppercut","Clumsy","Power Through+1","Anger","Intimidate","Whirlwind+1","Disarm+1","Iron Wave","Corruption","Inflame","Shrug It Off","Disarm+1","Clothesline","Immolate","Uppercut","Feed","Clumsy","Power Through+1","Armaments+1","Shrug It Off+1","Uppercut+1","Shrug It Off+1","Burning Pact+1","Offering+1","Sadistic Nature+1","RitualDagger+1","Impervious+1","Spot Weakness+1","Burning Pact+1","Battle Trance+1","Limit Break+1","True Grit+1","Pommel Strike+1","Shrug It Off+1","Deep Breath+1","Evolve+1","Inflame+1","Shockwave+1","Sentinel+1"],"special_seed":0,"relics":["Burning Blood","Prayer Wheel","ClockworkSouvenir","Champion Belt","WarpedTongs","Orichalcum","Oddly Smooth Stone","Bag of Preparation","Bag of Marbles","Smiling Mask","Calling Bell","Old Coin","Boot","Toxic Egg 2","War Paint","Bronze Scales","Molten Egg 2","Cursed Key","Ginger","Lantern"],"potions_floor_usage":[28,33,33,40,40,41,45,45,50,50,50],"damage_taken":[{"damage":5.0,"enemies":"Cultist","floor":1.0,"turns":5.0},{"damage":7.0,"enemies":"2 Louse","floor":2.0,"turns":3.0},{"damage":1.0,"enemies":"Jaw Worm","floor":4.0,"turns":4.0},{"damage":1.0,"enemies":"Lots of Slimes","floor":5.0,"turns":2.0},{"damage":7.0,"enemies":"Gremlin Nob","floor":6.0,"turns":5.0},{"damage":5.0,"enemies":"Lagavulin","floor":8.0,"turns":7.0},{"damage":2.0,"enemies":"Exordium Wildlife","floor":11.0,"turns":2.0},{"damage":3.0,"enemies":"3 Sentries","floor":12.0,"turns":5.0},{"damage":24.0,"enemies":"Hexaghost","floor":16.0,"turns":10.0},{"damage":1.0,"enemies":"3 Byrds","floor":18.0,"turns":5.0},{"damage":18.0,"enemies":"Shell Parasite","floor":19.0,"turns":6.0},{"damage":46,"enemies":"3 Cultists","floor":20,"turns":7},{"damage":26,"enemies":"Slavers","floor":28,"turns":5},{"damage":8,"enemies":"Chosen and Byrds","floor":29,"turns":2},{"damage":4,"enemies":"Shelled Parasite and Fungi","floor":31,"turns":4},{"damage":20,"enemies":"Collector","floor":33,"turns":8},{"damage":6,"enemies":"Orb Walker","floor":35,"turns":2},{"damage":18,"enemies":"3 Shapes","floor":36,"turns":5},{"damage":45,"enemies":"Reptomancer","floor":40,"turns":7},{"damage":0,"enemies":"Jaw Worm Horde","floor":41,"turns":2},{"damage":18,"enemies":"Maw","floor":42,"turns":7},{"damage":42,"enemies":"Nemesis","floor":45,"turns":7},{"damage":8,"enemies":"Sphere and 2 Shapes","floor":47,"turns":5},{"damage":12,"enemies":"Jaw Worm Horde","floor":48,"turns":3},{"damage":19,"enemies":"Time Eater","floor":50,"turns":12}],"seed_played":"-6967849479896539742","potions_obtained":[{"floor":2.0,"key":"Poison Potion"},{"floor":5.0,"key":"Block Potion"},{"floor":11.0,"key":"BloodPotion"},{"floor":12.0,"key":"Ancient Potion"},{"floor":20,"key":"BloodPotion"},{"floor":28,"key":"FearPotion"},{"floor":29,"key":"SteroidPotion"},{"floor":31,"key":"EssenceOfSteel"},{"floor":36,"key":"Regen Potion"},{"floor":40,"key":"SmokeBomb"},{"floor":42,"key":"EntropicBrew"},{"floor":48,"key":"EssenceOfSteel"}],"is_trial":false,"path_per_floor":["M","M","?","M","M","E","$","E","T","R","M","E","R","?","R","B",null,"M","M","M","$","?","R","?","R","T","?","E","M","R","M","R","B",null,"M","M","$","?","$","E","M","M","T","?","E","R","M","M","R","B",null],"character_chosen":"IRONCLAD","items_purchased":["Prayer Wheel","ClockworkSouvenir","Uppercut","Inflame","Shrug It Off","Offering+1","Sadistic Nature","War Paint","Deep Breath+1"],"campfire_rested":5,"item_purchase_floors":[0,0,0,7,7,21,21,21,39],"current_hp_per_floor":[43,42,42,47,52,51,51,52,52,76,80,80,80,80,80,70,80,83,71,35,35,35,61,55,55,55,38,27,25,52,58,58,44,96,96,87,87,87,87,63,69,57,57,57,21,50,48,42,71,58],"gold":145,"neow_bonus":"","is_prod":false,"is_daily":false,"chose_seed":false,"campfire_upgraded":4,"win_rate":0,"timestamp":1553056479,"path_taken":["M","?","?","?","M","E","$","E","T","R","M","E","R","?","R","BOSS","M","?","M","$","?","R","?","R","T","?","E","M","R","M","R","BOSS","M","M","$","?","$","E","M","?","T","?","E","R","?","M","R","BOSS"],"build_version":"2019-01-23","purchased_purges":4,"victory":true,"max_hp_per_floor":[80,80,80,80,80,80,80,80,80,80,80,80,80,80,80,80,80,83,83,87,87,87,87,87,87,87,92,92,92,92,96,96,96,96,96,99,99,99,99,99,99,99,99,99,99,99,99,99,99,99],"card_choices":[{"not_picked":["Twin Strike","Headbutt"],"picked":"Power Through","floor":1.0},{"not_picked":["Thunderclap","Flex","Entrench"],"picked":"SKIP","floor":1.0},{"not_picked":["Headbutt","Rampage"],"picked":"Anger","floor":2.0},{"not_picked":["Clash","Flex","Perfected Strike"],"picked":"SKIP","floor":2.0},{"not_picked":["Headbutt","Perfected Strike"],"picked":"Intimidate","floor":4.0},{"not_picked":["Anger","Fiend Fire"],"picked":"Whirlwind","floor":4.0},{"not_picked":["Armaments","Reckless Charge"],"picked":"Disarm","floor":5.0},{"not_picked":["Blood for Blood","Flex"],"picked":"Iron Wave","floor":5.0},{"not_picked":["Pommel Strike","Headbutt"],"picked":"Corruption","floor":6.0},{"not_picked":["Thunderclap","Havoc"],"picked":"Disarm","floor":8.0},{"not_picked":["Entrench","Twin Strike"],"picked":"Clothesline","floor":11.0},{"not_picked":["Wild Strike","Whirlwind"],"picked":"Immolate","floor":11.0},{"not_picked":["Sword Boomerang","Second Wind"],"picked":"Uppercut","floor":12.0},{"not_picked":["Double Tap","Dark Embrace"],"picked":"Feed","floor":16.0},{"not_picked":["Thunderclap","Flex+1"],"picked":"Power Through+1","floor":18.0},{"not_picked":["True Grit+1","Uppercut"],"picked":"Armaments+1","floor":18.0},{"not_picked":["Body Slam","Rage+1"],"picked":"Shrug It Off+1","floor":19.0},{"not_picked":["Sever Soul+1","Warcry+1"],"picked":"Uppercut+1","floor":19.0},{"not_picked":["Cleave","Twin Strike+1"],"picked":"Shrug It Off+1","floor":20},{"not_picked":["Pommel Strike+1","Carnage+1"],"picked":"Burning Pact+1","floor":20},{"not_picked":["Fire Breathing","Pummel"],"picked":"Impervious+1","floor":28},{"not_picked":["Sword Boomerang+1","Pummel+1"],"picked":"Spot Weakness+1","floor":29},{"not_picked":["Armaments+1","Hemokinesis+1"],"picked":"Burning Pact+1","floor":29},{"not_picked":["Body Slam+1","Hemokinesis+1"],"picked":"Battle Trance+1","floor":31},{"not_picked":["Shrug It Off+1","Armaments+1","Body Slam+1"],"picked":"SKIP","floor":31},{"not_picked":["Double Tap+1","Reaper+1"],"picked":"Limit Break+1","floor":33},{"not_picked":["Cleave+1","Wild Strike+1"],"picked":"True Grit+1","floor":35},{"not_picked":["Warcry+1","Body Slam+1"],"picked":"Pommel Strike+1","floor":35},{"not_picked":["Entrench+1","Iron Wave+1"],"picked":"Shrug It Off+1","floor":36},{"not_picked":["Heavy Blade+1","Shrug It Off+1","Warcry+1"],"picked":"SKIP","floor":36},{"not_picked":["Havoc+1","Flex+1"],"picked":"Evolve+1","floor":40},{"not_picked":["Fire Breathing+1","Headbutt+1"],"picked":"Inflame+1","floor":42},{"not_picked":["Fire Breathing+1","Anger+1","Pummel+1"],"picked":"SKIP","floor":42},{"not_picked":["Limit Break+1","Anger+1"],"picked":"Shockwave+1","floor":45},{"not_picked":["Burning Pact+1","Battle Trance+1","Headbutt+1"],"picked":"SKIP","floor":47},{"not_picked":["Sword Boomerang+1","Cleave+1","Infernal Blade+1"],"picked":"SKIP","floor":47},{"not_picked":["Body Slam+1","Cleave+1"],"picked":"Sentinel+1","floor":48},{"not_picked":["Dual Wield+1","Perfected Strike+1","Clash+1"],"picked":"SKIP","floor":48}],"player_experience":297678,"relics_obtained":[{"floor":6.0,"key":"Orichalcum"},{"floor":8.0,"key":"Oddly Smooth Stone"},{"floor":9.0,"key":"Bag of Preparation"},{"floor":12.0,"key":"Bag of Marbles"},{"floor":17.0,"key":"Old Coin"},{"floor":17.0,"key":"Boot"},{"floor":17.0,"key":"Toxic Egg 2"},{"floor":26,"key":"Bronze Scales"},{"floor":28,"key":"Molten Egg 2"},{"floor":40,"key":"Ginger"},{"floor":45,"key":"Lantern"}],"event_choices":[{"damage_healed":0.0,"max_hp_gain":0.0,"max_hp_loss":0.0,"gold_gain":0.0,"event_name":"Accursed Blacksmith","player_choice":"Rummage","floor":3.0,"gold_loss":0.0,"damage_taken":0.0,"relics_obtained":["WarpedTongs"],"cards_obtained":["Pain"]},{"damage_healed":0.0,"max_hp_gain":0.0,"max_hp_loss":0.0,"gold_gain":0.0,"event_name":"WeMeetAgain","player_choice":"Gave Potion","floor":14.0,"gold_loss":0.0,"damage_taken":0.0,"relics_obtained":["Smiling Mask"]},{"damage_healed":0,"gold_gain":0,"player_choice":"Paid Fearfully","damage_taken":0,"max_hp_gain":0,"max_hp_loss":0,"event_name":"Masked Bandits","floor":22,"gold_loss":18},{"damage_healed":0,"gold_gain":0,"player_choice":"Joined the Cult","damage_taken":6,"max_hp_gain":0,"max_hp_loss":0,"event_name":"Nest","floor":24,"gold_loss":0,"cards_obtained":["RitualDagger"]},{"damage_healed":0,"gold_gain":0,"player_choice":"Shed Blood","damage_taken":22,"max_hp_gain":5,"max_hp_loss":0,"event_name":"Forgotten Altar","floor":27,"gold_loss":0},{"damage_healed":0,"gold_gain":0,"player_choice":"Cursed","damage_taken":0,"max_hp_gain":0,"max_hp_loss":0,"event_name":"Wheel of Change","floor":38,"gold_loss":0,"cards_obtained":["Decay"]},{"damage_healed":0,"gold_gain":0,"player_choice":"Upgraded","damage_taken":0,"max_hp_gain":0,"max_hp_loss":0,"event_name":"Upgrade Shrine","floor":44,"gold_loss":0,"cards_upgraded":["Disarm"]}],"is_beta":false,"boss_relics":[{"not_picked":["Runic Cube","Ectoplasm"],"picked":"Calling Bell"},{"not_picked":["Tiny House","Runic Dome"],"picked":"Cursed Key"}],"items_purged_floors":[7,21,37,39],"is_endless":false,"potions_floor_spawned":[2,5,11,12,20,28,29,31,36,40,41,42,48],"ascension_level":2}