{"gold_per_floor":[115,127,52,0,13,13,40,40,40,58,58],"floor_reached":11,"playtime":351,"items_purged":["Strike_G"],"score":146,"play_id":"6fd5beb5-decd-4174-8d4b-69210f4cfbb3","local_time":"20190312134556","is_ascension_mode":true,"campfire_choices":[{"data":"Neutralize","floor":6,"key":"SMITH"},{"floor":8,"key":"REST"}],"neow_cost":"NONE","seed_source_timestamp":96586318290700,"circlet_count":0,"master_deck":["AscendersBane","Defend_G","Defend_G","Defend_G","Defend_G","Defend_G","Strike_G","Strike_G","Strike_G","Strike_G","Survivor","Neutralize+1","Cloak And Dagger","Slice","Dagger Throw","Noxious Fumes","Dagger Spray"],"special_seed":0,"relics":["Ring of the Snake","Gremlin Horn","Letter Opener"],"potions_floor_usage":[7],"damage_taken":[{"damage":1.0,"enemies":"Small Slimes","floor":1.0,"turns":4.0},{"damage":3.0,"enemies":"2 Louse","floor":2.0,"turns":3.0},{"damage":0,"enemies":"Jaw Worm","floor":5,"turns":4},{"damage":34,"enemies":"Gremlin Nob","floor":7,"turns":5},{"damage":25,"enemies":"Exordium Thugs","floor":10,"turns":6},{"damage":16,"enemies":"Lagavulin","floor":11,"turns":5}],"seed_played":"-6078960840422707040","potions_obtained":[{"floor":2.0,"key":"Weak Potion"},{"floor":10,"key":"Explosive Potion"}],"is_trial":false,"path_per_floor":["M","M","$","?","M","R","E","R","T","M","E"],"character_chosen":"THE_SILENT","items_purchased":[],"campfire_rested":1,"item_purchase_floors":[],"current_hp_per_floor":[64,61,61,61,61,61,27,48,48,23,7],"gold":58,"neow_bonus":"TEN_PERCENT_HP_BONUS","is_prod":false,"is_daily":false,"chose_seed":false,"campfire_upgraded":1,"win_rate":0,"timestamp":1552398356,"path_taken":["M","M","$","?","M","R","E","R","T","M","E"],"build_version":"2019-01-23","purchased_purges":1,"victory":false,"max_hp_per_floor":[72,72,72,72,72,72,72,72,72,72,72],"card_choices":[{"not_picked":["Blade Dance","Catalyst"],"picked":"Cloak And Dagger","floor":1.0},{"not_picked":["Backflip","Bane"],"picked":"Slice","floor":2.0},{"not_picked":["Underhanded Strike","Calculated Gamble"],"picked":"Dagger Throw","floor":5},{"not_picked":["Deflect","PiercingWail"],"picked":"Noxious Fumes","floor":7},{"not_picked":["Infinite Blades","Outmaneuver"],"picked":"Dagger Spray","floor":10}],"player_experience":1273356,"relics_obtained":[{"floor":7,"key":"Gremlin Horn"},{"floor":9,"key":"Letter Opener"}],"event_choices":[{"damage_healed":0.0,"max_hp_gain":0.0,"max_hp_loss":0.0,"gold_gain":0.0,"event_name":"World of Goop","player_choice":"Left Gold","floor":4.0,"gold_loss":52.0,"damage_taken":0.0}],"is_beta":false,"boss_relics":[],"items_purged_floors":[3],"is_endless":false,"potions_floor_spawned":[2,10],"killed_by":"Lagavulin","ascension_level":20}