{"gold_per_floor":[109,59,59,59,73,73,101,101,148,148,168,203,183,108,108,108],"floor_reached":16,"playtime":381,"items_purged":["Defend_R"],"score":144,"play_id":"7d42ba03-44fa-4072-86f3-1e3da1c82d40","local_time":"20181120220127","is_ascension_mode":true,"campfire_choices":[{"data":"Entrench","floor":6,"key":"SMITH"},{"data":"Entrench","floor":8,"key":"SMITH"},{"data":"Shrug It Off","floor":10,"key":"SMITH"},{"floor":15,"key":"RECALL"}],"neow_cost":"NONE","seed_source_timestamp":207483152863783,"circlet_count":0,"master_deck":["Strike_R","Strike_R","Strike_R","Strike_R","Defend_R","Defend_R","Defend_R","Bash","Entrench+1","Shrug It Off+1","Entrench+1","True Grit"],"relics":["Burning Blood","NeowsBlessing","Mummified Hand","Blue Candle","Anchor"],"potions_floor_usage":[16],"damage_taken":[{"damage":0,"enemies":"Cultist","floor":1,"turns":1},{"damage":0,"enemies":"Jaw Worm","floor":5,"turns":1},{"damage":0,"enemies":"Lagavulin","floor":7,"turns":1},{"damage":5,"enemies":"Small Slimes","floor":11,"turns":6},{"damage":32,"enemies":"Gremlin Nob","floor":12,"turns":6},{"damage":77,"enemies":"The Guardian","floor":16,"turns":9}],"seed_played":"-4833786529622151821","potions_obtained":[{"floor":1,"key":"Ancient Potion"},{"floor":5,"key":"SpeedPotion"},{"floor":13,"key":"LiquidBronze"}],"is_trial":false,"path_per_floor":["M","?","$","?","M","R","E","R","T","R","M","E","?","$","R","B"],"character_chosen":"IRONCLAD","items_purchased":[],"campfire_rested":0,"item_purchase_floors":[],"current_hp_per_floor":[80,80,80,77,80,80,80,80,80,80,80,54,54,54,54,0],"gold":108,"neow_bonus":"THREE_ENEMY_KILL","is_prod":false,"is_daily":false,"chose_seed":false,"campfire_upgraded":3,"win_rate":0,"timestamp":1542751287,"path_taken":["M","?","$","?","M","R","E","R","T","R","M","E","?","$","R","BOSS"],"build_version":"2018-11-15","purchased_purges":1,"victory":false,"max_hp_per_floor":[80,80,80,80,80,80,80,80,80,80,80,80,80,80,80,80],"card_choices":[{"not_picked":["True Grit","Seeing Red"],"picked":"Entrench","floor":1},{"not_picked":["Havoc","Perfected Strike"],"picked":"Shrug It Off","floor":5},{"not_picked":["Warcry","Heavy Blade"],"picked":"Entrench","floor":7},{"not_picked":["Anger","Havoc"],"picked":"True Grit","floor":11},{"not_picked":["Intimidate","Reckless Charge","Corruption"],"picked":"SKIP","floor":12}],"player_experience":185937,"relics_obtained":[{"floor":7,"key":"Blue Candle"},{"floor":12,"key":"Anchor"}],"event_choices":[{"cards_removed":["Strike_R"],"damage_healed":0,"gold_gain":0,"player_choice":"Card Removal","damage_taken":0,"max_hp_gain":0,"max_hp_loss":0,"event_name":"The Cleric","floor":2,"gold_loss":50},{"damage_healed":0,"gold_gain":0,"player_choice":"Success","damage_taken":3,"relics_obtained":["Mummified Hand"],"max_hp_gain":0,"max_hp_loss":0,"event_name":"Scrap Ooze","floor":4,"gold_loss":0},{"damage_healed":0,"gold_gain":0,"player_choice":"Bought 1 Potion","damage_taken":0,"max_hp_gain":0,"max_hp_loss":0,"event_name":"The Woman in Blue","floor":13,"gold_loss":0}],"is_beta":true,"boss_relics":[],"items_purged_floors":[14],"is_endless":false,"potions_floor_spawned":[1,5],"killed_by":"The Guardian","ascension_level":2}