{"gold_per_floor":[10,29,29,29,29,29,59,59,83,98,116,116,116,137,137,234,234,244,169,169,182,193,193,205,205,205,205,215,225,225,225,225,225],"floor_reached":33,"playtime":1244,"items_purged":[],"score":272,"play_id":"9b27f4ca-d89b-400a-b53e-aea2e20a7af5","local_time":"20190522185934","is_ascension_mode":false,"campfire_choices":[{"data":"Bash","floor":6.0,"key":"SMITH"},{"data":"Disarm","floor":8.0,"key":"SMITH"},{"data":"Intimidate","floor":12.0,"key":"SMITH"},{"floor":15.0,"key":"REST"},{"data":"Feed","floor":23,"key":"SMITH"},{"data":"Battle Trance","floor":25,"key":"SMITH"},{"floor":27,"key":"REST"},{"floor":32,"key":"REST"}],"neow_cost":"NO_GOLD","seed_source_timestamp":539972303363767,"circlet_count":0,"master_deck":["Strike_R","Strike_R","Strike_R","Defend_R","Defend_R+1","Bash+1","Disarm+1","Ghostly Armor+1","Intimidate+1","Feed+1","Battle Trance+1","Dropkick","Thunderclap+1"],"special_seed":0,"relics":["Burning Blood"],"potions_floor_usage":[33,33],"damage_taken":[{"damage":4.0,"enemies":"Jaw Worm","floor":1.0,"turns":5.0},{"damage":0.0,"enemies":"2 Louse","floor":2.0,"turns":3.0},{"damage":32.0,"enemies":"Lagavulin","floor":7.0,"turns":7.0},{"damage":0.0,"enemies":"Small Slimes","floor":10.0,"turns":4.0},{"damage":6.0,"enemies":"Exordium Thugs","floor":11.0,"turns":4.0},{"damage":12.0,"enemies":"The Mushroom Lair","floor":14.0,"turns":5.0},{"damage":31.0,"enemies":"Hexaghost","floor":16.0,"turns":10.0},{"damage":32.0,"enemies":"3 Byrds","floor":18.0,"turns":12.0},{"damage":0.0,"enemies":"2 Thieves","floor":20.0,"turns":1.0},{"damage":16.0,"enemies":"Centurion and Healer","floor":21.0,"turns":12.0},{"damage":19,"enemies":"Cultist and Chosen","floor":22,"turns":6},{"damage":26,"enemies":"Chosen and Byrds","floor":24,"turns":7},{"damage":7,"enemies":"Centurion and Healer","floor":28,"turns":8},{"damage":10,"enemies":"Snake Plant","floor":29,"turns":7},{"damage":139,"enemies":"Collector","floor":33,"turns":16}],"seed_played":"-2767131144108840007","potions_obtained":[{"floor":1.0,"key":"Strength Potion"},{"floor":7.0,"key":"PowerPotion"},{"floor":14.0,"key":"Strength Potion"},{"floor":16.0,"key":"SmokeBomb"},{"floor":18.0,"key":"Energy Potion"},{"floor":24,"key":"BloodPotion"}],"is_trial":false,"path_per_floor":["M","M","?","?","$","R","E","R","T","M","M","R","?","?","R","B",null,"M","?","M","M","M","R","M","R","T","R","M","M","?","?","R","B"],"character_chosen":"IRONCLAD","items_purchased":[],"campfire_rested":3,"item_purchase_floors":[],"current_hp_per_floor":[80,80,64,69,69,69,43,43,43,49,49,49,49,43,68,43,85,62,62,68,61,51,51,35,35,35,64,67,67,67,67,98,0],"gold":225,"neow_bonus":"REMOVE_TWO","is_prod":false,"is_daily":false,"chose_seed":false,"campfire_upgraded":5,"win_rate":0,"timestamp":1558522774,"path_taken":["M","M","?","?","?","R","E","R","T","M","M","R","?","?","R","BOSS","M","?","M","M","M","R","M","R","T","R","M","M","?","?","R","BOSS"],"build_version":"2019-01-23","purchased_purges":0,"victory":false,"max_hp_per_floor":[80,80,80,85,85,85,85,85,85,85,85,85,85,85,85,85,85,88,88,88,91,94,94,98,98,98,98,102,106,106,106,106,106],"card_choices":[{"not_picked":["Wild Strike","Sword Boomerang"],"picked":"Disarm","floor":1.0},{"not_picked":["Feel No Pain","Thunderclap"],"picked":"Ghostly Armor","floor":2.0},{"not_picked":["Havoc","Ghostly Armor"],"picked":"Intimidate","floor":7.0},{"not_picked":["Wild Strike","Anger","Heavy Blade"],"picked":"SKIP","floor":10.0},{"not_picked":["Body Slam","True Grit","Wild Strike"],"picked":"SKIP","floor":11.0},{"not_picked":["Flex","Cleave","Dual Wield"],"picked":"SKIP","floor":14.0},{"not_picked":["Fiend Fire","Berserk"],"picked":"Feed","floor":16.0},{"not_picked":["Shrug It Off","Warcry"],"picked":"Battle Trance","floor":18.0},{"not_picked":["Sever Soul","Wild Strike"],"picked":"Dropkick","floor":21.0},{"not_picked":["Armaments","Clothesline"],"picked":"Thunderclap+1","floor":22},{"not_picked":["Iron Wave","Warcry","Armaments"],"picked":"SKIP","floor":24},{"not_picked":["Second Wind","Heavy Blade+1","Twin Strike+1"],"picked":"SKIP","floor":28},{"not_picked":["Warcry","Corruption","Infernal Blade"],"picked":"SKIP","floor":29}],"player_experience":570445,"relics_obtained":[],"event_choices":[{"damage_healed":0.0,"max_hp_gain":0.0,"max_hp_loss":0.0,"gold_gain":0.0,"event_name":"Shining Light","player_choice":"Entered Light","floor":3.0,"gold_loss":0.0,"damage_taken":16.0,"cards_upgraded":["Ghostly Armor","Defend_R"]},{"damage_healed":0.0,"max_hp_gain":5.0,"max_hp_loss":0.0,"gold_gain":0.0,"event_name":"Big Fish","player_choice":"Donut","floor":4.0,"gold_loss":0.0,"damage_taken":0.0},{"cards_removed":["Strike_R"],"damage_healed":0.0,"max_hp_gain":0.0,"max_hp_loss":0.0,"gold_gain":0.0,"event_name":"Living Wall","player_choice":"Forget","floor":13.0,"gold_loss":0.0,"damage_taken":0.0},{"damage_healed":0.0,"max_hp_gain":0.0,"max_hp_loss":0.0,"gold_gain":0.0,"event_name":"Mushrooms","player_choice":"Fought Mushrooms","floor":14.0,"gold_loss":0.0,"damage_taken":0.0},{"cards_removed":["Defend_R"],"damage_healed":0.0,"max_hp_gain":0.0,"max_hp_loss":0.0,"gold_gain":0.0,"event_name":"Beggar","player_choice":"Gave Gold","floor":19.0,"gold_loss":75.0,"damage_taken":0.0},{"damage_healed":0,"gold_gain":0,"player_choice":"Ignored","damage_taken":0,"max_hp_gain":0,"max_hp_loss":0,"event_name":"Ghosts","floor":30,"gold_loss":0},{"damage_healed":0,"gold_gain":0,"player_choice":"Ignored","damage_taken":0,"max_hp_gain":0,"max_hp_loss":0,"event_name":"Cursed Tome","floor":31,"gold_loss":0}],"is_beta":false,"boss_relics":[{"not_picked":["Runic Dome","Runic Pyramid","Coffee Dripper"]}],"items_purged_floors":[],"is_endless":false,"potions_floor_spawned":[1,7,14,16,18,20,24],"killed_by":"Collector","ascension_level":0}