{"gold_per_floor":[117,131,142,93,93,93,93,93,93,93,69,69,69,83,83,83],"floor_reached":16,"playtime":696,"items_purged":[],"score":132,"play_id":"e6510e83-ac65-474e-9df1-756b6c135c83","local_time":"20190403152259","is_ascension_mode":true,"campfire_choices":[{"data":"Neutralize","floor":6,"key":"SMITH"},{"data":"Acrobatics","floor":8,"key":"SMITH"},{"data":"Prepared","floor":13,"key":"SMITH"},{"data":"Grand Finale","floor":15,"key":"SMITH"}],"neow_cost":"NONE","seed_source_timestamp":1148914958347149,"circlet_count":0,"master_deck":["AscendersBane","Defend_G","Defend_G","Defend_G","Defend_G","Defend_G","Strike_G","Strike_G","Strike_G","Strike_G","Survivor","Neutralize+1","Grand Finale+1","Acrobatics+1","Dagger Throw","Leg Sweep","Prepared+1","Cloak And Dagger","Prepared"],"relics":["Ring of the Snake","Mummified Hand","The Courier"],"potions_floor_usage":[],"damage_taken":[{"damage":0,"enemies":"Cultist","floor":1,"turns":4},{"damage":6,"enemies":"Jaw Worm","floor":2,"turns":9},{"damage":9,"enemies":"Small Slimes","floor":3,"turns":4},{"damage":0,"enemies":"Looter","floor":14,"turns":3},{"damage":43,"enemies":"The Guardian","floor":16,"turns":9}],"seed_played":"2140879487808775620","potions_obtained":[{"floor":14,"key":"Poison Potion"}],"is_trial":false,"path_per_floor":["M","M","M","$","?","R","$","R","T","?","$","T","R","M","R","B"],"character_chosen":"THE_SILENT","items_purchased":["Prepared","Cloak And Dagger"],"campfire_rested":0,"item_purchase_floors":[4,11],"current_hp_per_floor":[63,57,48,48,48,48,48,48,48,53,53,53,53,53,53,10],"gold":83,"neow_bonus":"ONE_RANDOM_RARE_CARD","is_prod":false,"is_daily":false,"chose_seed":false,"campfire_upgraded":4,"win_rate":0,"timestamp":1554330179,"path_taken":["M","M","M","$","?","R","$","R","T","?","?","?","R","?","R","BOSS"],"build_version":"2019-01-23","purchased_purges":0,"victory":false,"max_hp_per_floor":[70,70,70,70,70,70,70,70,70,75,75,75,75,75,75,75],"card_choices":[{"not_picked":["Sucker Punch","Cloak And Dagger"],"picked":"Acrobatics","floor":1},{"not_picked":["Catalyst","Reflex"],"picked":"Dagger Throw","floor":2},{"not_picked":["Catalyst","Dodge and Roll"],"picked":"Leg Sweep","floor":3},{"not_picked":["Underhanded Strike","Acrobatics"],"picked":"Prepared","floor":14}],"player_experience":448898,"relics_obtained":[{"floor":9,"key":"Mummified Hand"},{"floor":12,"key":"The Courier"}],"event_choices":[{"cards_removed":["Strike_G"],"damage_healed":0,"gold_gain":0,"player_choice":"Forget","damage_taken":0,"max_hp_gain":0,"max_hp_loss":0,"event_name":"Living Wall","floor":5,"gold_loss":0},{"damage_healed":0,"gold_gain":0,"player_choice":"Donut","damage_taken":0,"max_hp_gain":5,"max_hp_loss":0,"event_name":"Big Fish","floor":10,"gold_loss":0}],"is_beta":false,"boss_relics":[],"items_purged_floors":[],"is_endless":false,"potions_floor_spawned":[14],"killed_by":"The Guardian","ascension_level":10}