{"gold_per_floor":[112,112,112,124,20,47,47,97,169,183,183,202,233,248,248,322,322,322,322,77,77,2,2,2,2,2,2,2,2,2,2,2,2,2,2,2,2,2,2,2,2,2,2,2,2,2,2,0,0,0,0],"floor_reached":52,"playtime":2898,"items_purged":["Strike_G"],"score":1980,"play_id":"25f24245-65ef-40ba-a987-f52a3c6ad588","local_time":"20190312150314","is_ascension_mode":true,"campfire_choices":[{"data":"Skewer","floor":7.0,"key":"SMITH"},{"data":"Footwork","floor":11.0,"key":"SMITH"},{"data":"Noxious Fumes","floor":15.0,"key":"SMITH"},{"data":"Catalyst","floor":23.0,"key":"SMITH"},{"floor":29.0,"key":"REST"},{"data":"Leg Sweep","floor":32.0,"key":"SMITH"},{"floor":40.0,"key":"REST"},{"floor":45.0,"key":"REST"},{"floor":49.0,"key":"REST"}],"neow_cost":"NONE","seed_source_timestamp":97335147978600,"circlet_count":0,"master_deck":["AscendersBane","Defend_G+1","Defend_G+1","Defend_G+1","Defend_G+1","Defend_G+1","Strike_G+1","Strike_G+1","Strike_G+1","Survivor","Neutralize+1","Footwork+1","Skewer+1","Deflect","Heel Hook","Quick Slash","Deflect","Noxious Fumes+1","Leg Sweep+1","Die Die Die","Deflect","Bane+1","Catalyst+1","All Out Attack+1","Doppelganger+1","Well Laid Plans+1","Phantasmal Killer+1","Concentrate+1","Backflip+1","Poisoned Stab+1","Heel Hook","Dagger Spray+1","Noxious Fumes+1","PiercingWail+1","Terror+1","Poisoned Stab+1","Dagger Spray+1","Acrobatics+1"],"special_seed":0,"relics":["Ring of the Snake","NeowsBlessing","Blood Vial","Paper Crane","Happy Flower","Ectoplasm","Omamori","Toxic Egg 2","Bottled Flame","Bag of Marbles","Runic Pyramid","Gambling Chip","Smiling Mask","Prayer Wheel","Bottled Lightning","Ancient Tea Set","Red Mask"],"potions_floor_usage":[51],"damage_taken":[{"damage":0.0,"enemies":"Small Slimes","floor":1.0,"turns":1.0},{"damage":0.0,"enemies":"Jaw Worm","floor":4.0,"turns":1.0},{"damage":0.0,"enemies":"3 Sentries","floor":6.0,"turns":1.0},{"damage":0.0,"enemies":"2 Louse","floor":10.0,"turns":2.0},{"damage":12.0,"enemies":"Exordium Thugs","floor":12.0,"turns":6.0},{"damage":3.0,"enemies":"Lagavulin","floor":13.0,"turns":10.0},{"damage":7.0,"enemies":"Exordium Wildlife","floor":14.0,"turns":4.0},{"damage":43.0,"enemies":"Slime Boss","floor":16.0,"turns":11.0},{"damage":11.0,"enemies":"Chosen","floor":18.0,"turns":6.0},{"damage":1.0,"enemies":"3 Byrds","floor":19.0,"turns":5.0},{"damage":4.0,"enemies":"3 Cultists","floor":21.0,"turns":5.0},{"damage":44.0,"enemies":"Slavers","floor":24.0,"turns":6.0},{"damage":1.0,"enemies":"Snecko","floor":27.0,"turns":8.0},{"damage":30.0,"enemies":"Champ","floor":33.0,"turns":15.0},{"damage":3.0,"enemies":"3 Shapes","floor":35.0,"turns":5.0},{"damage":12.0,"enemies":"3 Darklings","floor":36.0,"turns":3.0},{"damage":0.0,"enemies":"4 Shapes","floor":37.0,"turns":9.0},{"damage":6.0,"enemies":"Transient","floor":38.0,"turns":6.0},{"damage":2.0,"enemies":"2 Orb Walkers","floor":39.0,"turns":5.0},{"damage":0.0,"enemies":"Reptomancer","floor":41.0,"turns":2.0},{"damage":0.0,"enemies":"Mind Bloom Boss Battle","floor":42.0,"turns":5.0},{"damage":32.0,"enemies":"Giant Head","floor":44.0,"turns":7.0},{"damage":0.0,"enemies":"Jaw Worm Horde","floor":46.0,"turns":2.0},{"damage":0.0,"enemies":"3 Darklings","floor":47.0,"turns":1.0},{"damage":14.0,"enemies":"Time Eater","floor":50.0,"turns":10.0},{"damage":28,"enemies":"Awakened One","floor":51,"turns":15}],"seed_played":"-3756431661987107659","potions_obtained":[{"floor":1.0,"key":"Regen Potion"},{"floor":13.0,"key":"Fire Potion"},{"floor":16.0,"key":"Weak Potion"},{"floor":24.0,"key":"Swift Potion"},{"floor":27.0,"key":"Poison Potion"},{"floor":33.0,"key":"Fire Potion"},{"floor":36.0,"key":"Dexterity Potion"},{"floor":38.0,"key":"Energy Potion"},{"floor":39.0,"key":"Strength Potion"}],"is_trial":false,"path_per_floor":["M","?","?","M","$","E","R","?","T","M","R","M","E","M","R","B",null,"M","M","$","M","?","R","E","T","T","M","$","R","$","?","R","B",null,"M","M","M","M","?","R","E","?","T","E","R","M","M","?","R","B","B",null],"character_chosen":"THE_SILENT","items_purchased":["Deflect","Catalyst","Omamori"],"campfire_rested":4,"item_purchase_floors":[5,20,20],"current_hp_per_floor":[59,59,64,64,64,64,64,64,64,66,66,56,55,50,50,9,56,47,48,48,46,46,46,4,4,4,20,20,41,41,41,41,13,57,56,46,48,44,44,65,67,69,69,39,60,62,64,64,71,57,31],"gold":0,"neow_bonus":"THREE_ENEMY_KILL","is_prod":false,"is_daily":false,"chose_seed":false,"campfire_upgraded":5,"win_rate":0,"timestamp":1552402994,"path_taken":["M","?","?","M","?","E","R","?","T","M","R","M","E","M","R","BOSS","M","M","$","M","?","R","E","?","T","M","?","R","$","?","R","BOSS","M","M","M","M","?","R","E","?","T","E","R","M","?","?","R","BOSS","BOSS"],"build_version":"2019-01-23","purchased_purges":1,"victory":true,"max_hp_per_floor":[66,66,71,71,71,71,71,71,71,71,71,71,71,71,71,71,71,71,71,71,71,71,71,71,71,71,71,71,71,71,71,71,71,71,71,71,71,71,71,71,71,71,71,71,71,71,71,71,71,71,71],"card_choices":[{"not_picked":["Bouncing Flask","Prepared"],"picked":"Footwork","floor":1.0},{"not_picked":["Dagger Throw","Sucker Punch"],"picked":"Skewer","floor":4.0},{"not_picked":["Phantasmal Killer","Riddle With Holes"],"picked":"Heel Hook","floor":6.0},{"not_picked":["Backflip","Dagger Throw"],"picked":"Quick Slash","floor":10.0},{"not_picked":["Bouncing Flask","Dagger Spray"],"picked":"Deflect","floor":12.0},{"not_picked":["Quick Slash","Flechettes"],"picked":"Noxious Fumes","floor":13.0},{"not_picked":["Dagger Spray","Masterful Stab"],"picked":"Leg Sweep","floor":14.0},{"not_picked":["Tools of the Trade","Unload"],"picked":"Die Die Die","floor":16.0},{"not_picked":["Dagger Spray","Cloak And Dagger"],"picked":"Deflect","floor":18.0},{"not_picked":["Quick Slash","Slice"],"picked":"Bane+1","floor":19.0},{"not_picked":["PiercingWail","Flying Knee"],"picked":"All Out Attack+1","floor":21.0},{"not_picked":["Deflect","Concentrate"],"picked":"Doppelganger","floor":24.0},{"not_picked":["Tactician+1","Dagger Throw"],"picked":"Well Laid Plans+1","floor":27.0},{"not_picked":["Die Die Die","Tools of the Trade"],"picked":"Phantasmal Killer+1","floor":33.0},{"not_picked":["Riddle With Holes","Underhanded Strike+1"],"picked":"Concentrate+1","floor":35.0},{"not_picked":["Eviscerate","Bane"],"picked":"Backflip+1","floor":36.0},{"not_picked":["Accuracy+1","Flying Knee+1"],"picked":"Poisoned Stab+1","floor":37.0},{"not_picked":["Quick Slash","Calculated Gamble+1"],"picked":"Heel Hook","floor":38.0},{"not_picked":["Unload","Tactician+1"],"picked":"Dagger Spray+1","floor":41.0},{"not_picked":["Quick Slash+1","Crippling Poison+1"],"picked":"Noxious Fumes+1","floor":42.0},{"not_picked":["Sucker Punch","Well Laid Plans"],"picked":"PiercingWail+1","floor":44.0},{"not_picked":["Calculated Gamble+1","Leg Sweep+1"],"picked":"Terror+1","floor":46.0},{"not_picked":["Infinite Blades","Eviscerate+1"],"picked":"Poisoned Stab+1","floor":46.0},{"not_picked":["Sucker Punch","Dagger Throw"],"picked":"Dagger Spray+1","floor":47.0},{"not_picked":["Bane","Skewer"],"picked":"Acrobatics+1","floor":47.0}],"player_experience":1273976,"relics_obtained":[{"floor":6.0,"key":"Blood Vial"},{"floor":9.0,"key":"Paper Crane"},{"floor":13.0,"key":"Happy Flower"},{"floor":24.0,"key":"Toxic Egg 2"},{"floor":25.0,"key":"Bottled Flame"},{"floor":26.0,"key":"Bag of Marbles"},{"floor":39.0,"key":"Gambling Chip"},{"floor":41.0,"key":"Smiling Mask"},{"floor":42.0,"key":"Prayer Wheel"},{"floor":43.0,"key":"Bottled Lightning"},{"floor":44.0,"key":"Ancient Tea Set"}],"event_choices":[{"damage_healed":0.0,"max_hp_gain":0.0,"max_hp_loss":0.0,"gold_gain":0.0,"event_name":"Living Wall","player_choice":"Grow","floor":2.0,"gold_loss":0.0,"damage_taken":0.0,"cards_upgraded":["Neutralize"]},{"damage_healed":0.0,"max_hp_gain":5.0,"max_hp_loss":0.0,"gold_gain":0.0,"event_name":"Big Fish","player_choice":"Donut","floor":3.0,"gold_loss":0.0,"damage_taken":0.0},{"damage_healed":0.0,"max_hp_gain":0.0,"max_hp_loss":0.0,"gold_gain":50.0,"event_name":"Golden Shrine","player_choice":"Pray","floor":8.0,"gold_loss":0.0,"damage_taken":0.0},{"cards_removed":["Strike_G"],"damage_healed":0.0,"max_hp_gain":0.0,"max_hp_loss":0.0,"gold_gain":0.0,"event_name":"Beggar","player_choice":"Gave Gold","floor":22.0,"gold_loss":75.0,"damage_taken":0.0},{"damage_healed":0.0,"max_hp_gain":0.0,"max_hp_loss":0.0,"gold_gain":0.0,"event_name":"Back to Basics","player_choice":"Simplicity","floor":31.0,"gold_loss":0.0,"damage_taken":0.0,"cards_upgraded":["Defend_G","Defend_G","Defend_G","Defend_G","Defend_G","Strike_G","Strike_G","Strike_G"]},{"damage_healed":0.0,"max_hp_gain":0.0,"max_hp_loss":0.0,"gold_gain":0.0,"event_name":"Mysterious Sphere","player_choice":"Fight","floor":39.0,"gold_loss":0.0,"damage_taken":0.0},{"damage_healed":0.0,"max_hp_gain":0.0,"max_hp_loss":0.0,"gold_gain":0.0,"event_name":"MindBloom","player_choice":"Fight","floor":42.0,"gold_loss":0.0,"damage_taken":0.0},{"damage_healed":0.0,"max_hp_gain":0.0,"max_hp_loss":0.0,"gold_gain":0.0,"event_name":"Tomb of Lord Red Mask","player_choice":"Paid","floor":48.0,"gold_loss":2.0,"damage_taken":0.0,"relics_obtained":["Red Mask"]}],"is_beta":false,"boss_relics":[{"not_picked":["Velvet Choker","Pandora\u0027s Box"],"picked":"Ectoplasm"},{"not_picked":["Ring of the Serpent","Busted Crown"],"picked":"Runic Pyramid"}],"items_purged_floors":[5],"is_endless":false,"potions_floor_spawned":[1,13,14,16,24,27,33,36,38,39],"ascension_level":20}