{"gold_per_floor":[113,69,27,39,39,39,58,58,58,84,135,152,185,185,185,261,261,271,371,296,296,309,309,309,336,359,359],"floor_reached":27,"playtime":1027,"items_purged":[],"score":474,"play_id":"93a80cec-074e-4352-9459-68080ad5e23a","local_time":"20190323134759","is_ascension_mode":true,"campfire_choices":[{"data":"Bash","floor":6,"key":"SMITH"},{"data":"Inflame","floor":8,"key":"SMITH"},{"floor":15,"key":"REST"},{"floor":23,"key":"REST"}],"neow_cost":"NONE","seed_source_timestamp":96051512549200,"circlet_count":0,"master_deck":["AscendersBane","Defend_R","Defend_R","Defend_R","Defend_R","Bash+1","Cleave","Inflame+1","Clothesline","Sword Boomerang","Immolate","Cleave","Heavy Blade","Demon Form","Blood for Blood+1","Twin Strike+1","Pummel+1","Armaments+1","Writhe","Bloodletting"],"relics":["Burning Blood","Incense Burner","Unceasing Top","Blood Vial","The Courier","Astrolabe","Shovel","Dodecahedron","Happy Flower","Paper Frog","Pen Nib"],"potions_floor_usage":[13,18,19,25,25],"damage_taken":[{"damage":12,"enemies":"Cultist","floor":1,"turns":4},{"damage":11,"enemies":"Jaw Worm","floor":4,"turns":4},{"damage":4,"enemies":"Small Slimes","floor":7,"turns":3},{"damage":26,"enemies":"Gremlin Nob","floor":10,"turns":4},{"damage":8,"enemies":"Blue Slaver","floor":12,"turns":4},{"damage":20,"enemies":"Lagavulin","floor":13,"turns":5},{"damage":7,"enemies":"Slime Boss","floor":16,"turns":7},{"damage":36,"enemies":"2 Thieves","floor":18,"turns":3},{"damage":22,"enemies":"Colosseum Slavers","floor":19,"turns":5},{"damage":29,"enemies":"Colosseum Nobs","floor":19,"turns":4},{"damage":12,"enemies":"3 Byrds","floor":22,"turns":6},{"damage":26,"enemies":"Gremlin Leader","floor":25,"turns":5},{"damage":34,"enemies":"Sentry and Sphere","floor":27,"turns":3}],"seed_played":"2289399108217825982","potions_obtained":[{"floor":4,"key":"FearPotion"},{"floor":12,"key":"AttackPotion"},{"floor":13,"key":"Energy Potion"},{"floor":19,"key":"Fire Potion"},{"floor":22,"key":"Block Potion"}],"is_trial":false,"path_per_floor":["M","$","?","M","$","R","M","R","T","E","T","M","E","?","R","B",null,"M","?","?","?","M","R","?","E","T","M"],"character_chosen":"IRONCLAD","items_purchased":["Inflame"],"campfire_rested":2,"item_purchase_floors":[2],"current_hp_per_floor":[69,69,69,64,64,64,66,66,66,46,46,46,34,27,51,52,75,47,12,12,28,24,48,48,30,30,0],"gold":359,"neow_bonus":"TEN_PERCENT_HP_BONUS","is_prod":false,"is_daily":false,"chose_seed":false,"campfire_upgraded":2,"win_rate":0,"timestamp":1553348879,"path_taken":["M","$","?","M","$","R","M","R","T","E","?","M","E","?","R","BOSS","M","?","?","?","M","R","?","E","T","M"],"build_version":"2019-01-23","purchased_purges":0,"victory":false,"max_hp_per_floor":[82,82,82,82,82,82,82,82,82,82,82,82,82,82,82,82,82,82,82,82,82,82,82,82,82,82,82],"card_choices":[{"not_picked":["Fire Breathing","Armaments"],"picked":"Cleave","floor":1},{"not_picked":["Cleave","True Grit"],"picked":"Clothesline","floor":4},{"not_picked":["Warcry","Reckless Charge"],"picked":"Sword Boomerang","floor":7},{"not_picked":["Wild Strike","Headbutt"],"picked":"Immolate","floor":10},{"not_picked":["Armaments","Wild Strike"],"picked":"Cleave","floor":12},{"not_picked":["Perfected Strike","Sever Soul"],"picked":"Heavy Blade","floor":13},{"not_picked":["Berserk","Barricade"],"picked":"Demon Form","floor":16},{"not_picked":["Sever Soul","Flex"],"picked":"Armaments+1","floor":18},{"not_picked":["Perfected Strike","True Grit","Headbutt"],"picked":"SKIP","floor":22},{"not_picked":["Iron Wave","Searing Blow+1"],"picked":"Bloodletting","floor":25}],"player_experience":1283767,"relics_obtained":[{"floor":9,"key":"Incense Burner"},{"floor":10,"key":"Unceasing Top"},{"floor":11,"key":"Blood Vial"},{"floor":13,"key":"The Courier"},{"floor":19,"key":"Shovel"},{"floor":19,"key":"Dodecahedron"},{"floor":25,"key":"Paper Frog"},{"floor":26,"key":"Pen Nib"}],"event_choices":[{"damage_healed":0,"gold_gain":0,"player_choice":"Left Gold","damage_taken":0,"max_hp_gain":0,"max_hp_loss":0,"event_name":"World of Goop","floor":3,"gold_loss":42},{"cards_removed":["Strike_R"],"damage_healed":0,"gold_gain":0,"player_choice":"Card Removal","damage_taken":7,"max_hp_gain":0,"max_hp_loss":0,"event_name":"Golden Wing","floor":14,"gold_loss":0},{"damage_healed":0,"gold_gain":0,"player_choice":"Fight","damage_taken":0,"max_hp_gain":0,"max_hp_loss":0,"event_name":"Colosseum","floor":19,"gold_loss":0},{"damage_healed":0,"gold_gain":0,"player_choice":"Fought Nobs","damage_taken":0,"max_hp_gain":0,"max_hp_loss":0,"event_name":"Colosseum","floor":19,"gold_loss":0},{"cards_removed":["Strike_R"],"damage_healed":0,"gold_gain":0,"player_choice":"Gave Gold","damage_taken":0,"max_hp_gain":0,"max_hp_loss":0,"event_name":"Beggar","floor":20,"gold_loss":75},{"damage_healed":16,"gold_gain":0,"player_choice":"Heal","damage_taken":0,"max_hp_gain":0,"max_hp_loss":0,"event_name":"The Library","floor":21,"gold_loss":0},{"damage_healed":0,"gold_gain":0,"player_choice":"Opened","damage_taken":0,"relics_obtained":["Happy Flower"],"max_hp_gain":0,"max_hp_loss":0,"event_name":"The Mausoleum","floor":24,"gold_loss":0,"cards_obtained":["Writhe"]}],"is_beta":false,"boss_relics":[{"not_picked":["Runic Cube","Calling Bell"],"picked":"Astrolabe"}],"items_purged_floors":[],"is_endless":false,"potions_floor_spawned":[4,12,13,19,22],"killed_by":"Sentry and Sphere","ascension_level":20}