{"gold_per_floor":[109,122,122,143,168,168,211,211,260,300,300,375,375,406,406,526,589,613,613,591,605,3,3,38,38,62,62,62,62,106,106],"floor_reached":31,"playtime":3594,"items_purged":[],"score":304,"play_id":"c5037754-7d72-4ae8-8965-d85a8ca67118","local_time":"20181103220328","is_ascension_mode":false,"campfire_choices":[{"data":"Zap","floor":6,"key":"SMITH"},{"floor":8,"key":"REST"},{"data":"Static Discharge","floor":11,"key":"SMITH"},{"floor":13,"key":"REST"},{"data":"Dualcast","floor":15,"key":"SMITH"},{"data":"Fusion","floor":23,"key":"SMITH"},{"data":"Machine Learning","floor":27,"key":"SMITH"},{"data":"Creative AI","floor":29,"key":"SMITH"}],"neow_cost":"NONE","seed_source_timestamp":6905519103340,"circlet_count":0,"master_deck":["Defend_B","Defend_B","Defend_B","Defend_B","Zap+1","Dualcast+1","BootSequence","FTL","Turbo","Chill+1","Machine Learning+1","Static Discharge+1","Go for the Eyes","Amplify","Streamline","Reinforced Body+1","Creative AI+1","Beam Cell","Fusion+1","Capacitor","Melter","Deep Breath","Reboot","Bite","Bite","Bite","Bite","Bite","Self Repair+1"],"relics":["Cracked Core","Golden Idol","Ornamental Fan","Boot","Anchor","Odd Mushroom","Tiny House","Frozen Egg 2","Juzu Bracelet","Ice Cream","Ancient Tea Set","Bottled Tornado"],"potions_floor_usage":[7,7,16,20,21,21,24],"damage_taken":[{"damage":1,"enemies":"Cultist","floor":1,"turns":3},{"damage":0,"enemies":"2 Louse","floor":2,"turns":3},{"damage":0,"enemies":"Small Slimes","floor":4,"turns":2},{"damage":4,"enemies":"2 Fungi Beasts","floor":5,"turns":3},{"damage":13,"enemies":"Gremlin Nob","floor":7,"turns":3},{"damage":22,"enemies":"Lagavulin","floor":10,"turns":7},{"damage":8,"enemies":"The Mushroom Lair","floor":14,"turns":4},{"damage":22,"enemies":"Slime Boss","floor":16,"turns":8},{"damage":1,"enemies":"3 Byrds","floor":18,"turns":4},{"damage":6,"enemies":"2 Thieves","floor":20,"turns":5},{"damage":17,"enemies":"Snake Plant","floor":21,"turns":4},{"damage":16,"enemies":"Book of Stabbing","floor":24,"turns":6},{"damage":59,"enemies":"Gremlin Leader","floor":30,"turns":5},{"damage":25,"enemies":"Cultist and Chosen","floor":31,"turns":5}],"seed_played":"5691568787321894992","potions_obtained":[{"floor":1,"key":"GamblersBrew"},{"floor":4,"key":"FearPotion"},{"floor":14,"key":"Block Potion"},{"floor":16,"key":"Energy Potion"},{"floor":17,"key":"Regen Potion"},{"floor":18,"key":"Energy Potion"},{"floor":20,"key":"Swift Potion"},{"floor":30,"key":"FocusPotion"}],"is_trial":false,"path_per_floor":["M","M","?","M","M","R","E","R","T","E","R","?","R","?","R","B",null,"M","?","M","M","$","R","E","?","T","R","?","R","E","M"],"character_chosen":"DEFECT","items_purchased":["Capacitor","Frozen Egg 2","Juzu Bracelet","Melter","Deep Breath"],"campfire_rested":2,"item_purchase_floors":[22,22,22,22,22],"current_hp_per_floor":[81,81,61,61,57,57,44,68,68,46,46,35,59,51,51,29,87,86,86,80,75,75,75,59,59,59,59,59,59,9,0],"gold":106,"neow_bonus":"TEN_PERCENT_HP_BONUS","is_prod":false,"is_daily":false,"chose_seed":false,"campfire_upgraded":6,"win_rate":0.0,"timestamp":1541307808,"path_taken":["M","?","?","M","M","R","E","R","T","E","R","?","R","?","R","BOSS","M","?","M","M","$","R","E","?","T","R","?","R","E","M"],"build_version":"2018-11-01","purchased_purges":0,"victory":false,"max_hp_per_floor":[82,82,82,82,82,82,82,82,82,82,82,82,82,82,82,82,87,87,87,87,87,87,87,87,60,60,60,60,60,60,60],"card_choices":[{"not_picked":["Go for the Eyes","Sweeping Beam"],"picked":"BootSequence","floor":1},{"not_picked":["Stack","Rebound"],"picked":"FTL","floor":2},{"not_picked":["Redo","Barrage"],"picked":"Turbo","floor":4},{"not_picked":["Blizzard","Redo"],"picked":"Chill","floor":5},{"not_picked":["Sweeping Beam","Barrage"],"picked":"Machine Learning","floor":7},{"not_picked":["Double Energy","Compile Driver"],"picked":"Static Discharge","floor":10},{"not_picked":["Leap","Cold Snap"],"picked":"Go for the Eyes","floor":14},{"not_picked":["Machine Learning","Fission"],"picked":"Amplify","floor":16},{"not_picked":["Compile Driver","Cold Snap"],"picked":"Streamline","floor":17},{"not_picked":["Rip and Tear","Redo"],"picked":"Reinforced Body+1","floor":18},{"not_picked":["Leap","Cold Snap+1"],"picked":"Beam Cell","floor":20},{"not_picked":["Go for the Eyes","Scrape"],"picked":"Fusion","floor":21},{"not_picked":["Consume","Rebound+1"],"picked":"Reboot","floor":24},{"not_picked":["Force Field","Steam"],"picked":"Self Repair+1","floor":30}],"player_experience":189539,"relics_obtained":[{"floor":7,"key":"Ornamental Fan"},{"floor":9,"key":"Boot"},{"floor":10,"key":"Anchor"},{"floor":14,"key":"Odd Mushroom"},{"floor":24,"key":"Ice Cream"},{"floor":26,"key":"Ancient Tea Set"},{"floor":30,"key":"Bottled Tornado"}],"event_choices":[{"damage_healed":0,"gold_gain":0,"player_choice":"Take Damage","damage_taken":20,"relics_obtained":["Golden Idol"],"max_hp_gain":0,"max_hp_loss":0,"event_name":"Golden Idol","floor":3,"gold_loss":0},{"damage_healed":0,"gold_gain":75,"player_choice":"Gather Gold","damage_taken":11,"max_hp_gain":0,"max_hp_loss":0,"event_name":"World of Goop","floor":12,"gold_loss":0},{"damage_healed":0,"gold_gain":0,"player_choice":"Fought Mushrooms","damage_taken":0,"max_hp_gain":0,"max_hp_loss":0,"event_name":"Mushrooms","floor":14,"gold_loss":0},{"damage_healed":0,"gold_gain":0,"player_choice":"Read","damage_taken":0,"max_hp_gain":0,"max_hp_loss":0,"event_name":"The Library","floor":19,"gold_loss":0,"cards_obtained":["Creative AI"]},{"damage_healed":0,"gold_gain":0,"player_choice":"Became a vampire","damage_taken":0,"max_hp_gain":0,"max_hp_loss":27,"event_name":"Vampires","floor":25,"gold_loss":0,"cards_obtained":["Bite","Bite","Bite","Bite","Bite"]},{"damage_healed":0,"gold_gain":0,"player_choice":"Ignored","damage_taken":0,"max_hp_gain":0,"max_hp_loss":0,"event_name":"Ghosts","floor":28,"gold_loss":0}],"is_beta":false,"boss_relics":[{"not_picked":["Velvet Choker","Snecko Eye"],"picked":"Tiny House"}],"items_purged_floors":[],"is_endless":false,"potions_floor_spawned":[1,4,14,16,18,20,30],"killed_by":"Cultist and Chosen","ascension_level":0}