{"gold_per_floor":[113,129,144,24,24,24,38,70,120,120,136,146,156,173,173,274,274,261,261,261,176,176],"floor_reached":22,"playtime":3030,"items_purged":["Strike_R"],"score":188,"play_id":"17508728-d196-49ce-8138-88a343106717","local_time":"20190327035205","is_ascension_mode":false,"campfire_choices":[{"data":"Armaments","floor":6,"key":"SMITH"},{"floor":15,"key":"REST"}],"neow_cost":"","seed_source_timestamp":309144032194511,"circlet_count":0,"master_deck":["Strike_R","Strike_R","Strike_R","Defend_R","Defend_R","Defend_R","Defend_R","Bash","Body Slam","Entrench","Armaments+1","Body Slam","Seeing Red","Inflame","Iron Wave","Iron Wave","Cleave","Barricade","Seeing Red+1","RitualDagger"],"relics":["Burning Blood","FaceOfCleric","Letter Opener","Vajra","Philosopher\u0027s Stone","Lantern"],"potions_floor_usage":[7,8,16,16],"damage_taken":[{"damage":5,"enemies":"Cultist","floor":1,"turns":4},{"damage":5,"enemies":"Small Slimes","floor":2,"turns":4},{"damage":8,"enemies":"Jaw Worm","floor":3,"turns":3},{"damage":8,"enemies":"Red Slaver","floor":7,"turns":5},{"damage":49,"enemies":"3 Sentries","floor":8,"turns":12},{"damage":9,"enemies":"Large Slime","floor":11,"turns":8},{"damage":9,"enemies":"Blue Slaver","floor":12,"turns":4},{"damage":4,"enemies":"3 Louse","floor":13,"turns":3},{"damage":10,"enemies":"Looter","floor":14,"turns":3},{"damage":47,"enemies":"The Guardian","floor":16,"turns":10},{"damage":13,"enemies":"2 Thieves","floor":18,"turns":4},{"damage":65,"enemies":"Masked Bandits","floor":22,"turns":5}],"seed_played":"-7842996296609659691","potions_obtained":[{"floor":1,"key":"Weak Potion"},{"floor":2,"key":"Swift Potion"},{"floor":3,"key":"Weak Potion"},{"floor":13,"key":"Fire Potion"},{"floor":14,"key":"Explosive Potion"}],"is_trial":false,"path_per_floor":["M","M","M","$","?","R","M","E","T","?","M","M","M","M","R","B",null,"M","?","?","?","?"],"character_chosen":"IRONCLAD","items_purchased":["Body Slam"],"campfire_rested":1,"item_purchase_floors":[4],"current_hp_per_floor":[80,80,78,78,78,78,77,35,35,35,33,31,34,31,56,16,87,81,75,58,58,0],"gold":176,"neow_bonus":"","is_prod":false,"is_daily":false,"chose_seed":false,"campfire_upgraded":1,"win_rate":0.0,"timestamp":1553673125,"path_taken":["M","M","?","?","?","R","?","E","T","?","M","?","M","M","R","BOSS","M","?","?","?","?"],"build_version":"2019-01-23","purchased_purges":1,"victory":false,"max_hp_per_floor":[80,80,80,80,80,80,81,82,82,82,83,84,85,86,86,87,87,88,88,93,93,93],"card_choices":[{"not_picked":["Seeing Red","Whirlwind"],"picked":"Body Slam","floor":1},{"not_picked":["Flex","Clash"],"picked":"Entrench","floor":2},{"not_picked":["Twin Strike","Headbutt"],"picked":"Armaments","floor":3},{"not_picked":["Flex","Inflame"],"picked":"Seeing Red","floor":7},{"not_picked":["Burning Pact","Headbutt"],"picked":"Inflame","floor":8},{"not_picked":["Clash","Rupture"],"picked":"Iron Wave","floor":11},{"not_picked":["Fiend Fire","Pommel Strike"],"picked":"Iron Wave","floor":12},{"not_picked":["Thunderclap","Headbutt","Perfected Strike"],"picked":"SKIP","floor":13},{"not_picked":["Pommel Strike","Blood for Blood"],"picked":"Cleave","floor":14},{"not_picked":["Offering","Bludgeon"],"picked":"Barricade","floor":16},{"not_picked":["Clash+1","Perfected Strike"],"picked":"Seeing Red+1","floor":18}],"player_experience":0,"relics_obtained":[{"floor":8,"key":"Letter Opener"},{"floor":9,"key":"Vajra"}],"event_choices":[{"damage_healed":0,"gold_gain":0,"player_choice":"Trade","damage_taken":0,"relics_obtained":["FaceOfCleric"],"max_hp_gain":0,"max_hp_loss":0,"event_name":"FaceTrader","floor":5,"gold_loss":0},{"cards_removed":["Strike_R"],"damage_healed":0,"gold_gain":0,"player_choice":"Purged","damage_taken":0,"max_hp_gain":0,"max_hp_loss":0,"event_name":"Purifier","floor":10,"gold_loss":0},{"damage_healed":0,"gold_gain":0,"player_choice":"Joined the Cult","damage_taken":6,"max_hp_gain":0,"max_hp_loss":0,"event_name":"Nest","floor":19,"gold_loss":0,"cards_obtained":["RitualDagger"]},{"damage_healed":0,"gold_gain":0,"player_choice":"Shed Blood","damage_taken":22,"max_hp_gain":5,"max_hp_loss":0,"event_name":"Forgotten Altar","floor":20,"gold_loss":0},{"damage_healed":0,"gold_gain":0,"player_choice":"Obtained Relic","damage_taken":0,"relics_obtained":["Lantern"],"max_hp_gain":0,"max_hp_loss":0,"event_name":"Addict","floor":21,"gold_loss":85},{"damage_healed":0,"gold_gain":0,"player_choice":"Fought Bandits","damage_taken":0,"max_hp_gain":0,"max_hp_loss":0,"event_name":"Masked Bandits","floor":22,"gold_loss":0}],"is_beta":false,"boss_relics":[{"not_picked":["Mark of Pain","Runic Cube"],"picked":"Philosopher\u0027s Stone"}],"items_purged_floors":[4],"is_endless":false,"potions_floor_spawned":[1,2,3,13,14],"killed_by":"Masked Bandits","ascension_level":0}