{"gold_per_floor":[111,130,130,80,94,94,94,94,94,94,113,113,139,153,153,250,250,265,281,301,320,320,353,353,383,383,394,394,422,28,63,63,160,160,177,177,226,236,252,282,282,311,335,368,368,368,393,493,493,493],"floor_reached":51,"playtime":5479,"items_purged":[],"score":1322,"play_id":"70c0a90d-7a56-488a-88b7-df8712ef3ca5","local_time":"20190120122740","is_ascension_mode":true,"campfire_choices":[{"data":"Slimebound:GrowthPunch","floor":6.0,"key":"SMITH"},{"data":"Sadistic Nature","floor":8.0,"key":"SMITH"},{"data":"Slimebound:SpikyOuterGoop","floor":10.0,"key":"SMITH"},{"floor":12.0,"key":"REST"},{"data":"Slimebound:LeadByExample","floor":15.0,"key":"PURGE"},{"data":"RitualDagger","floor":24.0,"key":"SMITH"},{"data":"Slimebound:LeadByExample","floor":28.0,"key":"PURGE"},{"data":"Slimebound:SlimeBrawl","floor":32.0,"key":"PURGE"},{"data":"Slimebound:Grow+1","floor":41.0,"key":"PURGE"},{"data":"Slimebound:SlimeBrawl","floor":49,"key":"PURGE"}],"neow_cost":"","seed_source_timestamp":0,"circlet_count":0,"master_deck":["Slimebound:Strike_Slimebound","Slimebound:Strike_Slimebound","Slimebound:Defend_Slimebound","Slimebound:Defend_Slimebound","Slimebound:Defend_Slimebound","Slimebound:Defend_Slimebound","Slimebound:CorrosiveSpit","Sadistic Nature+1","Slimebound:GrowthPunch+1","Slimebound:MegaLick","Slimebound:SamplingLick","Slimebound:HungryTackle","Slimebound:SlimeBarrage+1","Slimebound:SpikyOuterGoop+1","Slimebound:Lick","Slimebound:WasteNot","Slimebound:FormABlockade+1","Slimebound:SelfFormingGoo+1","Slimebound:HauntingLick+1","Slimebound:ItLooksTasty+1","RitualDagger+1","Slimebound:MegaLick+1","Slimebound:QuickStudy","Slimebound:SlimeBarrage","Slimebound:Teamwork","Slimebound:StrayGoop","Slimebound:Equalize","Slimebound:SplitLeeching+1","Slimebound:WasteNot","Slimebound:GangUp+1","Slimebound:LevelUp","Slimebound:LevelUp+1","Slimebound:Prepare","Slimebound:SplitBruiser","Slimebound:LivingWall+1","Decay","Slimebound:MegaLick"],"special_seed":0,"relics":["Slimebound:AbsorbEndCombat","Calipers","Slimebound:ScrapOozeRelic","Gambling Chip","Dream Catcher","Snecko Eye","Happy Flower","PreservedInsect","Art of War","Juzu Bracelet","Boot","Cursed Key","Dead Branch","Bronze Scales","Bag of Marbles","Pen Nib","Kunai","NlothsMask","Anchor","Thread and Needle"],"potions_floor_usage":[47,50,50],"damage_taken":[{"damage":3.0,"enemies":"Cultist","floor":1.0,"turns":4.0},{"damage":4.0,"enemies":"Small Slimes","floor":2.0,"turns":3.0},{"damage":9.0,"enemies":"2 Louse","floor":5.0,"turns":2.0},{"damage":24.0,"enemies":"Lots of Slimes","floor":11.0,"turns":3.0},{"damage":5.0,"enemies":"Blue Slaver","floor":14.0,"turns":2.0},{"damage":26.0,"enemies":"The Guardian","floor":16.0,"turns":7.0},{"damage":10.0,"enemies":"3 Byrds","floor":18.0,"turns":4.0},{"damage":12.0,"enemies":"Shell Parasite","floor":19.0,"turns":5.0},{"damage":12.0,"enemies":"Cultist and Chosen","floor":20.0,"turns":5.0},{"damage":12.0,"enemies":"Snake Plant","floor":21.0,"turns":3.0},{"damage":15.0,"enemies":"Book of Stabbing","floor":23.0,"turns":3.0},{"damage":9.0,"enemies":"Gremlin Leader","floor":25.0,"turns":5.0},{"damage":20.0,"enemies":"3 Cultists","floor":27.0,"turns":4.0},{"damage":28.0,"enemies":"Book of Stabbing","floor":29.0,"turns":5.0},{"damage":18.0,"enemies":"Slavers","floor":31.0,"turns":3.0},{"damage":40.0,"enemies":"Champ","floor":33.0,"turns":7.0},{"damage":39.0,"enemies":"3 Darklings","floor":35.0,"turns":5.0},{"damage":48.0,"enemies":"2 Orb Walkers","floor":37.0,"turns":3.0},{"damage":21.0,"enemies":"Orb Walker","floor":38.0,"turns":2.0},{"damage":18.0,"enemies":"Writhing Mass","floor":39.0,"turns":4.0},{"damage":24.0,"enemies":"Giant Head","floor":40.0,"turns":4.0},{"damage":46.0,"enemies":"Nemesis","floor":42.0,"turns":3.0},{"damage":12,"enemies":"Reptomancer","floor":44,"turns":2},{"damage":34,"enemies":"Giant Head","floor":47,"turns":4},{"damage":9,"enemies":"Mind Bloom Boss Battle","floor":48,"turns":3},{"damage":72,"enemies":"Awakened One","floor":50,"turns":7}],"seed_played":"6165769490065468852","potions_obtained":[{"floor":2.0,"key":"Strength Potion"},{"floor":14.0,"key":"SteroidPotion"},{"floor":18.0,"key":"Block Potion"},{"floor":21.0,"key":"Regen Potion"},{"floor":27.0,"key":"Regen Potion"},{"floor":29.0,"key":"Strength Potion"},{"floor":31.0,"key":"SteroidPotion"},{"floor":35.0,"key":"Slimebound:SlimedPotion"},{"floor":39.0,"key":"SteroidPotion"},{"floor":44,"key":"Weak Potion"},{"floor":47,"key":"Fire Potion"}],"is_trial":false,"path_per_floor":["M","M","?","?","M","R","?","R","T","R","M","R","T","M","R","B",null,"M","M","M","M","?","E","R","E","T","M","R","E","$","E","R","B",null,"M","?","?","M","M","E","R","E","T","E","?","?","E","?","R","B",null],"character_chosen":"SLIMEBOUND","items_purchased":["Sadistic Nature","Slimebound:GrowthPunch","Slimebound:MegaLick","Slimebound:Teamwork","Slimebound:SlimeBrawl","Slimebound:StrayGoop","Slimebound:Equalize"],"campfire_rested":1,"item_purchase_floors":[0,0,0,30,30,30,30],"current_hp_per_floor":[57,61,61,61,59,59,59,59,59,59,43,65,65,70,70,63,75,72,71,72,75,69,75,75,75,75,70,70,72,72,75,75,73,75,71,71,58,72,74,75,75,51,51,73,73,73,75,75,75,73],"gold":493,"neow_bonus":"","is_prod":false,"is_daily":false,"chose_seed":false,"campfire_upgraded":4,"win_rate":0,"timestamp":1548016060,"path_taken":["M","M","?","?","M","R","?","R","T","R","M","R","?","?","R","BOSS","M","M","M","M","?","E","R","E","T","M","R","E","$","E","R","BOSS","M","?","?","M","M","E","R","E","T","E","?","?","E","?","R","BOSS"],"build_version":"2019-01-17v2","purchased_purges":0,"victory":true,"max_hp_per_floor":[75,75,75,75,75,75,75,75,75,75,75,75,75,75,75,75,75,75,75,75,75,75,75,75,75,75,75,75,75,75,75,75,75,75,75,75,75,75,75,75,75,75,75,75,75,75,75,75,75,75],"card_choices":[{"not_picked":["Slimebound:FormOfPuddle","Slimebound:PoisonLick"],"picked":"Slimebound:HungryTackle","floor":1.0},{"not_picked":["Slimebound:SoulSicken","Slimebound:FirmFortitude"],"picked":"Slimebound:SlimeBarrage","floor":2.0},{"not_picked":["Slimebound:TongueLash","Slimebound:Grow"],"picked":"Slimebound:SpikyOuterGoop","floor":5.0},{"not_picked":["Slimebound:SlimeSpikes","Slimebound:HungryTackle"],"picked":"Slimebound:Lick","floor":11.0},{"not_picked":["Slimebound:GoopSpray","Slimebound:FormABlockade"],"picked":"Slimebound:LeadByExample","floor":14.0},{"not_picked":["Slimebound:MassRepurpose","Slimebound:OozeBath"],"picked":"Slimebound:WasteNot","floor":16.0},{"not_picked":["Slimebound:SlimeSpikes","Slimebound:RejuvenatingLick+1"],"picked":"Slimebound:FormABlockade+1","floor":18.0},{"not_picked":["Slimebound:DivideAndConquer","Slimebound:GoopTackle"],"picked":"Slimebound:SelfFormingGoo+1","floor":19.0},{"not_picked":["Slimebound:LeechEnergy","Slimebound:Replication"],"picked":"Slimebound:HauntingLick+1","floor":20.0},{"not_picked":["Slimebound:Equalize+1","Slimebound:DivideAndConquer"],"picked":"Slimebound:ItLooksTasty+1","floor":21.0},{"not_picked":["Slimebound:VenomTackle+1","Slimebound:GoopTackle"],"picked":"Slimebound:MegaLick+1","floor":23.0},{"not_picked":["Slimebound:SlimeBarrage","Slimebound:SplitBruiser"],"picked":"Slimebound:QuickStudy","floor":25.0},{"not_picked":["Slimebound:RollThrough","Slimebound:ViciousTackle"],"picked":"Slimebound:LeadByExample","floor":27.0},{"not_picked":["Slimebound:SplitBruiser","Slimebound:GoopSpray+1"],"picked":"Slimebound:SlimeBarrage","floor":29.0},{"not_picked":["Slimebound:Recycling","Slimebound:SplitBruiser"],"picked":"Slimebound:SplitLeeching+1","floor":31.0},{"not_picked":["Slimebound:Recycling","Slimebound:AcidTongue"],"picked":"Slimebound:WasteNot","floor":33.0},{"not_picked":["Slimebound:FinishingTackle+1","Slimebound:GoopTackle"],"picked":"Slimebound:GangUp+1","floor":35.0},{"not_picked":["Slimebound:LeechEnergy","Slimebound:ProtectTheBoss+1"],"picked":"Slimebound:LevelUp+1","floor":37.0},{"not_picked":["Slimebound:ItLooksTasty","Slimebound:LeechEnergy+1"],"picked":"Slimebound:Prepare","floor":38.0},{"not_picked":["Slimebound:Chomp","Slimebound:ComboTackle"],"picked":"Slimebound:SplitBruiser","floor":39.0},{"not_picked":["Slimebound:ComboTackle+1","Slimebound:SlimeSpikes"],"picked":"Slimebound:Grow+1","floor":40.0},{"not_picked":["Slimebound:HauntingLick+1","Slimebound:DouseInSlime"],"picked":"Slimebound:LivingWall+1","floor":42.0},{"not_picked":["Slimebound:FirmFortitude","Slimebound:ViciousTackle+1","Slimebound:DivideAndConquer+1"],"picked":"SKIP","floor":44},{"not_picked":["Slimebound:HungryTackle","Slimebound:SplitLeeching+1"],"picked":"Slimebound:SlimeBrawl","floor":47},{"not_picked":["Slimebound:ComboTackle","Slimebound:RollThrough"],"picked":"Slimebound:MegaLick","floor":48}],"player_experience":254731,"relics_obtained":[{"floor":9.0,"key":"Gambling Chip"},{"floor":13.0,"key":"Dream Catcher"},{"floor":23.0,"key":"Happy Flower"},{"floor":25.0,"key":"PreservedInsect"},{"floor":26.0,"key":"Art of War"},{"floor":29.0,"key":"Juzu Bracelet"},{"floor":31.0,"key":"Boot"},{"floor":37.0,"key":"Dead Branch"},{"floor":40.0,"key":"Bronze Scales"},{"floor":42.0,"key":"Bag of Marbles"},{"floor":43.0,"key":"Pen Nib"},{"floor":44,"key":"Kunai"},{"floor":47,"key":"Anchor"},{"floor":48,"key":"Thread and Needle"}],"event_choices":[{"cards_removed":["Normality"],"damage_healed":0.0,"max_hp_gain":0.0,"max_hp_loss":0.0,"gold_gain":0.0,"event_name":"The Cleric","player_choice":"Card Removal","floor":4.0,"gold_loss":50.0,"damage_taken":0.0},{"damage_healed":0.0,"max_hp_gain":0.0,"max_hp_loss":0.0,"gold_gain":0.0,"event_name":"Living Wall","player_choice":"Grow","floor":7.0,"gold_loss":0.0,"damage_taken":0.0,"cards_upgraded":["Slimebound:SlimeBarrage"]},{"damage_healed":0.0,"max_hp_gain":0.0,"max_hp_loss":0.0,"gold_gain":0.0,"event_name":"Nest","player_choice":"Joined the Cult","floor":22.0,"gold_loss":0.0,"damage_taken":6.0,"cards_obtained":["RitualDagger"]},{"damage_healed":0.0,"max_hp_gain":0.0,"max_hp_loss":0.0,"gold_gain":0.0,"cards_transformed":["Slimebound:Strike_Slimebound"],"event_name":"Transmorgrifier","player_choice":"Transformed","floor":36.0,"gold_loss":0.0,"damage_taken":0.0,"cards_obtained":["Slimebound:LevelUp"]},{"damage_healed":0.0,"max_hp_gain":0.0,"max_hp_loss":0.0,"gold_gain":0.0,"event_name":"Mysterious Sphere","player_choice":"Fight","floor":37.0,"gold_loss":0.0,"damage_taken":0.0},{"cards_removed":["Slimebound:Strike_Slimebound"],"damage_healed":0,"gold_gain":0,"player_choice":"Removed Attack","damage_taken":0,"max_hp_gain":0,"max_hp_loss":0,"event_name":"Falling","floor":45,"gold_loss":0},{"damage_healed":0,"gold_gain":0,"player_choice":"Trade","damage_taken":0,"relics_obtained":["NlothsMask"],"max_hp_gain":0,"max_hp_loss":0,"event_name":"FaceTrader","floor":46,"gold_loss":0},{"damage_healed":0,"gold_gain":0,"player_choice":"Fight","damage_taken":0,"max_hp_gain":0,"max_hp_loss":0,"event_name":"MindBloom","floor":48,"gold_loss":0}],"is_beta":false,"boss_relics":[{"not_picked":["Sozu","Pandora\u0027s Box"],"picked":"Snecko Eye"},{"not_picked":["Runic Dome","Coffee Dripper"],"picked":"Cursed Key"}],"items_purged_floors":[],"is_endless":false,"potions_floor_spawned":[2,14,18,21,27,29,31,35,39,44,47],"ascension_level":4}