{"gold_per_floor":[116,116,13,13,29,29,62,37,61,61,61,77,93,111,111,208,208,228,228,246,256,181,181,83,83,83,63,63,75,93,93,93,188,188,200,219,233,233,251,251,268,278,278,278,278,296,308,323,323,323,323,323,123,156,156],"floor_reached":55,"playtime":5473,"items_purged":["Strike_B","Parasite"],"score":648,"play_id":"6f9b81dc-a39e-4ce9-95e9-61c756546dd9","local_time":"20190331103418","is_ascension_mode":false,"campfire_choices":[{"data":"Genetic Algorithm","floor":6.0,"key":"SMITH"},{"floor":11.0,"key":"REST"},{"floor":15.0,"key":"REST"},{"data":"Machine Learning","floor":23.0,"key":"SMITH"},{"data":"Consume","floor":25.0,"key":"SMITH"},{"floor":28.0,"key":"RECALL"},{"floor":32.0,"key":"DIG"},{"floor":40.0,"key":"DIG"},{"floor":45.0,"key":"REST"},{"floor":49,"key":"REST"},{"floor":52,"key":"DIG"}],"neow_cost":"NONE","seed_source_timestamp":0,"circlet_count":0,"master_deck":["Defend_B","Defend_B","Zap","Dualcast","Genetic Algorithm+1","Consume+1","Darkness","Gash+1","Gash","Gash","Meteor Strike","Glacier","Machine Learning","All For One","Gash","Self Repair","Machine Learning+1","Stack","Electrodynamics+1","Skim","Genetic Algorithm+1","Gash+1","Scrape+1","Gash","Beam Cell"],"special_seed":0,"relics":["Cracked Core","Bronze Scales","Strawberry","Eternal Feather","Shovel","Frozen Egg 2","Lizard Tail","Whetstone","Vajra","Pantograph","Bag of Preparation"],"potions_floor_usage":[50,50,50,54,55],"damage_taken":[{"damage":7.0,"enemies":"Small Slimes","floor":1.0,"turns":3.0},{"damage":1.0,"enemies":"2 Louse","floor":5.0,"turns":2.0},{"damage":51.0,"enemies":"Gremlin Nob","floor":7.0,"turns":5.0},{"damage":1.0,"enemies":"Cultist","floor":12.0,"turns":3.0},{"damage":4.0,"enemies":"Exordium Wildlife","floor":13.0,"turns":3.0},{"damage":13.0,"enemies":"3 Louse","floor":14.0,"turns":3.0},{"damage":8.0,"enemies":"The Guardian","floor":16.0,"turns":10.0},{"damage":19.0,"enemies":"Shell Parasite","floor":18.0,"turns":5.0},{"damage":10.0,"enemies":"3 Byrds","floor":20.0,"turns":3.0},{"damage":13.0,"enemies":"Snake Plant","floor":21.0,"turns":4.0},{"damage":23.0,"enemies":"Sentry and Sphere","floor":29.0,"turns":6.0},{"damage":0.0,"enemies":"Snecko","floor":30.0,"turns":6.0},{"damage":51.0,"enemies":"Collector","floor":33.0,"turns":7.0},{"damage":21.0,"enemies":"3 Darklings","floor":35.0,"turns":4.0},{"damage":15.0,"enemies":"3 Shapes","floor":36.0,"turns":4.0},{"damage":27.0,"enemies":"Transient","floor":37.0,"turns":5.0},{"damage":62.0,"enemies":"Writhing Mass","floor":39.0,"turns":5.0},{"damage":22.0,"enemies":"4 Shapes","floor":41.0,"turns":5.0},{"damage":30.0,"enemies":"Transient","floor":42.0,"turns":5.0},{"damage":16.0,"enemies":"Maw","floor":46.0,"turns":5.0},{"damage":16.0,"enemies":"3 Darklings","floor":47.0,"turns":3.0},{"damage":0,"enemies":"Transient","floor":48,"turns":5},{"damage":50,"enemies":"Donu and Deca","floor":50,"turns":10},{"damage":74,"enemies":"Shield and Spear","floor":54,"turns":6},{"damage":87,"enemies":"The Heart","floor":55,"turns":3}],"seed_played":"-414055420086372266","potions_obtained":[{"floor":7.0,"key":"Fire Potion"},{"floor":18.0,"key":"Fire Potion"},{"floor":21.0,"key":"FearPotion"},{"floor":27.0,"key":"Dexterity Potion"},{"floor":33.0,"key":"Dexterity Potion"},{"floor":35.0,"key":"Strength Potion"},{"floor":37.0,"key":"Dexterity Potion"},{"floor":39.0,"key":"FocusPotion"}],"is_trial":false,"path_per_floor":["M","?","$","?","M","R","E","?","T","?","R","M","M","M","R","B",null,"M","?","M","M","?","R","$","R","T","?","R","M","M","$","R","B",null,"M","M","M","?","M","R","M","M","T","?","R","M","M","M","R","B",null,"R","$","E","B"],"character_chosen":"DEFECT","items_purchased":["Darkness","Gash","Stack","Dexterity Potion","Weak Potion"],"campfire_rested":4,"item_purchase_floors":[3,3,24,53,53],"current_hp_per_floor":[68,65,65,65,64,64,20,20,20,20,44,43,39,26,50,42,82,63,63,53,47,47,56,56,65,65,65,74,58,65,65,74,30,82,68,60,40,40,38,50,35,5,5,5,44,35,19,19,58,8,82,82,79,12,0],"gold":156,"neow_bonus":"THREE_CARDS","is_prod":false,"is_daily":false,"chose_seed":false,"campfire_upgraded":3,"win_rate":0,"timestamp":1554042858,"path_taken":["M","?","$","?","M","R","E","?","T","?","R","M","M","?","R","BOSS","M","?","M","M","?","R","$","R","T","?","R","M","M","$","R","BOSS","M","?","M","?","M","R","M","?","T","?","R","M","M","M","R","BOSS","R","$","E","BOSS"],"build_version":"2019-01-23","purchased_purges":2,"victory":false,"max_hp_per_floor":[75,75,75,75,75,75,82,82,82,82,82,82,82,82,82,82,82,82,82,82,82,82,82,82,82,82,82,82,82,82,82,82,82,82,82,82,82,82,82,82,82,82,82,82,82,82,82,82,82,82,82,82,79,79,79],"card_choices":[{"not_picked":["Hologram","BootSequence"],"picked":"Genetic Algorithm","floor":0.0},{"not_picked":["Turbo","Conserve Battery"],"picked":"Consume","floor":1.0},{"not_picked":["Beam Cell","Streamline"],"picked":"Gash","floor":5.0},{"not_picked":["Streamline","Blizzard"],"picked":"Gash","floor":7.0},{"not_picked":["Conserve Battery","Aggregate"],"picked":"Glacier","floor":12.0},{"not_picked":["Cold Snap","Beam Cell","Turbo"],"picked":"SKIP","floor":13.0},{"not_picked":["Double Energy","Gash"],"picked":"Machine Learning","floor":14.0},{"not_picked":["Echo Form","Hyperbeam"],"picked":"All For One","floor":16.0},{"not_picked":["Beam Cell+1","Sweeping Beam"],"picked":"Gash","floor":18.0},{"not_picked":["Conserve Battery","Fusion"],"picked":"Self Repair","floor":20.0},{"not_picked":["Storm","Loop"],"picked":"Machine Learning","floor":21.0},{"not_picked":["Coolheaded","Ball Lightning","Cold Snap+1"],"picked":"SKIP","floor":29.0},{"not_picked":["Auto Shields","Steam","White Noise"],"picked":"SKIP","floor":30.0},{"not_picked":["Multi-Cast","Amplify"],"picked":"Electrodynamics+1","floor":33.0},{"not_picked":["Stack","Rebound+1","Chill+1"],"picked":"SKIP","floor":35.0},{"not_picked":["Leap","Cold Snap+1"],"picked":"Skim","floor":36.0},{"not_picked":["Coolheaded","Ball Lightning","Beam Cell+1"],"picked":"SKIP","floor":37.0},{"not_picked":["Beam Cell","Meteor Strike"],"picked":"Gash","floor":39.0},{"not_picked":["Rip and Tear","Coolheaded"],"picked":"Scrape+1","floor":41.0},{"not_picked":["Coolheaded+1","Redo"],"picked":"Gash","floor":42.0},{"not_picked":["Hologram+1","Turbo+1","Barrage+1"],"picked":"SKIP","floor":46.0},{"not_picked":["Streamline","Rebound+1","Skim+1"],"picked":"SKIP","floor":47.0},{"not_picked":["Doom and Gloom+1","Stack+1","Scrape"],"picked":"SKIP","floor":48},{"not_picked":["Hologram","Ball Lightning","Sweeping Beam+1"],"picked":"SKIP","floor":54}],"player_experience":65752,"relics_obtained":[{"floor":7.0,"key":"Strawberry"},{"floor":26.0,"key":"Shovel"},{"floor":32.0,"key":"Frozen Egg 2"},{"floor":40.0,"key":"Whetstone"},{"floor":43.0,"key":"Vajra"},{"floor":52,"key":"Pantograph"},{"floor":54,"key":"Bag of Preparation"}],"event_choices":[{"damage_healed":0.0,"max_hp_gain":0.0,"max_hp_loss":0.0,"gold_gain":0.0,"event_name":"Scrap Ooze","player_choice":"Success","floor":2.0,"gold_loss":0.0,"damage_taken":3.0,"relics_obtained":["Bronze Scales"]},{"cards_removed":["Strike_B"],"damage_healed":0.0,"max_hp_gain":0.0,"max_hp_loss":0.0,"gold_gain":0.0,"event_name":"Living Wall","player_choice":"Forget","floor":4.0,"gold_loss":0.0,"damage_taken":0.0},{"damage_healed":0.0,"max_hp_gain":0.0,"max_hp_loss":0.0,"gold_gain":0.0,"event_name":"World of Goop","player_choice":"Left Gold","floor":8.0,"gold_loss":25.0,"damage_taken":0.0},{"damage_healed":0.0,"max_hp_gain":0.0,"max_hp_loss":0.0,"gold_gain":0.0,"cards_transformed":["Strike_B"],"event_name":"Transmorgrifier","player_choice":"Transformed","floor":10.0,"gold_loss":0.0,"damage_taken":0.0,"cards_obtained":["Meteor Strike"]},{"cards_removed":["Defend_B"],"damage_healed":0.0,"max_hp_gain":0.0,"max_hp_loss":0.0,"gold_gain":0.0,"event_name":"Back to Basics","player_choice":"Elegance","floor":19.0,"gold_loss":0.0,"damage_taken":0.0},{"cards_removed":["Strike_B"],"damage_healed":0.0,"max_hp_gain":0.0,"max_hp_loss":0.0,"gold_gain":0.0,"event_name":"Beggar","player_choice":"Gave Gold","floor":22.0,"gold_loss":75.0,"damage_taken":0.0},{"damage_healed":0.0,"max_hp_gain":0.0,"max_hp_loss":0.0,"gold_gain":0.0,"event_name":"The Woman in Blue","player_choice":"Bought 1 Potion","floor":27.0,"gold_loss":0.0,"damage_taken":0.0},{"damage_healed":0.0,"max_hp_gain":0.0,"max_hp_loss":0.0,"gold_gain":0.0,"event_name":"Duplicator","player_choice":"Copied","floor":38.0,"gold_loss":0.0,"damage_taken":0.0,"cards_obtained":["Genetic Algorithm"]},{"damage_healed":0.0,"max_hp_gain":0.0,"max_hp_loss":0.0,"gold_gain":0.0,"cards_transformed":["Defend_B"],"event_name":"Transmorgrifier","player_choice":"Transformed","floor":44.0,"gold_loss":0.0,"damage_taken":0.0,"cards_obtained":["Beam Cell"]}],"is_beta":false,"boss_relics":[{"not_picked":["Black Star","Cursed Key"],"picked":"Eternal Feather"},{"not_picked":["Astrolabe","Runic Pyramid"],"picked":"Lizard Tail"}],"items_purged_floors":[24,53],"is_endless":false,"potions_floor_spawned":[7,18,21,33,35,37,39,46],"killed_by":"The Heart","ascension_level":0}