{"gold_per_floor":[110,123,48,63,63,63,94,94,94,110,130,130,165,176,176,176],"floor_reached":16,"playtime":366,"items_purged":[],"score":224,"play_id":"71773897-06b1-47cd-959f-34980f46c9a9","local_time":"20190309204822","is_ascension_mode":true,"campfire_choices":[{"data":"Carnage","floor":6.0,"key":"SMITH"},{"data":"Bash","floor":8.0,"key":"SMITH"},{"floor":15.0,"key":"REST"}],"neow_cost":"NONE","seed_source_timestamp":728233176522400,"circlet_count":0,"master_deck":["AscendersBane","Strike_R","Strike_R","Strike_R","Defend_R","Defend_R","Defend_R","Defend_R","Bash+1","Hemokinesis","Carnage+1","Shrug It Off","Barricade+1","Sword Boomerang","Pommel Strike"],"special_seed":0,"relics":["Burning Blood","Dodecahedron","Bag of Marbles","Dream Catcher"],"potions_floor_usage":[],"damage_taken":[{"damage":9.0,"enemies":"Small Slimes","floor":1.0,"turns":4.0},{"damage":5.0,"enemies":"Jaw Worm","floor":2.0,"turns":3.0},{"damage":3.0,"enemies":"Cultist","floor":4.0,"turns":2.0},{"damage":38.0,"enemies":"Lagavulin","floor":7.0,"turns":5.0},{"damage":0.0,"enemies":"Looter","floor":10.0,"turns":1.0},{"damage":6.0,"enemies":"Blue Slaver","floor":11.0,"turns":3.0},{"damage":9.0,"enemies":"Gremlin Nob","floor":13.0,"turns":3.0},{"damage":17.0,"enemies":"Exordium Thugs","floor":14.0,"turns":3.0},{"damage":61,"enemies":"Slime Boss","floor":16,"turns":9}],"seed_played":"3822775267514951801","potions_obtained":[{"floor":2.0,"key":"Fruit Juice"},{"floor":4.0,"key":"Poison Potion"},{"floor":13.0,"key":"SteroidPotion"}],"is_trial":false,"path_per_floor":["M","M","?","M","?","R","E","R","T","M","M","?","E","M","R","B"],"character_chosen":"IRONCLAD","items_purchased":[],"campfire_rested":1,"item_purchase_floors":[],"current_hp_per_floor":[65,66,66,74,74,74,42,42,42,48,48,48,45,34,58,0],"gold":176,"neow_bonus":"REMOVE_CARD","is_prod":false,"is_daily":false,"chose_seed":false,"campfire_upgraded":2,"win_rate":0,"timestamp":1552164502,"path_taken":["M","M","?","M","?","R","E","R","T","M","M","?","E","M","R","BOSS"],"build_version":"2019-01-23","purchased_purges":0,"victory":false,"max_hp_per_floor":[75,75,75,80,80,80,80,80,80,80,80,80,80,80,80,80],"card_choices":[{"not_picked":["Havoc","Iron Wave"],"picked":"Hemokinesis","floor":1.0},{"not_picked":["Headbutt","Shrug It Off"],"picked":"Carnage","floor":2.0},{"not_picked":["Combust","Anger"],"picked":"Shrug It Off","floor":4.0},{"not_picked":["Entrench","Wild Strike"],"picked":"Barricade","floor":7.0},{"not_picked":["Corruption","Warcry","Perfected Strike"],"picked":"SKIP","floor":10.0},{"not_picked":["Anger","Clash","Burning Pact"],"picked":"SKIP","floor":11.0},{"not_picked":["Clash","Body Slam"],"picked":"Sword Boomerang","floor":13.0},{"not_picked":["Headbutt","Heavy Blade"],"picked":"Pommel Strike","floor":14.0}],"player_experience":1257747,"relics_obtained":[{"floor":7.0,"key":"Dodecahedron"},{"floor":9.0,"key":"Bag of Marbles"},{"floor":13.0,"key":"Dream Catcher"}],"event_choices":[{"cards_removed":["Strike_R"],"damage_healed":0.0,"max_hp_gain":0.0,"max_hp_loss":0.0,"gold_gain":0.0,"event_name":"The Cleric","player_choice":"Card Removal","floor":3.0,"gold_loss":75.0,"damage_taken":0.0},{"damage_healed":0.0,"max_hp_gain":0.0,"max_hp_loss":0.0,"gold_gain":0.0,"event_name":"Liars Game","player_choice":"Ignored","floor":5.0,"gold_loss":0.0,"damage_taken":0.0},{"damage_healed":0.0,"max_hp_gain":0.0,"max_hp_loss":0.0,"gold_gain":0.0,"event_name":"Living Wall","player_choice":"Grow","floor":12.0,"gold_loss":0.0,"damage_taken":0.0,"cards_upgraded":["Barricade"]}],"is_beta":false,"boss_relics":[],"items_purged_floors":[],"is_endless":false,"potions_floor_spawned":[2,4,13],"killed_by":"Slime Boss","ascension_level":20}