{"path_per_floor":["M","M","?","?","M","R","E","R","T","R","?","E","M","M","R","B",null,"M","$","?","M","$","E","R","E","T","$","R","?","?","M","R","B",null,"M","M","?","M","M","R","M","M","T","?","E","R","E","M","R","B"],"character_chosen":"THE_SILENT","items_purchased":["Centennial Puzzle","Dramatic Entrance","Juzu Bracelet"],"gold_per_floor":[114,129,129,129,144,144,174,174,199,199,199,229,244,259,259,359,359,374,124,124,139,44,74,74,104,154,4,4,4,4,19,19,119,119,134,149,0,15,30,30,45,60,60,63,93,93,123,138,138,138],"floor_reached":51,"campfire_rested":0,"playtime":7625,"current_hp_per_floor":[63,62,62,44,44,44,44,44,50,50,56,51,50,49,49,65,70,61,61,67,69,69,63,63,41,47,47,47,80,79,78,77,71,81,80,66,66,74,76,75,74,73,78,77,76,75,74,73,72,68],"items_purged":[],"gold":138,"score":956,"play_id":"c7bb4c5f-8d38-4016-bc22-97a0ebd3f87d","local_time":"20180409001349","daily_mods":["Shiny","Cursed Run","Terminal"],"is_prod":false,"is_daily":true,"is_ascension_mode":false,"campfire_upgraded":10,"timestamp":1523258029,"path_taken":["M","M","?","?","M","R","E","R","T","R","?","E","M","M","R","BOSS","M","?","?","M","?","E","R","E","T","$","R","?","?","M","R","BOSS","M","M","?","M","M","R","M","M","T","?","E","R","E","M","R","BOSS"],"build_version":"2018-04-05v2","purchased_purges":1,"victory":true,"master_deck":["Adrenaline","Envenom","Doppelganger","Burst+1","Venomology","Corpse Explosion","Tools of the Trade","Phantasmal Killer+1","Unload","After Image+1","Tactician","Bullet Time+1","Wraith Form+1","Storm of Steel+1","Glass Knife+1","Die Die Die","A Thousand Cuts+1","Grand Finale","Flechettes","Endless Agony","Distraction","Acrobatics","Doubt","Regret","Well Laid Plans","Footwork","Blade Dance","Injury","Storm of Steel+1","Prepared","Writhe","Acrobatics+1","Dramatic Entrance+1","Blade Dance","Backflip","Doubt","Night Terror","Tactician","Parasite","Burst","Outmaneuver+1","Acrobatics","All Out Attack","Backstab+1","Poisoned Stab+1","Noxious Fumes","Parasite","Acrobatics","Reflex+1","Deadly Poison+1","Outmaneuver+1","Writhe"],"max_hp_per_floor":[68,67,66,65,64,63,62,61,66,65,70,69,68,67,66,71,70,69,68,73,72,71,70,69,68,73,72,71,80,79,78,77,82,81,80,79,78,77,76,75,74,73,78,77,76,75,74,73,72,77],"relics":["Cursed Key","Darkstone Periapt","Du-Vu Doll","Blue Candle","Dream Catcher","Tough Bandages","Bag of Preparation","Black Star","Centennial Puzzle","Blood Vial","Ancient Tea Set","Art of War","Ginger","Bird Faced Urn","Oddly Smooth Stone","Juzu Bracelet","Lizard Tail","Red Mask","Happy Flower","Thread and Needle","Toxic Egg 2","Bottled Flame","Calipers","Gambling Chip"],"card_choices":[{"not_picked":["Leg Sweep","Sucker Punch"],"picked":"Flechettes","floor":1},{"not_picked":["Noxious Fumes","Prepared"],"picked":"Endless Agony","floor":2},{"not_picked":["Skewer","Bane"],"picked":"Distraction","floor":5},{"not_picked":["Dash","Deadly Poison"],"picked":"Acrobatics","floor":7},{"not_picked":["Dagger Throw","Dagger Spray"],"picked":"Well Laid Plans","floor":12},{"not_picked":["Finisher","Slice"],"picked":"Footwork","floor":13},{"not_picked":["Footwork","Prepared"],"picked":"Blade Dance","floor":14},{"not_picked":["Glass Knife","Burst"],"picked":"Storm of Steel","floor":16},{"not_picked":["Deadly Poison","Heel Hook"],"picked":"Prepared","floor":18},{"not_picked":["Leg Sweep","PiercingWail"],"picked":"Acrobatics","floor":21},{"not_picked":["Dagger Spray","Crippling Poison"],"picked":"Blade Dance","floor":23},{"not_picked":["Poisoned Stab","Dagger Spray"],"picked":"Backflip","floor":25},{"not_picked":["Acrobatics","Cloak And Dagger"],"picked":"Tactician","floor":31},{"not_picked":["Night Terror","Unload"],"picked":"Burst","floor":33},{"not_picked":["Heel Hook","Crippling Poison"],"picked":"Outmaneuver","floor":35},{"not_picked":["Poisoned Stab","Footwork"],"picked":"Acrobatics","floor":36},{"not_picked":["Dodge and Roll","Masterful Stab"],"picked":"All Out Attack","floor":38},{"not_picked":["Skewer","PiercingWail"],"picked":"Backstab","floor":39},{"not_picked":["Dagger Spray","Dodge and Roll"],"picked":"Poisoned Stab","floor":41},{"not_picked":["Acrobatics","Footwork"],"picked":"Noxious Fumes","floor":42},{"not_picked":["Malaise","Bouncing Flask"],"picked":"Acrobatics","floor":44},{"not_picked":["Deflect","Blade Dance"],"picked":"Reflex","floor":45},{"not_picked":["Finisher","Outmaneuver"],"picked":"Deadly Poison","floor":47},{"not_picked":["Flying Knee","Deflect"],"picked":"Outmaneuver","floor":48}],"player_experience":131100,"potions_floor_usage":[7,12,12,12,13,16,16,16,21,25,33,36,38,38,38,45,45,50,50,50,50,50],"damage_taken":[{"damage":6,"enemies":"Jaw Worm","floor":1,"turns":3},{"damage":1,"enemies":"Cultist","floor":2,"turns":3},{"damage":0,"enemies":"Small Slimes","floor":5,"turns":1},{"damage":0,"enemies":"3 Sentries","floor":7,"turns":4},{"damage":8,"enemies":"Lagavulin","floor":12,"turns":4},{"damage":1,"enemies":"Looter","floor":13,"turns":3},{"damage":1,"enemies":"Exordium Wildlife","floor":14,"turns":2},{"damage":5,"enemies":"The Guardian","floor":16,"turns":6},{"damage":9,"enemies":"3 Byrds","floor":18,"turns":4},{"damage":0,"enemies":"Chosen","floor":21,"turns":2},{"damage":8,"enemies":"Gremlin Leader","floor":23,"turns":4},{"damage":24,"enemies":"Slavers","floor":25,"turns":2},{"damage":1,"enemies":"Centurion and Healer","floor":31,"turns":2},{"damage":20,"enemies":"Collector","floor":33,"turns":4},{"damage":0,"enemies":"Orb Walker","floor":35,"turns":2},{"damage":14,"enemies":"3 Darklings","floor":36,"turns":3},{"damage":2,"enemies":"Maw","floor":38,"turns":5},{"damage":0,"enemies":"Sphere and 2 Shapes","floor":39,"turns":3},{"damage":1,"enemies":"4 Shapes","floor":41,"turns":1},{"damage":0,"enemies":"3 Darklings","floor":42,"turns":2},{"damage":0,"enemies":"Mysterious Sphere","floor":44,"turns":2},{"damage":1,"enemies":"Nemesis","floor":45,"turns":3},{"damage":1,"enemies":"2 Orb Walkers","floor":47,"turns":2},{"damage":0,"enemies":"Sphere and 2 Shapes","floor":48,"turns":1},{"damage":18,"enemies":"Time Eater","floor":50,"turns":8}],"event_choices":[{"event_name":"Living Wall","player_choice":"Grow","floor":3,"damage_taken":0},{"event_name":"Scrap Ooze","player_choice":"success","floor":4,"damage_taken":18},{"event_name":"Big Fish","player_choice":"Box","floor":11,"damage_taken":0},{"event_name":"The Mausoleum","player_choice":"Yes","floor":20,"damage_taken":0},{"event_name":"Bonfire Elementals","player_choice":"RARE","floor":29,"damage_taken":0},{"event_name":"The Library","player_choice":"Read","floor":30,"damage_taken":0},{"event_name":"Tomb of Lord Red Mask","player_choice":"Paid","floor":37,"damage_taken":0},{"event_name":"Mysterious Sphere","player_choice":"Fight","floor":44,"damage_taken":0}],"boss_relics":[{"not_picked":["Astrolabe","Orrery"],"picked":"Black Star"},{"not_picked":["Eternal Feather","Sozu"],"picked":"Lizard Tail"}],"potions_floor_spawned":[2,5,7,14,16,23,36,38,39,41,47,48],"seed_played":"-2721555855400712205","ascension_level":0,"is_trial":false}