{"path_per_floor":["M","$","?","M","M","E","R","$","T","M","M","M","R","M","R","B",null,"M","M","?","M","M","T","?"],"character_chosen":"IRONCLAD","items_purchased":["Demon Form","Flash of Steel"],"gold_per_floor":[114,42,42,61,80,148,148,49,99,118,137,156,156,175,175,300,300,319,308,308,327,346,346,346,346],"floor_reached":25,"campfire_rested":0,"playtime":2490,"current_hp_per_floor":[80,80,60,63,69,70,70,70,70,69,67,72,72,75,75,58,80,80,76,76,43,34,34,18,0],"items_purged":[],"gold":346,"score":207,"play_id":"f7c6ae38-dc8e-4b0d-8693-1c080411000b","local_time":"20180327214119","daily_mods":["Allstar","Uncertain Future","Binary"],"is_prod":false,"is_daily":true,"is_ascension_mode":false,"campfire_upgraded":3,"timestamp":1522212079,"path_taken":["M","$","?","M","M","E","R","?","T","M","M","?","R","M","R","BOSS","M","M","?","M","M","?","?","E"],"build_version":"2018-03-22v2","purchased_purges":1,"victory":false,"master_deck":["Strike_R","Strike_R","Strike_R","Strike_R","Strike_R","Defend_R","Defend_R","Defend_R","Defend_R","Bash","Blind","Apotheosis+1","Flame Barrier","Demon Form","Headbutt","Iron Wave","Sever Soul","Flash of Steel","Fire Breathing+1","Warcry+1","Bloodletting","Whirlwind","Brutality","Body Slam","Second Wind+1","Inflame","Shrug It Off","Juggernaut"],"max_hp_per_floor":[80,80,80,80,80,80,80,80,80,80,80,80,80,80,80,80,80,80,80,80,80,80,80,80,80],"relics":["Burning Blood","Golden Idol","Tiny Chest","Dream Catcher","Question Card","Ice Cream","Enchiridion"],"card_choices":[{"not_picked":["Iron Wave"],"picked":"Flame Barrier","floor":1},{"not_picked":["Pommel Strike"],"picked":"Headbutt","floor":4},{"not_picked":["Clash"],"picked":"Iron Wave","floor":5},{"not_picked":["Heavy Blade"],"picked":"Sever Soul","floor":6},{"not_picked":["Flex"],"picked":"Fire Breathing","floor":10},{"not_picked":["Armaments"],"picked":"Warcry","floor":11},{"not_picked":["Twin Strike"],"picked":"Bloodletting","floor":12},{"not_picked":["Armaments"],"picked":"Whirlwind","floor":14},{"not_picked":["Reaper"],"picked":"Brutality","floor":16},{"not_picked":["Pommel Strike","Thunderclap"],"picked":"Body Slam","floor":18},{"not_picked":["Twin Strike","Pommel Strike"],"picked":"Second Wind","floor":19},{"not_picked":["Havoc","Disarm"],"picked":"Shrug It Off","floor":21},{"not_picked":["Clothesline","Disarm"],"picked":"Juggernaut","floor":22}],"player_experience":111788,"potions_floor_usage":[6,10,14,16,16,16,19,21],"damage_taken":[{"damage":2,"enemies":"Small Slimes","floor":1,"turns":4},{"damage":3,"enemies":"Jaw Worm","floor":4,"turns":3},{"damage":0,"enemies":"2 Louse","floor":5,"turns":2},{"damage":5,"enemies":"3 Sentries","floor":6,"turns":10},{"damage":7,"enemies":"Looter","floor":10,"turns":3},{"damage":8,"enemies":"Exordium Wildlife","floor":11,"turns":5},{"damage":1,"enemies":"2 Fungi Beasts","floor":12,"turns":3},{"damage":3,"enemies":"Blue Slaver","floor":14,"turns":3},{"damage":23,"enemies":"Hexaghost","floor":16,"turns":7},{"damage":3,"enemies":"3 Byrds","floor":18,"turns":4},{"damage":10,"enemies":"2 Thieves","floor":19,"turns":4},{"damage":39,"enemies":"Centurion and Healer","floor":21,"turns":6},{"damage":15,"enemies":"Slaver and Parasite","floor":22,"turns":7},{"damage":20,"enemies":"Gremlin Leader","floor":25,"turns":4}],"event_choices":[{"event_name":"Golden Idol","player_choice":"Take Damage","floor":3,"damage_taken":0},{"event_name":"The Library","player_choice":"Read","floor":20,"damage_taken":0},{"event_name":"Cursed Tome","player_choice":"Obtained Book","floor":24,"damage_taken":0}],"boss_relics":[{"not_picked":["Runic Pyramid","Ectoplasm"],"picked":"Question Card"}],"potions_floor_spawned":[4,5,6,11,12,14,18,19],"seed_played":"-186306444568268159","killed_by":"Gremlin Leader","ascension_level":0,"is_trial":false}