{"gold_per_floor":[366,74,84,97,116,116,128,128,153,187,187,220,244,244,244,244],"floor_reached":16,"playtime":586,"items_purged":["Strike_G"],"score":224,"play_id":"e6dbfda3-2f8b-4277-afc8-9a694e423d33","local_time":"20190311003353","is_ascension_mode":true,"campfire_choices":[{"floor":6.0,"key":"REST"},{"data":"Neutralize","floor":8.0,"key":"SMITH"},{"floor":15,"key":"REST"}],"neow_cost":"PERCENT_DAMAGE","seed_source_timestamp":40390532796500,"circlet_count":0,"master_deck":["AscendersBane","Defend_G","Defend_G","Defend_G","Defend_G","Defend_G","Strike_G","Strike_G","Strike_G","Strike_G","Survivor","Neutralize+1","Dagger Spray","Quick Slash","Cloak And Dagger+1","Dagger Throw","Masterful Stab","Blade Dance","Predator","Blade Dance"],"special_seed":0,"relics":["Ring of the Snake","ClockworkSouvenir","Blood Vial","Omamori","Golden Idol","Orichalcum"],"potions_floor_usage":[16],"damage_taken":[{"damage":0.0,"enemies":"2 Louse","floor":1.0,"turns":3.0},{"damage":4.0,"enemies":"Small Slimes","floor":3.0,"turns":4.0},{"damage":0.0,"enemies":"Cultist","floor":4.0,"turns":3.0},{"damage":12.0,"enemies":"Gremlin Gang","floor":5.0,"turns":6.0},{"damage":0.0,"enemies":"Looter","floor":7.0,"turns":3.0},{"damage":25.0,"enemies":"Lagavulin","floor":10.0,"turns":6.0},{"damage":16.0,"enemies":"3 Sentries","floor":12.0,"turns":7.0},{"damage":10.0,"enemies":"Large Slime","floor":13.0,"turns":5.0},{"damage":24,"enemies":"Hexaghost","floor":16,"turns":9}],"seed_played":"-6513487173252253935","potions_obtained":[{"floor":3.0,"key":"Swift Potion"},{"floor":4.0,"key":"SpeedPotion"},{"floor":10.0,"key":"Ancient Potion"}],"is_trial":false,"path_per_floor":["M","$","M","M","M","R","M","R","T","E","?","E","M","?","R","B"],"character_chosen":"THE_SILENT","items_purchased":["ClockworkSouvenir"],"campfire_rested":2,"item_purchase_floors":[2],"current_hp_per_floor":[44,44,40,40,28,47,47,47,47,24,24,10,2,2,21,0],"gold":244,"neow_bonus":"TWO_FIFTY_GOLD","is_prod":false,"is_daily":false,"chose_seed":false,"campfire_upgraded":1,"win_rate":0,"timestamp":1552264433,"path_taken":["M","$","M","M","M","R","M","R","T","E","?","E","M","?","R","BOSS"],"build_version":"2019-01-23","purchased_purges":1,"victory":false,"max_hp_per_floor":[66,66,66,66,66,66,66,66,66,66,66,66,66,66,66,66],"card_choices":[{"not_picked":["Dagger Throw","PiercingWail"],"picked":"Dagger Spray","floor":1.0},{"not_picked":["Riddle With Holes","Terror"],"picked":"Quick Slash","floor":3.0},{"not_picked":["Dodge and Roll","Outmaneuver"],"picked":"Cloak And Dagger","floor":4.0},{"not_picked":["Blade Dance","Reflex"],"picked":"Dagger Throw","floor":5.0},{"not_picked":["Escape Plan","Flechettes"],"picked":"Masterful Stab","floor":7.0},{"not_picked":["Terror","Prepared"],"picked":"Blade Dance","floor":10.0},{"not_picked":["Burst","Poisoned Stab"],"picked":"Predator","floor":12.0},{"not_picked":["Dagger Throw","Catalyst"],"picked":"Blade Dance","floor":13.0}],"player_experience":1264246,"relics_obtained":[{"floor":9.0,"key":"Blood Vial"},{"floor":10.0,"key":"Omamori"},{"floor":12.0,"key":"Orichalcum"}],"event_choices":[{"damage_healed":0.0,"max_hp_gain":0.0,"max_hp_loss":0.0,"gold_gain":0.0,"event_name":"Golden Idol","player_choice":"Take Wound","floor":11.0,"gold_loss":0.0,"damage_taken":0.0,"relics_obtained":["Golden Idol"],"cards_obtained":["Injury"]},{"damage_healed":0,"gold_gain":0,"player_choice":"Grow","damage_taken":0,"max_hp_gain":0,"max_hp_loss":0,"event_name":"Living Wall","floor":14,"gold_loss":0,"cards_upgraded":["Cloak And Dagger"]}],"is_beta":false,"boss_relics":[],"items_purged_floors":[2],"is_endless":false,"potions_floor_spawned":[3,4,10],"killed_by":"Hexaghost","ascension_level":20}