{"path_per_floor":["M","?","M","?","M","E","R","M","T","M","T","$","?","E","R","B",null,"M","?","$","M","?","E","?","R","T","M","R","M","M","?","R","B",null,"M","?","M","?","M","E","?","?","T","E","M","M","R","?","R","B"],"character_chosen":"IRONCLAD","items_purchased":["Anger","Searing Blow","Bottled Lightning"],"gold_per_floor":[114,114,129,129,148,186,186,205,205,224,224,146,116,154,154,279,279,298,213,13,32,32,70,70,70,70,89,89,108,127,127,127,252,252,271,604,619,619,634,664,664,0,0,30,45,60,60,60,60,60],"floor_reached":51,"campfire_rested":1,"playtime":4134,"current_hp_per_floor":[75,59,59,65,64,45,45,35,41,40,46,46,46,46,75,47,129,127,127,127,126,129,115,99,99,105,103,103,101,98,90,90,12,141,141,141,138,144,146,123,113,113,119,112,96,90,90,134,134,118],"items_purged":[],"gold":60,"score":1010,"play_id":"d9173a59-1fd4-43b0-a126-04d2a192023d","local_time":"20180329220205","daily_mods":["Diverse","Cursed Run","Binary"],"is_prod":false,"is_daily":true,"is_ascension_mode":false,"campfire_upgraded":5,"timestamp":1522386125,"path_taken":["M","?","M","?","?","E","R","M","T","M","?","?","?","E","R","BOSS","M","?","$","M","?","E","?","R","T","?","R","M","M","?","R","BOSS","M","?","M","?","M","E","?","?","T","E","M","?","R","?","R","BOSS"],"build_version":"2018-03-29","purchased_purges":0,"victory":true,"master_deck":["Strike_R","Strike_R","Strike_R","Defend_R","Defend_R","Defend_R","Bash+1","Acrobatics","Distraction+1","Combust","Injury","Iron Wave","Rage","Entrench","Writhe","Armaments+1","Parasite","Anger","Searing Blow+3","Iron Wave","Parasite","Demon Form","Regret","Normality","Normality","Cleave","Rampage+1","Hemokinesis+1","Doubt","Metallicize","Heavy Blade+1","Anger+1","Injury","Limit Break","Pummel+1","Battle Trance+1","Reaper+1","Body Slam+1","Heavy Blade+1","Decay","Pommel Strike+1","Brutality+1","Madness","Mind Blast+1","Enlightenment","Clumsy","Uppercut+1","Heavy Blade+1","Rage+1","Writhe","Parasite"],"max_hp_per_floor":[80,80,80,86,86,86,86,86,92,92,98,98,98,98,98,104,129,129,129,129,129,129,129,129,129,135,135,135,135,135,135,135,141,141,141,141,141,147,147,147,147,147,153,153,153,153,153,159,159,165],"relics":["Cursed Key","Darkstone Periapt","Du-Vu Doll","The Courier","Art of War","Anchor","Question Card","Calling Bell","Blue Candle","Strawberry","Shovel","Gambling Chip","Bottled Lightning","Molten Egg 2","Enchiridion","Bag of Preparation","Frozen Egg 2","Astrolabe","Dream Catcher","Red Mask","Red Skull","Mercury Hourglass"],"card_choices":[{"not_picked":["True Grit"],"picked":"Corruption","floor":1},{"not_picked":["True Grit"],"picked":"Combust","floor":3},{"not_picked":["Pommel Strike"],"picked":"Iron Wave","floor":5},{"not_picked":["Flex"],"picked":"Rage","floor":6},{"not_picked":["Wild Strike"],"picked":"Entrench","floor":8},{"not_picked":["Havoc"],"picked":"Armaments","floor":10},{"not_picked":["Corruption"],"picked":"Iron Wave","floor":14},{"not_picked":["Barricade","Bludgeon"],"picked":"Demon Form","floor":16},{"not_picked":["Wild Strike","Corruption"],"picked":"Cleave","floor":18},{"not_picked":["Iron Wave","Evolve"],"picked":"Rampage","floor":21},{"not_picked":["Battle Trance","Inflame"],"picked":"Hemokinesis","floor":23},{"not_picked":["Twin Strike","Seeing Red"],"picked":"Metallicize","floor":27},{"not_picked":["Wild Strike","Impervious"],"picked":"Heavy Blade","floor":29},{"not_picked":["Intimidate","Disarm"],"picked":"Anger","floor":30},{"not_picked":["Offering","Impervious"],"picked":"Limit Break","floor":33},{"not_picked":["Rage","Warcry"],"picked":"Body Slam","floor":35},{"not_picked":["Pummel","Inflame"],"picked":"Heavy Blade","floor":37},{"not_picked":["Wild Strike","Warcry"],"picked":"Pommel Strike","floor":39},{"not_picked":["Clothesline","Anger"],"picked":"Brutality","floor":40},{"not_picked":["Swift Strike","Sadistic Nature"],"picked":"Madness","floor":41},{"not_picked":["Finesse","Secret Technique"],"picked":"Mind Blast","floor":41},{"not_picked":["Transmutation","Good Instincts"],"picked":"Enlightenment","floor":41},{"not_picked":["Twin Strike","Thunderclap"],"picked":"Uppercut","floor":44},{"not_picked":["Clash","Hemokinesis"],"picked":"Heavy Blade","floor":45},{"not_picked":["Anger","Clash"],"picked":"Rage","floor":46}],"player_experience":116153,"potions_floor_usage":[6,16,16,16,21,23,33,45,45],"damage_taken":[{"damage":5,"enemies":"Small Slimes","floor":1,"turns":4},{"damage":0,"enemies":"2 Louse","floor":3,"turns":2},{"damage":1,"enemies":"Cultist","floor":5,"turns":4},{"damage":19,"enemies":"Lagavulin","floor":6,"turns":5},{"damage":10,"enemies":"Gremlin Gang","floor":8,"turns":4},{"damage":1,"enemies":"Exordium Wildlife","floor":10,"turns":3},{"damage":0,"enemies":"Gremlin Nob","floor":14,"turns":3},{"damage":34,"enemies":"The Guardian","floor":16,"turns":10},{"damage":2,"enemies":"2 Thieves","floor":18,"turns":2},{"damage":1,"enemies":"Chosen","floor":21,"turns":4},{"damage":14,"enemies":"Gremlin Leader","floor":23,"turns":5},{"damage":2,"enemies":"Slaver and Parasite","floor":27,"turns":2},{"damage":2,"enemies":"Snake Plant","floor":29,"turns":2},{"damage":3,"enemies":"Cultist and Chosen","floor":30,"turns":2},{"damage":99,"enemies":"Collector","floor":33,"turns":6},{"damage":0,"enemies":"Orb Walker","floor":35,"turns":2},{"damage":3,"enemies":"3 Shapes","floor":37,"turns":2},{"damage":4,"enemies":"3 Darklings","floor":39,"turns":3},{"damage":23,"enemies":"2 Orb Walkers","floor":40,"turns":4},{"damage":7,"enemies":"Nemesis","floor":44,"turns":3},{"damage":16,"enemies":"Maw","floor":45,"turns":3},{"damage":6,"enemies":"Sphere and 2 Shapes","floor":46,"turns":2},{"damage":69,"enemies":"Time Eater","floor":50,"turns":6}],"event_choices":[{"event_name":"Shining Light","player_choice":"Entered Light","floor":2,"damage_taken":0},{"event_name":"Golden Idol","player_choice":"Take Wound","floor":4,"damage_taken":0},{"event_name":"The Woman in Blue","player_choice":"Bought 2 Potions","floor":13,"damage_taken":0},{"event_name":"Addict","player_choice":"Obtained Relic","floor":19,"damage_taken":0},{"event_name":"Bonfire Elementals","player_choice":"UNCOMMON","floor":22,"damage_taken":0},{"event_name":"Cursed Tome","player_choice":"Obtained Book","floor":24,"damage_taken":0},{"event_name":"Knowing Skull","player_choice":"","floor":31,"damage_taken":0},{"event_name":"The Moai Head","player_choice":"Gave Idol","floor":36,"damage_taken":0},{"event_name":"Wheel of Change","player_choice":"Curse","floor":38,"damage_taken":0},{"event_name":"SensoryStone","player_choice":"Memory 3","floor":41,"damage_taken":0},{"event_name":"Tomb of Lord Red Mask","player_choice":"Paid","floor":42,"damage_taken":0},{"event_name":"Winding Halls","player_choice":"Writhe","floor":48,"damage_taken":0}],"boss_relics":[{"not_picked":["Sozu","Ectoplasm"],"picked":"Calling Bell"},{"not_picked":["Philosopher\u0027s Stone","Mark of Pain"],"picked":"Astrolabe"}],"potions_floor_spawned":[1,6,14,18,21,30,40,44],"seed_played":"3601670706456494234","ascension_level":0,"is_trial":false}