{"gold_per_floor":[114,114,39,39,39,83,102,102,126,149,169,207,207,247,247,247],"floor_reached":16,"playtime":1120,"items_purged":["Strike_B"],"score":157,"play_id":"a68cb625-1580-4c71-99bb-69c096231122","local_time":"20190502013932","is_ascension_mode":true,"campfire_choices":[{"data":"Genetic Algorithm","floor":8.0,"key":"SMITH"},{"data":"Zap","floor":13,"key":"SMITH"},{"floor":15,"key":"REST"}],"neow_cost":"NONE","seed_source_timestamp":0,"circlet_count":0,"master_deck":["Strike_B","Strike_B","Defend_B+1","Defend_B","Defend_B","Defend_B+1","Zap+1","Dualcast","Conserve Battery","Genetic Algorithm+1","Gash"],"special_seed":0,"relics":["Cracked Core","NeowsBlessing","Golden Idol","Oddly Smooth Stone","War Paint","FossilizedHelix","Vajra"],"potions_floor_usage":[12,16,16],"damage_taken":[{"damage":0.0,"enemies":"Jaw Worm","floor":1.0,"turns":1.0},{"damage":0.0,"enemies":"3 Sentries","floor":6.0,"turns":1.0},{"damage":0.0,"enemies":"2 Louse","floor":7.0,"turns":1.0},{"damage":0.0,"enemies":"Cultist","floor":10.0,"turns":4.0},{"damage":1,"enemies":"Exordium Wildlife","floor":11,"turns":4},{"damage":11,"enemies":"Lagavulin","floor":12,"turns":8},{"damage":27,"enemies":"3 Sentries","floor":14,"turns":11},{"damage":45,"enemies":"Slime Boss","floor":16,"turns":8}],"seed_played":"-6602752024950052670","potions_obtained":[{"floor":1.0,"key":"Dexterity Potion"},{"floor":7.0,"key":"SpeedPotion"},{"floor":14,"key":"Fire Potion"}],"is_trial":false,"path_per_floor":["M","?","$","?","?","E","M","R","T","M","M","E","R","E","R","B"],"character_chosen":"DEFECT","items_purchased":[],"campfire_rested":1,"item_purchase_floors":[],"current_hp_per_floor":[75,68,68,68,56,56,56,56,56,56,55,44,44,17,37,0],"gold":247,"neow_bonus":"THREE_ENEMY_KILL","is_prod":false,"is_daily":false,"chose_seed":false,"campfire_upgraded":2,"win_rate":0,"timestamp":1556775572,"path_taken":["M","?","$","?","?","E","M","R","T","M","M","E","R","E","R","BOSS"],"build_version":"2019-01-23","purchased_purges":1,"victory":false,"max_hp_per_floor":[75,75,75,69,69,69,69,69,69,69,69,69,69,69,69,69],"card_choices":[{"not_picked":["Tempest","Reinforced Body"],"picked":"Conserve Battery","floor":1.0},{"not_picked":["Skim","Ball Lightning"],"picked":"Genetic Algorithm","floor":6.0},{"not_picked":["Coolheaded","Hologram","Darkness"],"picked":"SKIP","floor":7.0},{"not_picked":["Redo","Sweeping Beam","Storm"],"picked":"SKIP","floor":10},{"not_picked":["Turbo","Sweeping Beam"],"picked":"Gash","floor":11},{"not_picked":["Streamline","Barrage","Ball Lightning"],"picked":"SKIP","floor":12},{"not_picked":["Streamline","Fission","Steam"],"picked":"SKIP","floor":14}],"player_experience":159523,"relics_obtained":[{"floor":6.0,"key":"Oddly Smooth Stone"},{"floor":9.0,"key":"War Paint"},{"floor":12,"key":"FossilizedHelix"},{"floor":14,"key":"Vajra"}],"event_choices":[{"cards_removed":["Strike_B"],"damage_healed":0.0,"max_hp_gain":0.0,"max_hp_loss":0.0,"gold_gain":0.0,"event_name":"Golden Wing","player_choice":"Card Removal","floor":2.0,"gold_loss":0.0,"damage_taken":7.0},{"damage_healed":0.0,"max_hp_gain":0.0,"max_hp_loss":6.0,"gold_gain":0.0,"event_name":"Golden Idol","player_choice":"Lose Max HP","floor":4.0,"gold_loss":0.0,"damage_taken":0.0,"relics_obtained":["Golden Idol"]},{"damage_healed":0.0,"max_hp_gain":0.0,"max_hp_loss":0.0,"gold_gain":0.0,"event_name":"Scrap Ooze","player_choice":"Fled","floor":5.0,"gold_loss":0.0,"damage_taken":12.0}],"is_beta":false,"boss_relics":[],"items_purged_floors":[3],"is_endless":false,"potions_floor_spawned":[1,7,14],"killed_by":"Slime Boss","ascension_level":2}