{"gold_per_floor":[113,38,52,52,65,65,98,98,98,23,42,42,55,75,75,204,204,223,243,263,263,276,319,319,319,342,342,358,50,50,63,63,188,188,206,106,127,127,140,140,161,161,161,161,161,195,207,239,251,263],"floor_reached":50,"playtime":6164,"items_purged":["Defend_G","Strike_G"],"score":544,"play_id":"c9389fbf-39e8-4c85-b7fd-3e95ba2eb87b","local_time":"20190330023150","is_ascension_mode":false,"campfire_choices":[{"data":"Adrenaline","floor":6,"key":"SMITH"},{"floor":8,"key":"REST"},{"floor":15,"key":"REST"},{"data":"Catalyst","floor":25,"key":"SMITH"},{"floor":27,"key":"REST"},{"floor":30,"key":"RECALL"},{"data":"Deadly Poison","floor":32,"key":"SMITH"},{"data":"Noxious Fumes","floor":40,"key":"SMITH"},{"floor":42,"key":"REST"},{"data":"Footwork","floor":44,"key":"SMITH"},{"floor":47,"key":"REST"},{"floor":49,"key":"REST"}],"neow_cost":"NONE","seed_source_timestamp":0,"circlet_count":0,"master_deck":["Defend_G","Defend_G+1","Defend_G","Defend_G","Strike_G","Survivor+1","Neutralize","Catalyst+1","Deadly Poison","Adrenaline+1","Blur+1","Noxious Fumes+1","Poisoned Stab","Calculated Gamble","Deadly Poison+1","Bane","Calculated Gamble","Die Die Die","After Image+1","Prepared+1","Flechettes+1","Deadly Poison","Adrenaline","Deadly Poison","Escape Plan","Footwork+1","Crippling Poison+1","Burst+1","Deflect+1","Chrysalis+1"],"special_seed":0,"relics":["Ring of the Snake","Golden Idol","Prayer Wheel","Astrolabe","Toxic Egg 2","Centennial Puzzle","The Specimen","Black Star","Juzu Bracelet","MawBank","Smiling Mask"],"potions_floor_usage":[7,16,18,23,33,33,46,50,50],"damage_taken":[{"damage":0,"enemies":"Cultist","floor":1,"turns":4},{"damage":3,"enemies":"Jaw Worm","floor":3,"turns":5},{"damage":4,"enemies":"Small Slimes","floor":5,"turns":3},{"damage":25,"enemies":"Lagavulin","floor":7,"turns":8},{"damage":1,"enemies":"2 Fungi Beasts","floor":11,"turns":5},{"damage":8,"enemies":"Exordium Thugs","floor":13,"turns":5},{"damage":0,"enemies":"Large Slime","floor":14,"turns":4},{"damage":4,"enemies":"The Guardian","floor":16,"turns":8},{"damage":7,"enemies":"2 Thieves","floor":18,"turns":4},{"damage":3,"enemies":"Shell Parasite","floor":19,"turns":4},{"damage":7,"enemies":"Centurion and Healer","floor":20,"turns":5},{"damage":6,"enemies":"Snecko","floor":22,"turns":4},{"damage":14,"enemies":"Book of Stabbing","floor":23,"turns":5},{"damage":0,"enemies":"Snake Plant","floor":28,"turns":3},{"damage":3,"enemies":"Chosen and Byrds","floor":31,"turns":4},{"damage":32,"enemies":"Champ","floor":33,"turns":7},{"damage":0,"enemies":"Orb Walker","floor":35,"turns":2},{"damage":16,"enemies":"3 Darklings","floor":37,"turns":3},{"damage":0,"enemies":"4 Shapes","floor":39,"turns":5},{"damage":16,"enemies":"Sphere and 2 Shapes","floor":41,"turns":3},{"damage":19,"enemies":"Reptomancer","floor":46,"turns":5},{"damage":8,"enemies":"Spire Growth","floor":48,"turns":5},{"damage":71,"enemies":"Donu and Deca","floor":50,"turns":11}],"seed_played":"2076035374183830861","potions_obtained":[{"floor":3,"key":"SteroidPotion"},{"floor":7,"key":"SpeedPotion"},{"floor":11,"key":"Strength Potion"},{"floor":14,"key":"Block Potion"},{"floor":16,"key":"GhostInAJar"},{"floor":18,"key":"FearPotion"},{"floor":23,"key":"SteroidPotion"},{"floor":28,"key":"Poison Potion"},{"floor":33,"key":"LiquidBronze"},{"floor":48,"key":"EssenceOfSteel"}],"is_trial":false,"path_per_floor":["M","$","M","?","M","R","E","R","T","$","M","?","M","M","R","B",null,"M","M","M","?","M","E","?","R","T","R","M","$","R","M","R","B",null,"M","$","M","?","M","R","M","R","T","R","?","E","R","M","R","B"],"character_chosen":"THE_SILENT","items_purchased":["Noxious Fumes","The Specimen"],"campfire_rested":6,"item_purchase_floors":[10,29],"current_hp_per_floor":[70,70,67,50,46,46,21,42,42,42,41,27,19,19,40,36,70,63,60,53,53,47,33,33,33,33,54,54,54,54,51,51,19,70,70,70,54,54,54,54,38,59,59,59,59,40,61,53,70,0],"gold":263,"neow_bonus":"UPGRADE_CARD","is_prod":false,"is_daily":false,"chose_seed":false,"campfire_upgraded":5,"win_rate":1,"timestamp":1553927510,"path_taken":["M","?","M","?","M","R","E","R","T","?","M","?","M","M","R","BOSS","M","M","M","?","M","E","?","R","T","R","M","$","R","M","R","BOSS","M","$","M","?","M","R","M","R","T","R","?","E","R","M","R","BOSS"],"build_version":"2019-01-23","purchased_purges":2,"victory":false,"max_hp_per_floor":[70,70,70,70,70,70,70,70,70,70,70,70,70,70,70,70,70,70,70,70,70,70,70,70,70,70,70,70,70,70,70,70,70,70,70,70,70,70,70,70,70,70,70,70,70,70,70,70,70,70],"card_choices":[{"not_picked":["Outmaneuver","Backflip"],"picked":"Catalyst","floor":1},{"not_picked":["Poisoned Stab","Riddle With Holes"],"picked":"Deadly Poison","floor":3},{"not_picked":["Slice","Deflect"],"picked":"Adrenaline","floor":5},{"not_picked":["Flying Knee","Slice"],"picked":"Blur","floor":7},{"not_picked":["Deflect","Cloak And Dagger"],"picked":"Poisoned Stab","floor":11},{"not_picked":["Sucker Punch","Slice","Cloak And Dagger"],"picked":"SKIP","floor":11},{"not_picked":["Quick Slash","Terror"],"picked":"Calculated Gamble","floor":13},{"not_picked":["Terror","Die Die Die"],"picked":"Deadly Poison","floor":13},{"not_picked":["Heel Hook","Slice"],"picked":"Bane","floor":14},{"not_picked":["Dagger Throw","Quick Slash"],"picked":"Calculated Gamble","floor":14},{"not_picked":["Doppelganger","Glass Knife"],"picked":"Die Die Die","floor":16},{"not_picked":["Prepared","Quick Slash","Choke"],"picked":"SKIP","floor":18},{"not_picked":["Underhanded Strike","Sucker Punch+1","Prepared"],"picked":"SKIP","floor":18},{"not_picked":["Dodge and Roll","Outmaneuver"],"picked":"Flechettes+1","floor":19},{"not_picked":["PiercingWail","All Out Attack","Quick Slash"],"picked":"SKIP","floor":19},{"not_picked":["Terror+1","Flying Knee"],"picked":"Deadly Poison","floor":20},{"not_picked":["Sucker Punch","Accuracy"],"picked":"Adrenaline","floor":20},{"not_picked":["Poisoned Stab","Backflip"],"picked":"Escape Plan","floor":22},{"not_picked":["Quick Slash","Deadly Poison"],"picked":"Footwork","floor":22},{"not_picked":["Blade Dance","After Image","Flying Knee"],"picked":"SKIP","floor":23},{"not_picked":["Backflip+1","Poisoned Stab"],"picked":"Crippling Poison+1","floor":28},{"not_picked":["Outmaneuver+1","Slice+1","Bane"],"picked":"SKIP","floor":28},{"not_picked":["Dodge and Roll+1","Cloak And Dagger+1","Calculated Gamble+1"],"picked":"SKIP","floor":31},{"not_picked":["Bane","Slice","Deadly Poison+1"],"picked":"SKIP","floor":31},{"not_picked":["Bullet Time+1","Unload"],"picked":"Burst+1","floor":33},{"not_picked":["Noxious Fumes+1","Acrobatics+1","Poisoned Stab"],"picked":"SKIP","floor":35},{"not_picked":["Expertise+1","Bane","Cloak And Dagger+1"],"picked":"SKIP","floor":35},{"not_picked":["PiercingWail+1","Masterful Stab"],"picked":"Deflect+1","floor":37},{"not_picked":["Acrobatics+1","Finisher+1","Eviscerate+1"],"picked":"SKIP","floor":37},{"not_picked":["Secret Weapon+1","Madness+1"],"picked":"Chrysalis+1","floor":38},{"not_picked":["Blade Dance+1","Dash+1","Deflect+1"],"picked":"SKIP","floor":39},{"not_picked":["Dagger Spray+1","Terror+1","Quick Slash+1"],"picked":"SKIP","floor":39},{"not_picked":["Bane+1","Slice","Outmaneuver+1"],"picked":"SKIP","floor":41},{"not_picked":["Deadly Poison+1","Blade Dance+1","Well Laid Plans"],"picked":"SKIP","floor":41},{"not_picked":["Dagger Spray+1","Quick Slash","PiercingWail+1"],"picked":"SKIP","floor":46},{"not_picked":["Slice","Outmaneuver+1","Flying Knee+1"],"picked":"SKIP","floor":48},{"not_picked":["Backflip+1","Well Laid Plans+1","Unload"],"picked":"SKIP","floor":48}],"player_experience":56897,"relics_obtained":[{"floor":7,"key":"Prayer Wheel"},{"floor":23,"key":"Toxic Egg 2"},{"floor":26,"key":"Centennial Puzzle"},{"floor":43,"key":"Juzu Bracelet"},{"floor":46,"key":"MawBank"},{"floor":46,"key":"Smiling Mask"}],"event_choices":[{"damage_healed":0,"gold_gain":0,"player_choice":"Take Damage","damage_taken":17,"relics_obtained":["Golden Idol"],"max_hp_gain":0,"max_hp_loss":0,"event_name":"Golden Idol","floor":4,"gold_loss":0},{"damage_healed":0,"gold_gain":0,"player_choice":"Entered Light","damage_taken":14,"max_hp_gain":0,"max_hp_loss":0,"event_name":"Shining Light","floor":12,"gold_loss":0,"cards_upgraded":["Blur","Defend_G"]},{"damage_healed":0,"gold_gain":0,"player_choice":"Read","damage_taken":0,"max_hp_gain":0,"max_hp_loss":0,"event_name":"The Library","floor":21,"gold_loss":0,"cards_obtained":["Deadly Poison"]},{"damage_healed":0,"gold_gain":0,"player_choice":"Ignored","damage_taken":0,"max_hp_gain":0,"max_hp_loss":0,"event_name":"Vampires","floor":24,"gold_loss":0},{"damage_healed":0,"gold_gain":0,"player_choice":"Memory 1","damage_taken":0,"max_hp_gain":0,"max_hp_loss":0,"event_name":"SensoryStone","floor":38,"gold_loss":0},{"cards_removed":["Glass Knife"],"damage_healed":0,"gold_gain":0,"player_choice":"Removed Attack","damage_taken":0,"max_hp_gain":0,"max_hp_loss":0,"event_name":"Falling","floor":45,"gold_loss":0}],"is_beta":false,"boss_relics":[{"not_picked":["White Beast Statue","Sozu"],"picked":"Astrolabe"},{"not_picked":["WristBlade","Tiny House"],"picked":"Black Star"}],"items_purged_floors":[2,36],"is_endless":false,"potions_floor_spawned":[3,7,11,14,16,18,23,28,33,48],"killed_by":"Donu and Deca","ascension_level":0}