{"gold_per_floor":[18,18,32,32,45,45,70,89,135,135,167,183,207,222,222,222],"floor_reached":16,"playtime":618,"items_purged":[],"score":151,"play_id":"1f7df217-c5ef-4c3a-a824-1047b52db510","local_time":"20190512232928","is_ascension_mode":true,"campfire_choices":[{"data":"Zap","floor":6,"key":"SMITH"},{"data":"Dualcast","floor":10,"key":"SMITH"},{"data":"Streamline","floor":15,"key":"SMITH"}],"neow_cost":"NO_GOLD","seed_source_timestamp":2860174930462080,"circlet_count":0,"master_deck":["Strike_B","Strike_B","Strike_B","Strike_B","Defend_B","Defend_B","Defend_B","Defend_B","Zap+1","Dualcast+1","Coolheaded","Beam Cell","Go for the Eyes","Streamline+1","Conserve Battery"],"relics":["Cracked Core","Unceasing Top","Mercury Hourglass","Art of War","Smiling Mask","Regal Pillow","Lantern"],"potions_floor_usage":[11],"damage_taken":[{"damage":0,"enemies":"Small Slimes","floor":1,"turns":2},{"damage":2,"enemies":"Jaw Worm","floor":3,"turns":4},{"damage":0,"enemies":"Cultist","floor":5,"turns":3},{"damage":26,"enemies":"Lagavulin","floor":7,"turns":7},{"damage":0,"enemies":"Exordium Thugs","floor":8,"turns":4},{"damage":12,"enemies":"Gremlin Nob","floor":11,"turns":3},{"damage":2,"enemies":"Red Slaver","floor":12,"turns":3},{"damage":0,"enemies":"Looter","floor":14,"turns":1},{"damage":33,"enemies":"The Guardian","floor":16,"turns":7}],"seed_played":"-2711443977256041192","potions_obtained":[{"floor":3,"key":"EssenceOfSteel"},{"floor":5,"key":"Energy Potion"},{"floor":8,"key":"Strength Potion"},{"floor":11,"key":"Weak Potion"},{"floor":14,"key":"SteroidPotion"}],"is_trial":false,"path_per_floor":["M","?","M","T","M","R","E","M","T","R","E","M","T","M","R","B"],"character_chosen":"DEFECT","items_purchased":[],"campfire_rested":0,"item_purchase_floors":[],"current_hp_per_floor":[68,73,71,71,71,71,45,45,45,45,33,31,31,31,31,0],"gold":222,"neow_bonus":"ONE_RARE_RELIC","is_prod":false,"is_daily":false,"chose_seed":false,"campfire_upgraded":3,"win_rate":0,"timestamp":1557728968,"path_taken":["M","?","M","?","?","R","E","M","T","R","E","M","?","M","R","BOSS"],"build_version":"2019-01-23","purchased_purges":0,"victory":false,"max_hp_per_floor":[75,80,80,80,80,80,80,80,80,80,80,80,80,80,80,80],"card_choices":[{"not_picked":["Rebound","Stack"],"picked":"Coolheaded","floor":1},{"not_picked":["Compile Driver","Turbo","Genetic Algorithm"],"picked":"SKIP","floor":3},{"not_picked":["Doom and Gloom","Steam","Consume"],"picked":"SKIP","floor":5},{"not_picked":["Hello World","Tempest"],"picked":"Beam Cell","floor":7},{"not_picked":["Aggregate","Glacier"],"picked":"Go for the Eyes","floor":8},{"not_picked":["Sweeping Beam","Conserve Battery"],"picked":"Streamline","floor":11},{"not_picked":["Turbo","Compile Driver","Ball Lightning"],"picked":"SKIP","floor":12},{"not_picked":["Coolheaded","Lockon"],"picked":"Conserve Battery","floor":14}],"player_experience":490291,"relics_obtained":[{"floor":4,"key":"Mercury Hourglass"},{"floor":7,"key":"Art of War"},{"floor":9,"key":"Smiling Mask"},{"floor":11,"key":"Regal Pillow"},{"floor":13,"key":"Lantern"}],"event_choices":[{"damage_healed":0,"gold_gain":0,"player_choice":"Donut","damage_taken":0,"max_hp_gain":5,"max_hp_loss":0,"event_name":"Big Fish","floor":2,"gold_loss":0}],"is_beta":false,"boss_relics":[],"items_purged_floors":[],"is_endless":false,"potions_floor_spawned":[3,5,8,11,14],"killed_by":"The Guardian","ascension_level":7}