{"gold_per_floor":[119,132,132,132,132,144,170,216,228,255,267,298,310,340,352,460,472,500,527,553,565,588,600,626,657,692,704,225,241,257,272,272,370,370,382,396,396,396,411,411,429,147,147,159,170,170,170,182,182,182],"floor_reached":51,"playtime":2034,"items_purged":["Doubt","Defend_R"],"score":709,"play_id":"29479864-ff1a-4738-a58a-ac6d679b1f22","local_time":"20190523222330","is_ascension_mode":false,"campfire_choices":[{"data":"Bash","floor":6.0,"key":"SMITH"},{"data":"Limit Break","floor":11.0,"key":"SMITH"},{"data":"Spot Weakness","floor":13.0,"key":"SMITH"},{"data":"Uppercut","floor":15.0,"key":"SMITH"},{"floor":23.0,"key":"REST"},{"data":"Limit Break","floor":27.0,"key":"SMITH"},{"floor":32.0,"key":"REST"},{"data":"Battle Trance","floor":40.0,"key":"SMITH"},{"data":"Pummel","floor":46.0,"key":"SMITH"},{"data":"Offering","floor":49,"key":"SMITH"}],"neow_cost":"NONE","seed_source_timestamp":637856090959680,"circlet_count":0,"master_deck":["Strike_R","Strike_R","Defend_R","Defend_R","Bash+1","Limit Break+1","Battle Trance+1","Uppercut+1","Spot Weakness+1","Inflame","Limit Break+1","Metallicize","Flame Barrier","Shockwave+1","Shrug It Off","Offering+1","Offering+1","Sword Boomerang+1","Juggernaut+1","Dropkick","Shrug It Off+1","Pummel+1","Burning Pact+1","Ghostly Armor+1","Parasite","True Grit+1"],"special_seed":0,"relics":["Burning Blood","FossilizedHelix","MawBank","Darkstone Periapt","The Courier","Cursed Key","Happy Flower","Question Card","Prayer Wheel","Astrolabe","Dodecahedron","Mercury Hourglass"],"potions_floor_usage":[50,50,50],"damage_taken":[{"damage":6.0,"enemies":"Cultist","floor":1.0,"turns":3.0},{"damage":6.0,"enemies":"Jaw Worm","floor":2.0,"turns":3.0},{"damage":0.0,"enemies":"2 Louse","floor":7.0,"turns":4.0},{"damage":18.0,"enemies":"Lagavulin","floor":8.0,"turns":6.0},{"damage":0.0,"enemies":"Large Slime","floor":10.0,"turns":5.0},{"damage":5.0,"enemies":"Blue Slaver","floor":12.0,"turns":3.0},{"damage":7.0,"enemies":"Exordium Wildlife","floor":14.0,"turns":4.0},{"damage":44.0,"enemies":"Hexaghost","floor":16.0,"turns":6.0},{"damage":13.0,"enemies":"3 Byrds","floor":18.0,"turns":5.0},{"damage":6.0,"enemies":"Shell Parasite","floor":19.0,"turns":3.0},{"damage":15.0,"enemies":"Cultist and Chosen","floor":20.0,"turns":4.0},{"damage":24.0,"enemies":"Snake Plant","floor":22.0,"turns":3.0},{"damage":5.0,"enemies":"Snecko","floor":24.0,"turns":5.0},{"damage":0.0,"enemies":"Cultist and Chosen","floor":25.0,"turns":4.0},{"damage":14.0,"enemies":"Sentry and Sphere","floor":29.0,"turns":4.0},{"damage":19.0,"enemies":"Snake Plant","floor":30.0,"turns":4.0},{"damage":15.0,"enemies":"3 Cultists","floor":31.0,"turns":5.0},{"damage":39.0,"enemies":"Automaton","floor":33.0,"turns":7.0},{"damage":22.0,"enemies":"3 Shapes","floor":35.0,"turns":7.0},{"damage":12.0,"enemies":"3 Darklings","floor":36.0,"turns":5.0},{"damage":0.0,"enemies":"Jaw Worm Horde","floor":39.0,"turns":3.0},{"damage":4.0,"enemies":"Spire Growth","floor":41.0,"turns":3.0},{"damage":16.0,"enemies":"Sphere and 2 Shapes","floor":44.0,"turns":2.0},{"damage":6.0,"enemies":"Maw","floor":45.0,"turns":6.0},{"damage":4,"enemies":"Jaw Worm Horde","floor":48,"turns":4},{"damage":30,"enemies":"Awakened One","floor":50,"turns":6}],"seed_played":"668477859488929600","potions_obtained":[{"floor":0.0,"key":"Energy Potion"},{"floor":0.0,"key":"Dexterity Potion"},{"floor":0.0,"key":"SmokeBomb"},{"floor":8.0,"key":"AttackPotion"},{"floor":10.0,"key":"SteroidPotion"},{"floor":19.0,"key":"EssenceOfSteel"},{"floor":24.0,"key":"Strength Potion"},{"floor":25.0,"key":"Energy Potion"},{"floor":35.0,"key":"Regen Potion"},{"floor":39.0,"key":"Dexterity Potion"},{"floor":44.0,"key":"Regen Potion"}],"is_trial":false,"path_per_floor":["M","M","$","T","?","R","M","E","T","M","R","M","R","M","R","B",null,"M","M","M","?","M","R","M","M","T","R","$","M","M","M","R","B",null,"M","M","?","?","M","R","M","$","T","M","M","R","T","M","R","B",null],"character_chosen":"IRONCLAD","items_purchased":["Question Card","Prayer Wheel","Dodecahedron"],"campfire_rested":2,"item_purchase_floors":[28,28,42],"current_hp_per_floor":[80,80,80,80,80,80,80,68,68,74,74,75,75,74,74,36,80,73,73,64,49,31,56,57,63,69,69,69,61,48,39,66,33,91,75,69,69,69,75,75,77,77,83,73,73,73,73,75,75,91],"gold":182,"neow_bonus":"THREE_SMALL_POTIONS","is_prod":false,"is_daily":false,"chose_seed":false,"campfire_upgraded":8,"win_rate":0,"timestamp":1558621410,"path_taken":["M","M","?","?","?","R","?","E","T","M","R","M","R","M","R","BOSS","M","?","M","?","M","R","M","M","T","R","$","M","M","M","R","BOSS","M","M","?","?","M","R","M","$","T","M","M","R","?","?","R","BOSS"],"build_version":"2019-01-23","purchased_purges":2,"victory":true,"max_hp_per_floor":[80,80,80,80,80,80,80,80,80,80,80,80,80,80,80,80,80,80,80,80,85,85,85,85,85,91,91,91,91,91,91,91,91,91,91,91,91,91,91,91,91,91,97,97,97,97,97,97,97,97],"card_choices":[{"not_picked":["Carnage","Searing Blow"],"picked":"Limit Break","floor":1.0},{"not_picked":["True Grit","Iron Wave","Armaments"],"picked":"SKIP","floor":2.0},{"not_picked":["Clash","Wild Strike"],"picked":"Battle Trance","floor":7.0},{"not_picked":["Corruption","Clash"],"picked":"Uppercut","floor":8.0},{"not_picked":["Twin Strike","Pummel"],"picked":"Spot Weakness","floor":10.0},{"not_picked":["Sword Boomerang","Headbutt"],"picked":"Inflame","floor":12.0},{"not_picked":["Flex","Anger","Clothesline"],"picked":"SKIP","floor":14.0},{"not_picked":["Brutality","Offering"],"picked":"Limit Break","floor":16.0},{"not_picked":["Warcry","Body Slam","Headbutt"],"picked":"SKIP","floor":18.0},{"not_picked":["Twin Strike","Flex","Havoc"],"picked":"SKIP","floor":19.0},{"not_picked":["Blood for Blood+1","Dual Wield","Cleave"],"picked":"SKIP","floor":20.0},{"not_picked":["Uppercut","Flex","Perfected Strike+1"],"picked":"SKIP","floor":22.0},{"not_picked":["Perfected Strike+1","Clash","Havoc"],"picked":"SKIP","floor":24.0},{"not_picked":["Cleave","True Grit"],"picked":"Metallicize","floor":25.0},{"not_picked":["Blood for Blood","Clothesline+1","Havoc+1"],"picked":"Flame Barrier","floor":29.0},{"not_picked":["Inflame","Clash","Barricade"],"picked":"Shockwave+1","floor":29.0},{"not_picked":["Reckless Charge","Bloodletting","Ghostly Armor"],"picked":"Shrug It Off","floor":30.0},{"not_picked":["Blood for Blood","Body Slam","Pommel Strike","Clothesline"],"picked":"SKIP","floor":30.0},{"not_picked":["Wild Strike","Cleave","Headbutt","Pommel Strike"],"picked":"SKIP","floor":31.0},{"not_picked":["Cleave","Thunderclap","Clash+1","Pommel Strike"],"picked":"SKIP","floor":31.0},{"not_picked":["Fiend Fire","Immolate","Limit Break"],"picked":"Offering","floor":33.0},{"not_picked":["Thunderclap","Bloodletting","Armaments"],"picked":"Dropkick","floor":35.0},{"not_picked":["Cleave+1","Flex+1","Rage"],"picked":"Shrug It Off+1","floor":35.0},{"not_picked":["Body Slam","Searing Blow","Twin Strike+1","Armaments"],"picked":"SKIP","floor":36.0},{"not_picked":["Evolve","Body Slam+1","Fiend Fire","Perfected Strike"],"picked":"SKIP","floor":36.0},{"not_picked":["Cleave","Wild Strike","Headbutt"],"picked":"Pummel","floor":39.0},{"not_picked":["Uppercut","Cleave","Shrug It Off"],"picked":"Burning Pact+1","floor":39.0},{"not_picked":["Havoc","Warcry","Body Slam"],"picked":"Ghostly Armor+1","floor":41.0},{"not_picked":["Infernal Blade+1","Clash","Warcry","Heavy Blade"],"picked":"SKIP","floor":41.0},{"not_picked":["Sever Soul","Anger","Combust"],"picked":"True Grit+1","floor":44.0},{"not_picked":["Rampage+1","Spot Weakness","Demon Form","Cleave"],"picked":"SKIP","floor":44.0},{"not_picked":["Cleave","Pommel Strike+1","Rage","Sword Boomerang"],"picked":"SKIP","floor":45.0},{"not_picked":["Wild Strike","True Grit","Metallicize","Heavy Blade"],"picked":"SKIP","floor":45.0},{"not_picked":["Armaments","Rampage","Clash","Shrug It Off+1"],"picked":"SKIP","floor":48},{"not_picked":["Anger+1","Immolate","Armaments","Power Through+1"],"picked":"SKIP","floor":48}],"player_experience":583639,"relics_obtained":[{"floor":4.0,"key":"FossilizedHelix"},{"floor":8.0,"key":"Darkstone Periapt"},{"floor":9.0,"key":"The Courier"},{"floor":26.0,"key":"Happy Flower"},{"floor":43.0,"key":"Mercury Hourglass"}],"event_choices":[{"damage_healed":0.0,"max_hp_gain":0.0,"max_hp_loss":0.0,"gold_gain":0.0,"event_name":"WeMeetAgain","player_choice":"Gave Potion","floor":5.0,"gold_loss":0.0,"damage_taken":0.0,"relics_obtained":["MawBank"]},{"damage_healed":0.0,"max_hp_gain":5.0,"max_hp_loss":0.0,"gold_gain":0.0,"event_name":"Forgotten Altar","player_choice":"Shed Blood","floor":21.0,"gold_loss":0.0,"damage_taken":20.0},{"damage_healed":0.0,"max_hp_gain":0.0,"max_hp_loss":0.0,"gold_gain":0.0,"event_name":"Tomb of Lord Red Mask","player_choice":"Ignored","floor":37.0,"gold_loss":0.0,"damage_taken":0.0},{"cards_removed":["Strike_R"],"damage_healed":0.0,"max_hp_gain":0.0,"max_hp_loss":0.0,"gold_gain":0.0,"event_name":"Falling","player_choice":"Removed Attack","floor":38.0,"gold_loss":0.0,"damage_taken":0.0}],"is_beta":false,"boss_relics":[{"not_picked":["Snecko Eye","Philosopher\u0027s Stone"],"picked":"Cursed Key"},{"not_picked":["Lizard Tail","Mark of Pain"],"picked":"Astrolabe"}],"items_purged_floors":[28,42],"is_endless":false,"potions_floor_spawned":[8,10,14,19,24,25,29,30,35,39,44,48],"ascension_level":0}