{"gold_per_floor":[109,109,34,34,54,85,85,125,125,161,161,181,195,195,195,195],"floor_reached":16,"playtime":546,"items_purged":["Defend_G"],"score":215,"play_id":"9208c8b4-4b9f-49f2-bb43-d517d75df97d","local_time":"20190323155005","is_ascension_mode":true,"campfire_choices":[{"data":"Neutralize","floor":7.0,"key":"SMITH"},{"floor":11.0,"key":"REST"},{"data":"Cloak And Dagger","floor":15.0,"key":"SMITH"}],"neow_cost":"NONE","seed_source_timestamp":199857697657183,"circlet_count":0,"master_deck":["AscendersBane","Defend_G","Defend_G","Defend_G","Defend_G","Strike_G","Strike_G","Strike_G","Strike_G","Survivor","Neutralize+1","Footwork","Heel Hook","Venomology","Cloak And Dagger+1"],"special_seed":0,"relics":["Ring of the Snake","NeowsBlessing","Golden Idol","Bottled Lightning","Omamori","Pen Nib","Art of War"],"potions_floor_usage":[],"damage_taken":[{"damage":0.0,"enemies":"Jaw Worm","floor":1.0,"turns":1.0},{"damage":0.0,"enemies":"2 Louse","floor":5.0,"turns":2.0},{"damage":0.0,"enemies":"3 Sentries","floor":6.0,"turns":1.0},{"damage":27.0,"enemies":"Gremlin Nob","floor":8.0,"turns":6.0},{"damage":25.0,"enemies":"3 Sentries","floor":10.0,"turns":11.0},{"damage":1.0,"enemies":"Cultist","floor":12.0,"turns":4.0},{"damage":0.0,"enemies":"2 Fungi Beasts","floor":13.0,"turns":2.0},{"damage":0,"enemies":"The Guardian","floor":16,"turns":2}],"seed_played":"6702240524073562902","potions_obtained":[{"floor":1.0,"key":"Fire Potion"},{"floor":12.0,"key":"Energy Potion"}],"is_trial":false,"path_per_floor":["M","?","$","?","M","E","R","E","T","E","R","M","M","?","R","B"],"character_chosen":"THE_SILENT","items_purchased":[],"campfire_rested":1,"item_purchase_floors":[],"current_hp_per_floor":[63,63,63,63,63,63,63,36,36,11,30,29,29,29,29,29],"gold":195,"neow_bonus":"THREE_ENEMY_KILL","is_prod":false,"is_daily":false,"chose_seed":false,"campfire_upgraded":2,"win_rate":0,"timestamp":1553381405,"path_taken":["M","?","$","?","M","E","R","E","T","E","R","M","?","?","R","BOSS"],"build_version":"2019-01-23","purchased_purges":1,"victory":false,"max_hp_per_floor":[70,65,65,65,65,65,65,65,65,65,65,65,65,65,65,65],"card_choices":[{"not_picked":["Accuracy","Setup"],"picked":"Footwork","floor":1.0},{"not_picked":["Deadly Poison","Crippling Poison","PiercingWail"],"picked":"SKIP","floor":5.0},{"not_picked":["Flechettes","Deflect"],"picked":"Heel Hook","floor":6.0},{"not_picked":["Eviscerate","Die Die Die"],"picked":"Venomology","floor":8.0},{"not_picked":["Predator","Poisoned Stab","Underhanded Strike"],"picked":"SKIP","floor":10.0},{"not_picked":["Backflip","Caltrops","Outmaneuver"],"picked":"SKIP","floor":12.0},{"not_picked":["Crippling Poison","Dagger Throw"],"picked":"Cloak And Dagger","floor":13.0}],"player_experience":447158,"relics_obtained":[{"floor":6.0,"key":"Bottled Lightning"},{"floor":8.0,"key":"Omamori"},{"floor":9.0,"key":"Pen Nib"},{"floor":10.0,"key":"Art of War"}],"event_choices":[{"damage_healed":0.0,"max_hp_gain":0.0,"max_hp_loss":5.0,"gold_gain":0.0,"event_name":"Golden Idol","player_choice":"Lose Max HP","floor":2.0,"gold_loss":0.0,"damage_taken":0.0,"relics_obtained":["Golden Idol"]},{"cards_removed":["Strike_G"],"damage_healed":0.0,"max_hp_gain":0.0,"max_hp_loss":0.0,"gold_gain":0.0,"event_name":"Bonfire Elementals","player_choice":"Offered Basic","floor":4.0,"gold_loss":0.0,"damage_taken":0.0},{"damage_healed":0.0,"max_hp_gain":0.0,"max_hp_loss":0.0,"gold_gain":0.0,"event_name":"Liars Game","player_choice":"Ignored","floor":14.0,"gold_loss":0.0,"damage_taken":0.0}],"is_beta":false,"boss_relics":[],"items_purged_floors":[3],"is_endless":false,"potions_floor_spawned":[1,12],"killed_by":"The Guardian","ascension_level":10}