{"gold_per_floor":[144,144,189,234,279,369,414,459,459,504,549,594,9,9,9,309,459,504,99,144,189,464,464,43,133,133,178,178,203,203,293,293,593,593,638,638,638,683,683,728,818,818,893,893,31,76,139,184,184,184],"floor_reached":51,"playtime":6918,"items_purged":["Defend_G","Defend_G","Writhe"],"score":896,"play_id":"773a81ed-1784-4b61-bedd-7eb448ebfc73","local_time":"20181104163647","daily_mods":["Specialized","Vintage","Midas"],"is_ascension_mode":false,"campfire_choices":[{"floor":15,"key":"REST"},{"floor":23,"key":"REST"},{"floor":32,"key":"REST"},{"floor":42,"key":"REST"},{"floor":49,"key":"REST"}],"neow_cost":"","seed_source_timestamp":0,"circlet_count":0,"master_deck":["Defend_G+1","Strike_G+1","Strike_G+1","Strike_G+1","Strike_G+1","Strike_G+1","Survivor+1","Neutralize+1","Cloak And Dagger+1","Cloak And Dagger+1","Cloak And Dagger+1","Cloak And Dagger+1","Cloak And Dagger+1","Doppelganger+1","Caltrops+1","Sadistic Nature+1","Unload+1","Phantasmal Killer+1","Well Laid Plans+1","Well Laid Plans+1","Concentrate+1","Reflex+1","Flash of Steel+1","Footwork+1","Prepared+1","Underhanded Strike+1","Envenom+1","Parasite","All Out Attack+1","Catalyst+1","A Thousand Cuts+1","Backflip","Thinking Ahead","Underhanded Strike+1","After Image","Secret Technique","Outmaneuver","Outmaneuver"],"special_seed":17839,"relics":["Ring of the Snake","Vajra","Pocketwatch","Happy Flower","Question Card","Paper Crane","Prayer Wheel","Tingsha","Bottled Lightning","Regal Pillow","Darkstone Periapt","Sundial","Ornamental Fan","Tiny House","Smiling Mask","Juzu Bracelet","Bag of Preparation","Thread and Needle","Art of War","Oddly Smooth Stone","Dodecahedron","Orichalcum","Bronze Scales","War Paint","Busted Crown","Blue Candle","Mark of the Bloom","Shuriken","Kunai","The Specimen","Matryoshka","Bottled Flame","Whetstone","Tough Bandages","Bottled Tornado"],"potions_floor_usage":[6,11,16,25,25,31,33,41,47,47,47,47,50,50,50,50,50,50],"damage_taken":[{"damage":1,"enemies":"Jaw Worm","floor":1,"turns":4},{"damage":0,"enemies":"Cultist","floor":3,"turns":3},{"damage":0,"enemies":"Small Slimes","floor":4,"turns":4},{"damage":11,"enemies":"Exordium Thugs","floor":5,"turns":6},{"damage":13,"enemies":"Gremlin Nob","floor":6,"turns":5},{"damage":0,"enemies":"Blue Slaver","floor":7,"turns":4},{"damage":0,"enemies":"2 Fungi Beasts","floor":8,"turns":3},{"damage":1,"enemies":"Exordium Wildlife","floor":10,"turns":6},{"damage":0,"enemies":"Large Slime","floor":11,"turns":5},{"damage":0,"enemies":"3 Louse","floor":12,"turns":2},{"damage":11,"enemies":"Slime Boss","floor":16,"turns":9},{"damage":2,"enemies":"3 Byrds","floor":18,"turns":5},{"damage":3,"enemies":"2 Thieves","floor":20,"turns":4},{"damage":15,"enemies":"Snecko","floor":21,"turns":5},{"damage":16,"enemies":"Slavers","floor":25,"turns":5},{"damage":5,"enemies":"Centurion and Healer","floor":27,"turns":6},{"damage":12,"enemies":"Gremlin Leader","floor":31,"turns":5},{"damage":33,"enemies":"Champ","floor":33,"turns":12},{"damage":0,"enemies":"Orb Walker","floor":35,"turns":3},{"damage":0,"enemies":"3 Shapes","floor":38,"turns":2},{"damage":2,"enemies":"Sphere and 2 Shapes","floor":40,"turns":3},{"damage":10,"enemies":"Reptomancer","floor":41,"turns":4},{"damage":0,"enemies":"Writhing Mass","floor":46,"turns":5},{"damage":9,"enemies":"2 Orb Walkers","floor":47,"turns":4},{"damage":0,"enemies":"4 Shapes","floor":48,"turns":2},{"damage":0,"enemies":"Awakened One","floor":50,"turns":6}],"seed_played":"-2369398875627800595","potions_obtained":[{"floor":1,"key":"Regen Potion"},{"floor":7,"key":"GamblersBrew"},{"floor":8,"key":"GhostInAJar"},{"floor":10,"key":"Block Potion"},{"floor":17,"key":"SteroidPotion"},{"floor":20,"key":"Explosive Potion"},{"floor":27,"key":"Dexterity Potion"},{"floor":33,"key":"EssenceOfSteel"},{"floor":40,"key":"AttackPotion"},{"floor":47,"key":"EntropicBrew"},{"floor":48,"key":"Weak Potion"}],"is_trial":false,"path_per_floor":["M","?","M","M","M","E","M","M","T","M","M","M","$","$","R","B",null,"M","$","M","M","?","R","$","E","T","M","?","T","?","E","R","B",null,"M","?","?","M","?","M","E","R","T","?","$","M","?","M","R","B",null],"character_chosen":"THE_SILENT","items_purchased":["Ornamental Fan","Caltrops","Sadistic Nature","Unload","Well Laid Plans","Concentrate","Reflex","Juzu Bracelet","Art of War","Flash of Steel","Footwork","Prepared","Bottled Flame","Underhanded Strike","After Image","SkillPotion","EntropicBrew","Secret Technique","Outmaneuver"],"campfire_rested":5,"item_purchase_floors":[13,13,13,13,19,19,19,19,24,24,24,24,45,45,45,45,45,45,45],"current_hp_per_floor":[69,69,69,69,58,54,54,54,54,53,53,53,53,53,70,59,75,73,73,70,55,61,81,81,65,65,60,66,66,66,54,87,54,87,87,87,87,87,87,85,75,75,75,75,75,75,66,66,66,66],"gold":184,"neow_bonus":"","is_prod":false,"is_daily":true,"chose_seed":false,"campfire_upgraded":0,"win_rate":0,"timestamp":1541378207,"path_taken":["M","?","M","M","M","E","M","?","T","M","?","M","?","$","R","BOSS","M","?","M","M","?","R","$","E","T","M","?","?","?","E","R","BOSS","M","?","?","M","?","M","E","R","T","?","$","M","?","M","R","BOSS"],"build_version":"2018-11-01","purchased_purges":3,"victory":true,"max_hp_per_floor":[70,70,70,70,70,70,70,70,70,70,70,70,70,70,70,70,75,75,75,75,75,81,81,81,81,81,81,87,87,87,87,87,87,87,87,87,87,87,93,93,93,93,93,93,93,93,93,93,93,93],"card_choices":[{"not_picked":["Poisoned Stab","Die Die Die","Dagger Spray"],"picked":"Doppelganger","floor":6},{"not_picked":["Glass Knife","Malaise","Die Die Die"],"picked":"Phantasmal Killer","floor":16},{"not_picked":["Flying Knee","Slice","Blade Dance"],"picked":"Well Laid Plans","floor":17},{"not_picked":["Backflip","Dagger Throw","Reflex"],"picked":"Underhanded Strike","floor":25},{"not_picked":["Masterful Stab+1","Finisher","Deflect"],"picked":"Catalyst","floor":31},{"not_picked":["Burst","Grand Finale","Venomology"],"picked":"A Thousand Cuts","floor":33},{"not_picked":["Quick Slash+1"],"picked":"Backflip","floor":41},{"not_picked":["Enlightenment"],"picked":"Thinking Ahead","floor":44},{"not_picked":["Crippling Poison"],"picked":"Outmaneuver","floor":47}],"player_experience":198984,"relics_obtained":[{"floor":1,"key":"Vajra"},{"floor":3,"key":"Pocketwatch"},{"floor":4,"key":"Happy Flower"},{"floor":5,"key":"Question Card"},{"floor":6,"key":"Paper Crane"},{"floor":7,"key":"Prayer Wheel"},{"floor":8,"key":"Tingsha"},{"floor":9,"key":"Bottled Lightning"},{"floor":10,"key":"Regal Pillow"},{"floor":11,"key":"Darkstone Periapt"},{"floor":12,"key":"Sundial"},{"floor":18,"key":"Smiling Mask"},{"floor":20,"key":"Bag of Preparation"},{"floor":21,"key":"Thread and Needle"},{"floor":25,"key":"Oddly Smooth Stone"},{"floor":26,"key":"Dodecahedron"},{"floor":27,"key":"Orichalcum"},{"floor":29,"key":"Bronze Scales"},{"floor":31,"key":"War Paint"},{"floor":35,"key":"Blue Candle"},{"floor":38,"key":"Shuriken"},{"floor":40,"key":"Kunai"},{"floor":41,"key":"The Specimen"},{"floor":43,"key":"Matryoshka"},{"floor":46,"key":"Whetstone"},{"floor":47,"key":"Tough Bandages"},{"floor":48,"key":"Bottled Tornado"}],"event_choices":[{"cards_removed":["Defend_G"],"damage_healed":0,"gold_gain":0,"player_choice":"Offered Basic","damage_taken":0,"max_hp_gain":0,"max_hp_loss":0,"event_name":"Bonfire Elementals","floor":2,"gold_loss":0},{"damage_healed":0,"gold_gain":275,"player_choice":"Desecrate","damage_taken":0,"max_hp_gain":0,"max_hp_loss":0,"event_name":"Golden Shrine","floor":22,"gold_loss":0,"cards_obtained":["Regret"]},{"damage_healed":0,"gold_gain":0,"cards_transformed":["Defend_G","Regret"],"player_choice":"Became Test Subject","damage_taken":0,"max_hp_gain":0,"max_hp_loss":0,"event_name":"Drug Dealer","floor":28,"gold_loss":0,"cards_obtained":["Envenom","Parasite"]},{"damage_healed":0,"gold_gain":0,"player_choice":"Read","damage_taken":0,"max_hp_gain":0,"max_hp_loss":0,"event_name":"The Library","floor":30,"gold_loss":0,"cards_obtained":["All Out Attack"]},{"damage_healed":0,"gold_gain":0,"player_choice":"Upgrade","damage_taken":0,"relics_obtained":["Mark of the Bloom"],"max_hp_gain":0,"max_hp_loss":0,"event_name":"MindBloom","floor":36,"gold_loss":0,"cards_upgraded":["Strike_G","Strike_G","Strike_G","Strike_G","Strike_G","Survivor","Neutralize","Cloak And Dagger","Cloak And Dagger","Cloak And Dagger","Doppelganger","Caltrops","Sadistic Nature","Unload","Phantasmal Killer","Well Laid Plans","Well Laid Plans","Concentrate","Reflex","Flash of Steel","Footwork","Prepared","Underhanded Strike","Envenom","All Out Attack","Catalyst","A Thousand Cuts"]},{"damage_healed":0,"gold_gain":0,"player_choice":"Ignored","damage_taken":0,"max_hp_gain":0,"max_hp_loss":0,"event_name":"Tomb of Lord Red Mask","floor":37,"gold_loss":0},{"damage_healed":22,"gold_gain":0,"player_choice":"Writhe","damage_taken":0,"max_hp_gain":0,"max_hp_loss":0,"event_name":"Winding Halls","floor":39,"gold_loss":0,"cards_obtained":["Writhe"]},{"damage_healed":0,"gold_gain":0,"player_choice":"Memory 1","damage_taken":0,"max_hp_gain":0,"max_hp_loss":0,"event_name":"SensoryStone","floor":44,"gold_loss":0},{"damage_healed":0,"gold_gain":0,"player_choice":"Fight","damage_taken":0,"max_hp_gain":0,"max_hp_loss":0,"event_name":"Mysterious Sphere","floor":47,"gold_loss":0}],"is_beta":false,"boss_relics":[{"not_picked":["Lizard Tail","Velvet Choker"],"picked":"Tiny House"},{"not_picked":["White Beast Statue","Philosopher\u0027s Stone"],"picked":"Busted Crown"}],"items_purged_floors":[19,24,45],"is_endless":false,"potions_floor_spawned":[1,7,8,10,20,27,33,40,47,48],"ascension_level":0}