{"gold_per_floor":[114,114,114,132,132,161,161,193,247,16,46,66,91,166,166,267,267,283,283,358,89,107,135,159,182,221,265,84,9,9,42,42,147,147,167,167,1166,1180,630,658,658,668,695,695,351,378,431,441,441,441,441,441,148,179,179],"floor_reached":56,"playtime":2894,"items_purged":["Strike_B","Dualcast","Whirlwind+1","Auto Shields"],"score":1541,"play_id":"1f433cf8-99fd-46c1-a7e2-e28c8223f27a","local_time":"20190519221158","is_ascension_mode":true,"campfire_choices":[{"data":"Zap","floor":7.0,"key":"SMITH"},{"data":"Whirlwind","floor":15.0,"key":"SMITH"},{"data":"Beam Cell","floor":32.0,"key":"SMITH"},{"floor":41.0,"key":"REST"},{"floor":49.0,"key":"RECALL"},{"data":"Acrobatics","floor":52.0,"key":"SMITH"}],"neow_cost":"NONE","seed_source_timestamp":6662112009000,"circlet_count":0,"master_deck":["Defend_B","Defend_B","Defend_B","Defend_B","Zap+1","Barrage+1","Gash","Self Repair","Gash","White Noise","Beam Cell+1","Burst","Turbo","Gash","Dark Shackles+1","Spot Weakness+1","Night Terror","Metamorphosis","Acrobatics+1","Tactician+1","Hologram+1","Purity","Flame Barrier+1","Madness+1","Jack Of All Trades+1"],"special_seed":0,"relics":["Cracked Core","NeowsBlessing","Vajra","Pantograph","Bag of Marbles","PrismaticShard","Blue Candle","Ornamental Fan","Sozu","Blood Vial","MawBank","Bag of Preparation","DataDisk","Frozen Eye","Enchiridion","Omamori","Nuclear Battery","Cables","Runic Capacitor","Smiling Mask","TheAbacus","Lantern","Unceasing Top","Bottled Lightning","Kunai"],"potions_floor_usage":[],"damage_taken":[{"damage":0.0,"enemies":"Jaw Worm","floor":1.0,"turns":1.0},{"damage":0.0,"enemies":"2 Louse","floor":4.0,"turns":1.0},{"damage":0.0,"enemies":"Gremlin Nob","floor":6.0,"turns":1.0},{"damage":21.0,"enemies":"3 Sentries","floor":8.0,"turns":7.0},{"damage":15.0,"enemies":"Lagavulin","floor":11.0,"turns":5.0},{"damage":0.0,"enemies":"Cultist","floor":12.0,"turns":2.0},{"damage":16.0,"enemies":"3 Sentries","floor":13.0,"turns":7.0},{"damage":0.0,"enemies":"The Guardian","floor":16.0,"turns":9.0},{"damage":17.0,"enemies":"2 Thieves","floor":18.0,"turns":4.0},{"damage":2.0,"enemies":"Spheric Guardian","floor":22.0,"turns":4.0},{"damage":35.0,"enemies":"Slavers","floor":23.0,"turns":4.0},{"damage":2.0,"enemies":"3 Cultists","floor":24.0,"turns":4.0},{"damage":10.0,"enemies":"Centurion and Healer","floor":25.0,"turns":6.0},{"damage":0.0,"enemies":"Gremlin Leader","floor":27.0,"turns":5.0},{"damage":14.0,"enemies":"Book of Stabbing","floor":31.0,"turns":4.0},{"damage":3.0,"enemies":"Champ","floor":33.0,"turns":7.0},{"damage":13.0,"enemies":"3 Shapes","floor":35.0,"turns":7.0},{"damage":10.0,"enemies":"Orb Walker","floor":38.0,"turns":2.0},{"damage":36.0,"enemies":"Reptomancer","floor":40.0,"turns":4.0},{"damage":13.0,"enemies":"Writhing Mass","floor":42.0,"turns":5.0},{"damage":4.0,"enemies":"Nemesis","floor":46.0,"turns":3.0},{"damage":36.0,"enemies":"2 Orb Walkers","floor":47.0,"turns":5.0},{"damage":32.0,"enemies":"Sphere and 2 Shapes","floor":48.0,"turns":4.0},{"damage":63.0,"enemies":"Awakened One","floor":50.0,"turns":7.0},{"damage":6.0,"enemies":"Shield and Spear","floor":54.0,"turns":4.0},{"damage":14,"enemies":"The Heart","floor":55,"turns":5}],"seed_played":"6889856936689220419","potions_obtained":[{"floor":1.0,"key":"Block Potion"},{"floor":8.0,"key":"PowerPotion"}],"is_trial":false,"path_per_floor":["M","?","?","M","?","E","R","E","T","$","E","M","E","?","R","B",null,"M","?","?","$","M","E","M","M","T","E","$","?","?","E","R","B",null,"M","?","?","M","$","E","R","M","T","?","$","E","?","M","R","B",null,"R","$","E","B",null],"character_chosen":"DEFECT","items_purchased":["PrismaticShard","Gash","Blood Vial","Gash","Frozen Eye","Cables","Runic Capacitor","TheAbacus","Purity","Bottled Lightning"],"campfire_rested":1,"item_purchase_floors":[10,10,21,21,28,39,39,45,45,53],"current_hp_per_floor":[75,75,75,75,75,75,75,61,61,61,53,60,51,40,40,65,75,65,51,43,43,50,24,31,37,37,46,46,46,30,25,25,56,80,74,74,74,73,73,39,63,66,66,66,66,64,37,56,56,13,76,76,76,76,69],"gold":179,"neow_bonus":"THREE_ENEMY_KILL","is_prod":false,"is_daily":false,"chose_seed":false,"campfire_upgraded":4,"win_rate":0,"timestamp":1558275118,"path_taken":["M","?","?","?","?","E","R","E","T","$","E","?","E","?","R","BOSS","M","?","?","$","M","E","?","M","T","E","$","?","?","E","R","BOSS","M","?","?","M","$","E","R","M","T","?","$","E","?","M","R","BOSS","R","$","E","BOSS"],"build_version":"2019-01-23","purchased_purges":4,"victory":true,"max_hp_per_floor":[75,75,75,75,75,75,75,75,75,75,75,75,75,75,75,75,75,75,80,80,80,80,80,80,80,80,80,80,80,80,80,80,80,80,80,80,80,80,80,80,80,80,80,76,76,76,76,76,76,76,76,76,76,76,76],"card_choices":[{"not_picked":["Go for the Eyes","Redo"],"picked":"Barrage","floor":1.0},{"not_picked":["Auto Shields","Redo"],"picked":"Self Repair","floor":4.0},{"not_picked":["Hello World","Streamline"],"picked":"Gash","floor":6.0},{"not_picked":["Force Field","Conserve Battery"],"picked":"Auto Shields","floor":8.0},{"not_picked":["Stack","Entrench"],"picked":"White Noise","floor":11.0},{"not_picked":["Steam","Deflect"],"picked":"Beam Cell","floor":12.0},{"not_picked":["Secret Technique","Mayhem"],"picked":"Whirlwind","floor":13.0},{"not_picked":["Die Die Die","Impervious"],"picked":"Burst","floor":16.0},{"not_picked":["Beam Cell+1","Sweeping Beam"],"picked":"Turbo","floor":18.0},{"not_picked":["Flame Barrier","Wild Strike","Deadly Poison"],"picked":"SKIP","floor":22.0},{"not_picked":["Impervious","Dagger Spray"],"picked":"Dark Shackles+1","floor":23.0},{"not_picked":["Carnage","Escape Plan"],"picked":"Spot Weakness+1","floor":24.0},{"not_picked":["Catalyst","Underhanded Strike","Hello World"],"picked":"SKIP","floor":25.0},{"not_picked":["Outmaneuver+1","Blade Dance"],"picked":"Night Terror","floor":27.0},{"not_picked":["Doom and Gloom","Redo+1","Body Slam"],"picked":"SKIP","floor":31.0},{"not_picked":["The Bomb","Transmutation"],"picked":"Metamorphosis","floor":33.0},{"not_picked":["White Noise","Sweeping Beam"],"picked":"Acrobatics","floor":35.0},{"not_picked":["Cold Snap+1","Deflect","Rebound+1"],"picked":"SKIP","floor":38.0},{"not_picked":["Swift Strike","Electrodynamics"],"picked":"Tactician+1","floor":40.0},{"not_picked":["Barrage+1","Second Wind"],"picked":"Hologram+1","floor":42.0},{"not_picked":["Infernal Blade","Hemokinesis","Headbutt"],"picked":"SKIP","floor":46.0},{"not_picked":["Panache","Lockon+1"],"picked":"Flame Barrier+1","floor":47.0},{"not_picked":["Infernal Blade","Setup+1"],"picked":"Madness+1","floor":48.0},{"not_picked":["Swift Strike+1","Chill"],"picked":"Jack Of All Trades+1","floor":54.0}],"player_experience":3114953,"relics_obtained":[{"floor":6.0,"key":"Vajra"},{"floor":8.0,"key":"Pantograph"},{"floor":9.0,"key":"Bag of Marbles"},{"floor":11.0,"key":"Blue Candle"},{"floor":13.0,"key":"Ornamental Fan"},{"floor":23.0,"key":"MawBank"},{"floor":26.0,"key":"Bag of Preparation"},{"floor":27.0,"key":"DataDisk"},{"floor":30.0,"key":"Enchiridion"},{"floor":31.0,"key":"Omamori"},{"floor":40.0,"key":"Smiling Mask"},{"floor":46.0,"key":"Lantern"},{"floor":47.0,"key":"Unceasing Top"},{"floor":54.0,"key":"Kunai"}],"event_choices":[{"damage_healed":0.0,"max_hp_gain":0.0,"max_hp_loss":0.0,"gold_gain":0.0,"cards_transformed":["Strike_B"],"event_name":"Living Wall","player_choice":"Change","floor":2.0,"gold_loss":0.0,"damage_taken":0.0,"cards_obtained":["Gash"]},{"cards_removed":["Strike_B"],"damage_healed":0.0,"max_hp_gain":0.0,"max_hp_loss":0.0,"gold_gain":0.0,"event_name":"Purifier","player_choice":"Purged","floor":3.0,"gold_loss":0.0,"damage_taken":0.0},{"damage_healed":0.0,"max_hp_gain":0.0,"max_hp_loss":0.0,"gold_gain":0.0,"event_name":"Upgrade Shrine","player_choice":"Upgraded","floor":5.0,"gold_loss":0.0,"damage_taken":0.0,"cards_upgraded":["Barrage"]},{"damage_healed":0.0,"max_hp_gain":0.0,"max_hp_loss":0.0,"gold_gain":75.0,"event_name":"World of Goop","player_choice":"Gather Gold","floor":14.0,"gold_loss":0.0,"damage_taken":11.0},{"damage_healed":0.0,"max_hp_gain":5.0,"max_hp_loss":0.0,"gold_gain":0.0,"event_name":"Forgotten Altar","player_choice":"Shed Blood","floor":19.0,"gold_loss":0.0,"damage_taken":19.0},{"damage_healed":0.0,"max_hp_gain":0.0,"max_hp_loss":0.0,"gold_gain":75.0,"event_name":"FaceTrader","player_choice":"Touch","floor":20.0,"gold_loss":0.0,"damage_taken":8.0},{"cards_removed":["Strike_B"],"damage_healed":0.0,"max_hp_gain":0.0,"max_hp_loss":0.0,"gold_gain":0.0,"event_name":"Beggar","player_choice":"Gave Gold","floor":29.0,"gold_loss":75.0,"damage_taken":0.0},{"damage_healed":0.0,"max_hp_gain":0.0,"max_hp_loss":0.0,"gold_gain":0.0,"event_name":"Cursed Tome","player_choice":"Obtained Book","floor":30.0,"gold_loss":0.0,"damage_taken":16.0},{"cards_removed":["Gash"],"damage_healed":0.0,"max_hp_gain":0.0,"max_hp_loss":0.0,"gold_gain":0.0,"event_name":"Falling","player_choice":"Removed Attack","floor":36.0,"gold_loss":0.0,"damage_taken":0.0},{"damage_healed":0.0,"max_hp_gain":0.0,"max_hp_loss":0.0,"gold_gain":999.0,"event_name":"MindBloom","player_choice":"Gold","floor":37.0,"gold_loss":0.0,"damage_taken":0.0,"cards_obtained":["Normality","Normality"]},{"damage_healed":0.0,"max_hp_gain":0.0,"max_hp_loss":4.0,"gold_gain":0.0,"event_name":"Winding Halls","player_choice":"Max HP","floor":44.0,"gold_loss":0.0,"damage_taken":0.0},{"damage_healed":0.0,"max_hp_gain":0.0,"max_hp_loss":0.0,"gold_gain":0.0,"event_name":"Mysterious Sphere","player_choice":"Fight","floor":47.0,"gold_loss":0.0,"damage_taken":0.0}],"is_beta":false,"boss_relics":[{"not_picked":["Velvet Choker","Inserter"],"picked":"Sozu"},{"not_picked":["Pandora\u0027s Box","Busted Crown"],"picked":"Nuclear Battery"}],"items_purged_floors":[21,39,45,53],"is_endless":false,"potions_floor_spawned":[1,8,18,27,40,42,46,54],"ascension_level":1}