{"gold_per_floor":[118,193,193,42,56,56,76,91,168,184,184,184,39,49,49,153,153,164,184,203,78,78,110,110,110,110,110,110],"floor_reached":28,"playtime":2419,"items_purged":["Strike_R","Strike_R","Strike_R"],"score":262,"play_id":"a3ac00df-dd9b-4209-a4b8-18cf45ba0567","local_time":"20190507013025","is_ascension_mode":true,"campfire_choices":[{"data":"Armaments","floor":6.0,"key":"SMITH"},{"data":"Battle Trance","floor":12.0,"key":"SMITH"},{"floor":15.0,"key":"REST"},{"data":"Seeing Red","floor":24,"key":"SMITH"},{"data":"Juggernaut","floor":27,"key":"SMITH"}],"neow_cost":"PERCENT_DAMAGE","seed_source_timestamp":0,"circlet_count":0,"master_deck":["Defend_R+1","Defend_R","Defend_R","Defend_R+1","Bash+1","Armaments+1","Headbutt","Shrug It Off","Battle Trance+1","Cleave","Flex","Feed","Evolve","Intimidate","Dropkick","Juggernaut+1","Seeing Red+1"],"special_seed":0,"relics":["Burning Blood","Bottled Lightning","Bag of Preparation","Orrery","MutagenicStrength","War Paint","Frozen Egg 2"],"potions_floor_usage":[23,23],"damage_taken":[{"damage":9.0,"enemies":"Jaw Worm","floor":1.0,"turns":6.0},{"damage":1.0,"enemies":"Cultist","floor":5.0,"turns":3.0},{"damage":4.0,"enemies":"Small Slimes","floor":7.0,"turns":3.0},{"damage":6.0,"enemies":"Blue Slaver","floor":8.0,"turns":3.0},{"damage":0.0,"enemies":"Large Slime","floor":10.0,"turns":5.0},{"damage":0.0,"enemies":"2 Fungi Beasts","floor":14.0,"turns":3.0},{"damage":26.0,"enemies":"The Guardian","floor":16.0,"turns":10.0},{"damage":16,"enemies":"Spheric Guardian","floor":18,"turns":4},{"damage":8,"enemies":"Chosen","floor":19,"turns":5},{"damage":14,"enemies":"Centurion and Healer","floor":20,"turns":6},{"damage":21,"enemies":"Slavers","floor":23,"turns":6},{"damage":58,"enemies":"Masked Bandits","floor":28,"turns":3}],"seed_played":"6900663229805654761","potions_obtained":[{"floor":1.0,"key":"Ancient Potion"},{"floor":16.0,"key":"Explosive Potion"},{"floor":20,"key":"Energy Potion"}],"is_trial":false,"path_per_floor":["M","?","?","$","M","R","M","M","T","M","?","R","$","M","R","B",null,"M","M","M","$","?","E","R","$","T","R","?"],"character_chosen":"IRONCLAD","items_purchased":["Armaments","Headbutt","Cleave"],"campfire_rested":1,"item_purchase_floors":[4,4,13],"current_hp_per_floor":[53,42,42,42,47,47,49,49,49,55,48,48,48,54,78,58,80,74,72,67,67,67,52,52,52,52,52,0],"gold":110,"neow_bonus":"REMOVE_TWO","is_prod":false,"is_daily":false,"chose_seed":false,"campfire_upgraded":4,"win_rate":0,"timestamp":1557207025,"path_taken":["M","?","?","$","M","R","M","?","T","M","?","R","$","M","R","BOSS","M","M","M","$","?","E","R","$","T","R","?"],"build_version":"2019-01-23","purchased_purges":3,"victory":false,"max_hp_per_floor":[80,80,80,80,80,80,80,80,80,80,80,80,80,80,80,80,80,84,84,87,87,87,87,87,87,87,87,90],"card_choices":[{"not_picked":["Fire Breathing","Wild Strike","Clash"],"picked":"SKIP","floor":1.0},{"not_picked":["Flex","Hemokinesis","Warcry"],"picked":"SKIP","floor":5.0},{"not_picked":["Bloodletting","Flame Barrier"],"picked":"Shrug It Off","floor":7.0},{"not_picked":["Thunderclap","Headbutt"],"picked":"Battle Trance","floor":8.0},{"not_picked":["Infernal Blade","Heavy Blade","Reckless Charge"],"picked":"SKIP","floor":10.0},{"not_picked":["Warcry","Body Slam"],"picked":"Flex","floor":14.0},{"not_picked":["Fiend Fire","Exhume"],"picked":"Feed","floor":16.0},{"not_picked":["Cleave","Warcry"],"picked":"Evolve","floor":17.0},{"not_picked":["True Grit","Entrench"],"picked":"Intimidate","floor":17.0},{"not_picked":["Thunderclap","Flame Barrier"],"picked":"Dropkick","floor":17.0},{"not_picked":["Wild Strike","Iron Wave+1","Clash+1"],"picked":"SKIP","floor":18},{"not_picked":["Warcry","Sentinel"],"picked":"Juggernaut","floor":19},{"not_picked":["Shrug It Off+1","Warcry"],"picked":"Seeing Red","floor":20},{"not_picked":["Armaments+1","Headbutt","Rage"],"picked":"SKIP","floor":23}],"player_experience":164655,"relics_obtained":[{"floor":9.0,"key":"Bottled Lightning"},{"floor":23,"key":"War Paint"},{"floor":26,"key":"Frozen Egg 2"}],"event_choices":[{"damage_healed":0.0,"max_hp_gain":0.0,"max_hp_loss":0.0,"gold_gain":75.0,"event_name":"World of Goop","player_choice":"Gather Gold","floor":2.0,"gold_loss":0.0,"damage_taken":11.0},{"damage_healed":0.0,"max_hp_gain":0.0,"max_hp_loss":0.0,"gold_gain":0.0,"event_name":"Upgrade Shrine","player_choice":"Upgraded","floor":3.0,"gold_loss":0.0,"damage_taken":0.0,"cards_upgraded":["Bash"]},{"damage_healed":0.0,"max_hp_gain":0.0,"max_hp_loss":0.0,"gold_gain":0.0,"event_name":"Scrap Ooze","player_choice":"Success","floor":11.0,"gold_loss":0.0,"damage_taken":7.0,"relics_obtained":["Bag of Preparation"]},{"damage_healed":0,"gold_gain":0,"player_choice":"Inject Mutagens","damage_taken":0,"relics_obtained":["MutagenicStrength"],"max_hp_gain":0,"max_hp_loss":0,"event_name":"Drug Dealer","floor":22,"gold_loss":0},{"damage_healed":0,"gold_gain":0,"player_choice":"Fought Bandits","damage_taken":0,"max_hp_gain":0,"max_hp_loss":0,"event_name":"Masked Bandits","floor":28,"gold_loss":0}],"is_beta":false,"boss_relics":[{"not_picked":["Runic Dome","Cursed Key"],"picked":"Orrery"}],"items_purged_floors":[4,13,21],"is_endless":false,"potions_floor_spawned":[1,16,20],"killed_by":"Masked Bandits","ascension_level":3}