{"gold_per_floor":[115,40,52,72,90,90,123,123,123,123,451,24,24,42,42,116,116,126,137,117,130,148,148,164,175,175,187,213,275,287,299,311,323],"floor_reached":33,"playtime":2070,"items_purged":["Strike_G","Strike_G"],"score":518,"play_id":"d2c8afed-4aa1-41ad-a6eb-3129d5b78fa1","local_time":"20190119153642","is_ascension_mode":true,"campfire_choices":[{"data":"Neutralize","floor":6.0,"key":"SMITH"},{"data":"Terror","floor":8.0,"key":"SMITH"},{"floor":13.0,"key":"REST"},{"data":"Deadly Poison","floor":15.0,"key":"SMITH"},{"floor":23.0,"key":"REST"},{"floor":27.0,"key":"REST"},{"data":"Burst","floor":30.0,"key":"SMITH"},{"floor":32.0,"key":"REST"}],"neow_cost":"NONE","seed_source_timestamp":12571552180833,"circlet_count":0,"master_deck":["AscendersBane","Defend_G","Defend_G","Defend_G","Defend_G","Defend_G","Strike_G","Strike_G","Strike_G","Survivor","Neutralize+1","Backstab","Endless Agony","Deflect","Terror+1","Deadly Poison+1","Deadly Poison","Poisoned Stab","Burst+1","Dash+1","Cloak And Dagger","PiercingWail","Poisoned Stab","Quick Slash","Pain","Doubt"],"special_seed":0,"relics":["Ring of the Snake","Snake Skull","Paper Crane","Du-Vu Doll","Blue Candle","Old Coin","Thread and Needle","Cursed Key","MawBank","Tingsha"],"potions_floor_usage":[33,33],"damage_taken":[{"damage":5.0,"enemies":"Cultist","floor":1.0,"turns":5.0},{"damage":0.0,"enemies":"Jaw Worm","floor":3.0,"turns":5.0},{"damage":0.0,"enemies":"2 Louse","floor":4.0,"turns":3.0},{"damage":4.0,"enemies":"Lots of Slimes","floor":5.0,"turns":6.0},{"damage":12.0,"enemies":"Lagavulin","floor":7.0,"turns":5.0},{"damage":4.0,"enemies":"Gremlin Nob","floor":11.0,"turns":3.0},{"damage":0.0,"enemies":"Blue Slaver","floor":14.0,"turns":2.0},{"damage":30.0,"enemies":"Slime Boss","floor":16.0,"turns":12.0},{"damage":18.0,"enemies":"2 Thieves","floor":18.0,"turns":4.0},{"damage":12.0,"enemies":"Spheric Guardian","floor":19.0,"turns":4.0},{"damage":1.0,"enemies":"Centurion and Healer","floor":21.0,"turns":8.0},{"damage":5.0,"enemies":"3 Cultists","floor":22.0,"turns":6.0},{"damage":15.0,"enemies":"Shelled Parasite and Fungi","floor":24.0,"turns":7.0},{"damage":0.0,"enemies":"Snake Plant","floor":25.0,"turns":3.0},{"damage":5.0,"enemies":"Cultist and Chosen","floor":28.0,"turns":6.0},{"damage":73,"enemies":"Automaton","floor":33,"turns":10}],"seed_played":"-6154778087715701099","potions_obtained":[{"floor":3.0,"key":"Swift Potion"},{"floor":4.0,"key":"AttackPotion"},{"floor":7.0,"key":"PowerPotion"},{"floor":14.0,"key":"Strength Potion"},{"floor":18.0,"key":"Energy Potion"},{"floor":20.0,"key":"Weak Potion"},{"floor":28.0,"key":"Block Potion"}],"is_trial":false,"path_per_floor":["M","$","M","M","M","R","E","R","T","T","E","$","R","M","R","B",null,"M","M","?","M","M","R","M","M","T","R","M","?","R","T","R","B"],"character_chosen":"THE_SILENT","items_purchased":["Thread and Needle"],"campfire_rested":4,"item_purchase_floors":[12],"current_hp_per_floor":[54,54,54,54,50,50,38,38,38,38,34,34,53,53,53,23,55,37,25,25,24,19,38,23,23,23,42,37,37,37,37,56,0],"gold":323,"neow_bonus":"RANDOM_COMMON_RELIC","is_prod":false,"is_daily":false,"chose_seed":false,"campfire_upgraded":4,"win_rate":0,"timestamp":1547912202,"path_taken":["M","?","M","M","?","R","E","R","T","?","E","$","R","M","R","BOSS","M","M","?","?","M","R","M","M","T","R","M","?","R","?","R","BOSS"],"build_version":"2019-01-17v2","purchased_purges":2,"victory":false,"max_hp_per_floor":[66,66,66,66,66,66,66,66,66,66,66,66,66,66,66,66,66,66,66,66,66,66,66,66,66,66,66,66,66,66,66,66,66],"card_choices":[{"not_picked":["Underhanded Strike","Setup"],"picked":"Backstab","floor":1.0},{"not_picked":["Bane","Slice"],"picked":"Endless Agony","floor":3.0},{"not_picked":["Concentrate","Accuracy"],"picked":"Deflect","floor":4.0},{"not_picked":["Bane","Masterful Stab"],"picked":"Terror","floor":5.0},{"not_picked":["Predator","Escape Plan"],"picked":"Deadly Poison","floor":7.0},{"not_picked":["Finisher","Night Terror"],"picked":"Deadly Poison","floor":11.0},{"not_picked":["Deflect","Dagger Throw"],"picked":"Poisoned Stab","floor":14.0},{"not_picked":["Doppelganger","Unload"],"picked":"Burst","floor":16.0},{"not_picked":["Prepared","Dodge and Roll"],"picked":"Dash+1","floor":18.0},{"not_picked":["Sucker Punch","Flying Knee"],"picked":"Cloak And Dagger","floor":19.0},{"not_picked":["Eviscerate","Dagger Spray","Blade Dance"],"picked":"SKIP","floor":21.0},{"not_picked":["Terror","Outmaneuver"],"picked":"PiercingWail","floor":22.0},{"not_picked":["Flechettes+1","Distraction+1"],"picked":"Poisoned Stab","floor":24.0},{"not_picked":["Outmaneuver","Tools of the Trade"],"picked":"Quick Slash","floor":25.0},{"not_picked":["Outmaneuver","Tactician+1","Underhanded Strike"],"picked":"SKIP","floor":28.0}],"player_experience":1153360,"relics_obtained":[{"floor":7.0,"key":"Paper Crane"},{"floor":9.0,"key":"Du-Vu Doll"},{"floor":10.0,"key":"Blue Candle"},{"floor":11.0,"key":"Old Coin"},{"floor":26.0,"key":"MawBank"},{"floor":31.0,"key":"Tingsha"}],"event_choices":[{"damage_healed":0.0,"max_hp_gain":0.0,"max_hp_loss":0.0,"gold_gain":0.0,"event_name":"The Woman in Blue","player_choice":"Bought 1 Potion","floor":20.0,"gold_loss":0.0,"damage_taken":0.0},{"damage_healed":0.0,"max_hp_gain":0.0,"max_hp_loss":0.0,"gold_gain":50.0,"event_name":"Nest","player_choice":"Stole From Cult","floor":29.0,"gold_loss":0.0,"damage_taken":0.0}],"is_beta":false,"boss_relics":[{"not_picked":["Ring of the Serpent","Eternal Feather"],"picked":"Cursed Key"}],"items_purged_floors":[2,12],"is_endless":false,"potions_floor_spawned":[3,4,7,14,18,21,24,28],"killed_by":"Automaton","ascension_level":20}