{"gold_per_floor":[117,117,117,140,61,61,94,94,94,19,44,44,75,91,91,187,187,211,227,240,240],"floor_reached":21,"playtime":685,"items_purged":["Strike_R"],"score":378,"play_id":"ebb61b34-3d83-4207-a2de-bfa0b555f7a8","local_time":"20190522181738","is_ascension_mode":true,"campfire_choices":[{"data":"Bash","floor":6,"key":"SMITH"},{"data":"Clothesline","floor":8,"key":"SMITH"},{"floor":12,"key":"REST"},{"data":"True Grit","floor":15,"key":"SMITH"}],"neow_cost":"NONE","seed_source_timestamp":85047101696500,"circlet_count":0,"master_deck":["AscendersBane","Strike_R","Strike_R","Strike_R","Defend_R","Defend_R","Defend_R","Defend_R","Bash+1","Rage","Clothesline+1","Seeing Red","Cleave","Shockwave","Demon Form","True Grit+1","Impervious","True Grit","Spot Weakness","Whirlwind"],"relics":["Burning Blood","Golden Idol","Bag of Preparation","Ice Cream","Question Card","Cursed Key"],"potions_floor_usage":[7],"damage_taken":[{"damage":5,"enemies":"Small Slimes","floor":1,"turns":5},{"damage":15,"enemies":"Jaw Worm","floor":4,"turns":5},{"damage":35,"enemies":"Gremlin Nob","floor":7,"turns":4},{"damage":0,"enemies":"2 Louse","floor":11,"turns":3},{"damage":11,"enemies":"Lagavulin","floor":13,"turns":7},{"damage":10,"enemies":"Exordium Wildlife","floor":14,"turns":4},{"damage":48,"enemies":"Hexaghost","floor":16,"turns":12},{"damage":21,"enemies":"Chosen","floor":18,"turns":6},{"damage":22,"enemies":"Spheric Guardian","floor":19,"turns":7},{"damage":33,"enemies":"Centurion and Healer","floor":20,"turns":7},{"damage":17,"enemies":"Colosseum Slavers","floor":21,"turns":2}],"seed_played":"6025755169368556176","potions_obtained":[{"floor":1,"key":"Fire Potion"},{"floor":16,"key":"FairyPotion"},{"floor":20,"key":"Swift Potion"}],"is_trial":false,"path_per_floor":["M","?","?","M","$","R","E","R","T","$","M","R","E","M","R","B",null,"M","M","M","?"],"character_chosen":"IRONCLAD","items_purchased":["Seeing Red"],"campfire_rested":1,"item_purchase_floors":[5],"current_hp_per_floor":[76,69,69,60,60,60,31,31,31,31,37,59,54,50,50,8,58,43,27,13,0],"gold":240,"neow_bonus":"TEN_PERCENT_HP_BONUS","is_prod":false,"is_daily":false,"chose_seed":false,"campfire_upgraded":3,"win_rate":0,"timestamp":1558545458,"path_taken":["M","?","?","M","$","R","E","R","T","$","M","R","E","M","R","BOSS","M","M","M","?"],"build_version":"2019-01-23","purchased_purges":1,"victory":false,"max_hp_per_floor":[82,82,74,74,74,74,74,74,74,74,74,74,74,74,74,74,74,74,74,74,74],"card_choices":[{"not_picked":["Fire Breathing","Anger"],"picked":"Rage","floor":1},{"not_picked":["Flex","Shrug It Off"],"picked":"Clothesline","floor":4},{"not_picked":["Flex","Thunderclap"],"picked":"Cleave","floor":7},{"not_picked":["Warcry","Heavy Blade"],"picked":"Shockwave","floor":11},{"not_picked":["Searing Blow","Sword Boomerang"],"picked":"Demon Form","floor":13},{"not_picked":["Havoc","Iron Wave","Perfected Strike"],"picked":"True Grit","floor":14},{"not_picked":["Demon Form","Feed","Bludgeon"],"picked":"Impervious","floor":16},{"not_picked":["Second Wind","Body Slam","Sword Boomerang"],"picked":"True Grit","floor":18},{"not_picked":["True Grit","Headbutt","Armaments"],"picked":"Spot Weakness","floor":19},{"not_picked":["Battle Trance","Shrug It Off","Blood for Blood+1"],"picked":"Whirlwind","floor":20}],"player_experience":1383417,"relics_obtained":[{"floor":7,"key":"Bag of Preparation"},{"floor":9,"key":"Ice Cream"},{"floor":13,"key":"Question Card"}],"event_choices":[{"cards_removed":["Strike_R"],"damage_healed":0,"gold_gain":0,"player_choice":"Card Removal","damage_taken":7,"max_hp_gain":0,"max_hp_loss":0,"event_name":"Golden Wing","floor":2,"gold_loss":0},{"damage_healed":0,"gold_gain":0,"player_choice":"Lose Max HP","damage_taken":0,"relics_obtained":["Golden Idol"],"max_hp_gain":0,"max_hp_loss":8,"event_name":"Golden Idol","floor":3,"gold_loss":0},{"damage_healed":0,"gold_gain":0,"player_choice":"Fight","damage_taken":0,"max_hp_gain":0,"max_hp_loss":0,"event_name":"Colosseum","floor":21,"gold_loss":0}],"is_beta":false,"boss_relics":[{"not_picked":["Pandora\u0027s Box","Tiny House"],"picked":"Cursed Key"}],"items_purged_floors":[10],"is_endless":false,"potions_floor_spawned":[1,16,20],"killed_by":"Colosseum Slavers","ascension_level":20}