{"gold_per_floor":[118,135,210,227,227,227,241,241,320,320,320,350,129,140,140,140],"floor_reached":16,"playtime":1463,"items_purged":["Strike_R"],"score":115,"play_id":"93eed41f-a54c-4893-a5a3-d77c5157b0e3","local_time":"20190507000937","is_ascension_mode":true,"campfire_choices":[{"data":"Bash","floor":6,"key":"SMITH"},{"data":"Flex","floor":8,"key":"SMITH"},{"data":"Heavy Blade","floor":10,"key":"SMITH"},{"floor":15,"key":"REST"}],"neow_cost":"PERCENT_DAMAGE","seed_source_timestamp":438124545992990,"circlet_count":0,"master_deck":["Strike_R","Defend_R","Defend_R","Defend_R","Defend_R","Bash+1","Heavy Blade+1","Pommel Strike","Flex+1","Barricade","Shrug It Off","Armaments","Rampage","Shrug It Off"],"relics":["Burning Blood","Pantograph","Centennial Puzzle"],"potions_floor_usage":[12,12,16],"damage_taken":[{"damage":5,"enemies":"Small Slimes","floor":1,"turns":4},{"damage":2,"enemies":"2 Louse","floor":2,"turns":4},{"damage":0,"enemies":"Cultist","floor":4,"turns":2},{"damage":6,"enemies":"Blue Slaver","floor":7,"turns":5},{"damage":10,"enemies":"Lagavulin","floor":12,"turns":3},{"damage":18,"enemies":"Large Slime","floor":14,"turns":8},{"damage":94,"enemies":"Slime Boss","floor":16,"turns":14}],"seed_played":"5425276156500259398","potions_obtained":[{"floor":1,"key":"SkillPotion"},{"floor":7,"key":"GamblersBrew"},{"floor":12,"key":"Poison Potion"}],"is_trial":false,"path_per_floor":["M","M","?","M","?","R","M","R","T","R","?","E","$","M","R","B"],"character_chosen":"IRONCLAD","items_purchased":["Shrug It Off","Armaments","Rampage"],"campfire_rested":1,"item_purchase_floors":[13,13,13],"current_hp_per_floor":[57,61,50,56,49,49,49,49,49,49,49,45,45,33,57,0],"gold":140,"neow_bonus":"REMOVE_TWO","is_prod":false,"is_daily":false,"chose_seed":false,"campfire_upgraded":3,"win_rate":0,"timestamp":1557202177,"path_taken":["M","M","?","M","?","R","M","R","T","R","?","E","$","M","R","BOSS"],"build_version":"2019-01-23","purchased_purges":1,"victory":false,"max_hp_per_floor":[80,80,80,80,80,80,80,80,80,80,80,80,80,80,80,80],"card_choices":[{"not_picked":["Combust","Headbutt"],"picked":"Heavy Blade","floor":1},{"not_picked":["Havoc","Burning Pact"],"picked":"Pommel Strike","floor":2},{"not_picked":["True Grit","Havoc"],"picked":"Flex","floor":4},{"not_picked":["Perfected Strike","Combust","Havoc"],"picked":"SKIP","floor":7},{"not_picked":["Havoc","Anger"],"picked":"Barricade","floor":12},{"not_picked":["Sword Boomerang","Uppercut"],"picked":"Shrug It Off","floor":14}],"player_experience":163192,"relics_obtained":[{"floor":9,"key":"Pantograph"},{"floor":12,"key":"Centennial Puzzle"}],"event_choices":[{"damage_healed":0,"gold_gain":75,"player_choice":"Gather Gold","damage_taken":11,"max_hp_gain":0,"max_hp_loss":0,"event_name":"World of Goop","floor":3,"gold_loss":0},{"cards_removed":["Strike_R"],"damage_healed":0,"gold_gain":0,"player_choice":"Card Removal","damage_taken":7,"max_hp_gain":0,"max_hp_loss":0,"event_name":"Golden Wing","floor":5,"gold_loss":0},{"damage_healed":0,"gold_gain":0,"player_choice":"Ignored","damage_taken":0,"max_hp_gain":0,"max_hp_loss":0,"event_name":"Liars Game","floor":11,"gold_loss":0}],"is_beta":false,"boss_relics":[],"items_purged_floors":[13],"is_endless":false,"potions_floor_spawned":[1,7,12],"killed_by":"Slime Boss","ascension_level":3}