{"gold_per_floor":[111,131,31,31,31,61,74,74,119,147,166,179,35,45,45,144,144,155,172,172,95,195,195,221,221],"floor_reached":25,"playtime":1441,"items_purged":["Defend_B"],"score":312,"play_id":"6169839f-4e96-4cf4-8ea6-1ac3fcccd5e4","local_time":"20190508153138","is_ascension_mode":true,"campfire_choices":[{"data":"Rainbow","floor":8,"key":"SMITH"},{"data":"FTL","floor":15,"key":"SMITH"},{"data":"Creative AI","floor":23,"key":"SMITH"}],"neow_cost":"NONE","seed_source_timestamp":2484903318753686,"circlet_count":0,"master_deck":["Strike_B","Strike_B","Strike_B","Defend_B","Defend_B","Defend_B","Zap+1","Dualcast","Beam Cell","Conserve Battery","Cold Snap","Sweeping Beam","Rainbow+1","Reinforced Body","Auto Shields","FTL+1","Coolheaded","Capacitor","Conserve Battery","Gash","Creative AI+1","Consume","Ball Lightning","Storm","Chaos"],"relics":["Cracked Core","Pen Nib","PreservedInsect","Unceasing Top","Inserter","Bag of Marbles"],"potions_floor_usage":[16,16],"damage_taken":[{"damage":0,"enemies":"2 Louse","floor":1,"turns":1},{"damage":1,"enemies":"Cultist","floor":2,"turns":4},{"damage":28,"enemies":"Gremlin Nob","floor":6,"turns":4},{"damage":0,"enemies":"Small Slimes","floor":7,"turns":2},{"damage":8,"enemies":"3 Sentries","floor":10,"turns":4},{"damage":0,"enemies":"2 Fungi Beasts","floor":11,"turns":2},{"damage":0,"enemies":"Large Slime","floor":12,"turns":7},{"damage":1,"enemies":"Exordium Thugs","floor":14,"turns":3},{"damage":9,"enemies":"Hexaghost","floor":16,"turns":9},{"damage":0,"enemies":"3 Byrds","floor":18,"turns":6},{"damage":0,"enemies":"Shell Parasite","floor":19,"turns":7},{"damage":33,"enemies":"Book of Stabbing","floor":24,"turns":7},{"damage":38,"enemies":"Snake Plant","floor":25,"turns":5}],"seed_played":"6413567243759363679","potions_obtained":[{"floor":10,"key":"AttackPotion"},{"floor":11,"key":"Poison Potion"},{"floor":14,"key":"Regen Potion"}],"is_trial":false,"path_per_floor":["M","M","$","?","?","E","M","R","T","E","M","M","$","M","R","B",null,"M","M","?","$","?","R","E","M"],"character_chosen":"DEFECT","items_purchased":["Cold Snap","Coolheaded","Capacitor","Conserve Battery","Storm"],"campfire_rested":0,"item_purchase_floors":[3,13,13,13,21],"current_hp_per_floor":[75,74,74,74,74,46,46,46,46,38,38,38,38,37,37,28,69,69,69,69,69,69,69,36,0],"gold":221,"neow_bonus":"TEN_PERCENT_HP_BONUS","is_prod":false,"is_daily":false,"chose_seed":false,"campfire_upgraded":3,"win_rate":0,"timestamp":1557354698,"path_taken":["M","M","$","?","?","E","?","R","T","E","M","M","$","M","R","BOSS","M","?","?","$","?","R","E","?"],"build_version":"2019-01-23","purchased_purges":1,"victory":false,"max_hp_per_floor":[82,82,82,82,82,82,82,82,82,82,82,82,82,82,82,82,82,82,82,82,82,82,82,82,82],"card_choices":[{"not_picked":["Steam","Turbo"],"picked":"Beam Cell","floor":1},{"not_picked":["Barrage","Compile Driver"],"picked":"Conserve Battery","floor":2},{"not_picked":["Turbo","Gash"],"picked":"Sweeping Beam","floor":6},{"not_picked":["Barrage","Leap"],"picked":"Rainbow","floor":7},{"not_picked":["Storm","Rebound"],"picked":"Reinforced Body","floor":10},{"not_picked":["Gash","Steam Power"],"picked":"Auto Shields","floor":11},{"not_picked":["Heatsinks","Undo"],"picked":"FTL","floor":12},{"not_picked":["Go for the Eyes","Skim"],"picked":"Gash","floor":14},{"not_picked":["Buffer","Thunder Strike"],"picked":"Creative AI","floor":16},{"not_picked":["Stack","Go for the Eyes+1"],"picked":"Consume","floor":18},{"not_picked":["Stack","Skim+1"],"picked":"Ball Lightning","floor":19},{"not_picked":["Machine Learning","Multi-Cast"],"picked":"Chaos","floor":24}],"player_experience":487799,"relics_obtained":[{"floor":6,"key":"Pen Nib"},{"floor":9,"key":"PreservedInsect"},{"floor":10,"key":"Unceasing Top"},{"floor":24,"key":"Bag of Marbles"}],"event_choices":[{"damage_healed":0,"gold_gain":0,"player_choice":"Grow","damage_taken":0,"max_hp_gain":0,"max_hp_loss":0,"event_name":"Living Wall","floor":4,"gold_loss":0,"cards_upgraded":["Zap"]},{"cards_removed":["Strike_B"],"damage_healed":0,"gold_gain":0,"player_choice":"Purged","damage_taken":0,"max_hp_gain":0,"max_hp_loss":0,"event_name":"Purifier","floor":5,"gold_loss":0},{"damage_healed":0,"gold_gain":0,"player_choice":"Ignored","damage_taken":0,"max_hp_gain":0,"max_hp_loss":0,"event_name":"Ghosts","floor":20,"gold_loss":0},{"damage_healed":0,"gold_gain":100,"player_choice":"Pray","damage_taken":0,"max_hp_gain":0,"max_hp_loss":0,"event_name":"Golden Shrine","floor":22,"gold_loss":0}],"is_beta":false,"boss_relics":[{"not_picked":["Black Star","Sozu"],"picked":"Inserter"}],"items_purged_floors":[3],"is_endless":false,"potions_floor_spawned":[10,11,14],"killed_by":"Snake Plant","ascension_level":7}