{"gold_per_floor":[109,109,128,139,139,139,151,151],"floor_reached":8,"playtime":353,"items_purged":[],"score":96,"play_id":"271d2ad4-f660-46ba-94ad-714a8651a5c0","local_time":"20190310210015","is_ascension_mode":true,"campfire_choices":[{"data":"Neutralize","floor":6.0,"key":"SMITH"}],"neow_cost":"NONE","seed_source_timestamp":27781559885500,"circlet_count":0,"master_deck":["AscendersBane","Defend_G","Defend_G","Defend_G","Defend_G","Defend_G","Strike_G","Strike_G","Strike_G","Strike_G","Strike_G","Survivor","Neutralize+1","Sucker Punch","Leg Sweep","Choke","Tools of the Trade","Neutralize","All Out Attack"],"special_seed":0,"relics":["Ring of the Snake"],"potions_floor_usage":[],"damage_taken":[{"damage":11.0,"enemies":"Small Slimes","floor":1.0,"turns":7.0},{"damage":0.0,"enemies":"2 Louse","floor":3.0,"turns":3.0},{"damage":4.0,"enemies":"Cultist","floor":4.0,"turns":6.0},{"damage":18.0,"enemies":"Large Slime","floor":7.0,"turns":7.0},{"damage":34,"enemies":"3 Sentries","floor":8,"turns":8}],"seed_played":"-4969383898535763427","potions_obtained":[{"floor":4.0,"key":"Regen Potion"}],"is_trial":false,"path_per_floor":["M","?","M","M","?","R","M","E"],"character_chosen":"THE_SILENT","items_purchased":[],"campfire_rested":0,"item_purchase_floors":[],"current_hp_per_floor":[54,54,54,50,50,50,32,0],"gold":151,"neow_bonus":"TEN_PERCENT_HP_BONUS","is_prod":false,"is_daily":false,"chose_seed":false,"campfire_upgraded":1,"win_rate":0,"timestamp":1552251615,"path_taken":["M","?","M","M","?","R","M","E"],"build_version":"2019-01-23","purchased_purges":0,"victory":false,"max_hp_per_floor":[72,72,72,72,72,72,72,72],"card_choices":[{"not_picked":["Bouncing Flask","Reflex"],"picked":"Sucker Punch","floor":1.0},{"not_picked":["Prepared","Cloak And Dagger"],"picked":"Leg Sweep","floor":3.0},{"not_picked":["PiercingWail","Concentrate"],"picked":"Choke","floor":4.0},{"not_picked":["Concentrate","Blur"],"picked":"All Out Attack","floor":7.0}],"player_experience":1260489,"relics_obtained":[],"event_choices":[{"damage_healed":0.0,"max_hp_gain":0.0,"max_hp_loss":0.0,"gold_gain":0.0,"event_name":"Scrap Ooze","player_choice":"Fled","floor":2.0,"gold_loss":0.0,"damage_taken":0.0},{"damage_healed":0.0,"max_hp_gain":0.0,"max_hp_loss":0.0,"gold_gain":0.0,"event_name":"Match and Keep!","player_choice":"2 cards matched","floor":5.0,"gold_loss":0.0,"damage_taken":0.0,"cards_obtained":["Tools of the Trade","Neutralize"]}],"is_beta":false,"boss_relics":[],"items_purged_floors":[],"is_endless":false,"potions_floor_spawned":[4],"killed_by":"3 Sentries","ascension_level":20}