{"gold_per_floor":[114,189,189,201,213,213,244,244,244,244,255,284,559,182,182,256,256,275,275],"floor_reached":19,"playtime":717,"items_purged":["Regret"],"score":350,"play_id":"7e4d3c64-2bc0-4224-b07f-4f16fcc09cc0","local_time":"20190210213746","is_ascension_mode":true,"campfire_choices":[{"data":"Sucker Punch","floor":6.0,"key":"SMITH"},{"floor":10.0,"key":"REST"},{"floor":15.0,"key":"REST"}],"neow_cost":"NONE","seed_source_timestamp":16117851192768,"circlet_count":0,"master_deck":["AscendersBane","Defend_G","Defend_G","Defend_G","Defend_G","Defend_G","Strike_G","Strike_G","Strike_G","Strike_G","Survivor","Neutralize","Sucker Punch+1","Flying Knee","Cloak And Dagger","Corpse Explosion","Flying Knee","Deadly Poison","Footwork","After Image"],"special_seed":0,"relics":["Ring of the Snake","Blood Vial","Matryoshka","Orichalcum","OrangePellets","Snecko Eye"],"potions_floor_usage":[],"damage_taken":[{"damage":10.0,"enemies":"Cultist","floor":1.0,"turns":5.0},{"damage":0.0,"enemies":"2 Louse","floor":4.0,"turns":2.0},{"damage":4.0,"enemies":"Small Slimes","floor":5.0,"turns":5.0},{"damage":38.0,"enemies":"3 Sentries","floor":7.0,"turns":11.0},{"damage":0.0,"enemies":"3 Louse","floor":11.0,"turns":1.0},{"damage":23.0,"enemies":"Lagavulin","floor":12.0,"turns":9.0},{"damage":25.0,"enemies":"The Guardian","floor":16.0,"turns":14.0},{"damage":23.0,"enemies":"Spheric Guardian","floor":18.0,"turns":6.0}],"seed_played":"-6949757548396066646","potions_obtained":[{"floor":1.0,"key":"SteroidPotion"},{"floor":4.0,"key":"Ancient Potion"},{"floor":16.0,"key":"Strength Potion"}],"is_trial":false,"path_per_floor":["M","?","?","M","M","R","E","?","T","R","M","E","?","$","R","B",null,"M","$"],"character_chosen":"THE_SILENT","items_purchased":["OrangePellets","Footwork"],"campfire_rested":2,"item_purchase_floors":[14,14],"current_hp_per_floor":[55,44,44,44,40,40,2,2,2,23,25,4,4,4,25,2,55,34,34],"gold":275,"neow_bonus":"TEN_PERCENT_HP_BONUS","is_prod":false,"is_daily":false,"chose_seed":false,"campfire_upgraded":1,"win_rate":0,"timestamp":1549834666,"path_taken":["M","?","?","?","M","R","E","?","T","R","M","E","?","$","R","BOSS","M","$"],"build_version":"2019-01-23","purchased_purges":1,"victory":false,"max_hp_per_floor":[72,72,72,72,72,72,72,72,72,72,72,72,72,72,72,72,72,72,72],"card_choices":[{"not_picked":["Escape Plan","Blade Dance"],"picked":"Sucker Punch","floor":1.0},{"not_picked":["Prepared","Accuracy"],"picked":"Flying Knee","floor":4.0},{"not_picked":["Prepared","Expertise"],"picked":"Cloak And Dagger","floor":5.0},{"not_picked":["Escape Plan","Cloak And Dagger"],"picked":"Corpse Explosion","floor":7.0},{"not_picked":["Poisoned Stab","Blade Dance"],"picked":"Flying Knee","floor":11.0},{"not_picked":["Poisoned Stab","Accuracy"],"picked":"Deadly Poison","floor":12.0},{"not_picked":["Envenom","Storm of Steel"],"picked":"After Image","floor":16.0},{"not_picked":["Sucker Punch","Calculated Gamble","Outmaneuver"],"picked":"SKIP","floor":18}],"player_experience":1201297,"relics_obtained":[{"floor":7.0,"key":"Blood Vial"},{"floor":9.0,"key":"Matryoshka"},{"floor":12.0,"key":"Orichalcum"}],"event_choices":[{"damage_healed":0.0,"max_hp_gain":0.0,"max_hp_loss":0.0,"gold_gain":75.0,"event_name":"World of Goop","player_choice":"Gather Gold","floor":2.0,"gold_loss":0.0,"damage_taken":11.0},{"cards_removed":["Strike_G"],"damage_healed":0.0,"max_hp_gain":0.0,"max_hp_loss":0.0,"gold_gain":0.0,"event_name":"Bonfire Elementals","player_choice":"Offered Basic","floor":3.0,"gold_loss":0.0,"damage_taken":0.0},{"damage_healed":0.0,"max_hp_gain":0.0,"max_hp_loss":0.0,"gold_gain":0.0,"event_name":"Shining Light","player_choice":"Ignored","floor":8.0,"gold_loss":0.0,"damage_taken":0.0},{"damage_healed":0.0,"max_hp_gain":0.0,"max_hp_loss":0.0,"gold_gain":275.0,"event_name":"Golden Shrine","player_choice":"Desecrate","floor":13.0,"gold_loss":0.0,"damage_taken":0.0,"cards_obtained":["Regret"]}],"is_beta":false,"boss_relics":[{"not_picked":["Runic Pyramid","Lizard Tail"],"picked":"Snecko Eye"}],"items_purged_floors":[14],"is_endless":false,"potions_floor_spawned":[1,4,16],"ascension_level":20}