{"gold_per_floor":[111,121,32,32,32,60,60,87,117,146,28,28],"floor_reached":12,"playtime":270,"items_purged":["Strike_G"],"score":238,"play_id":"825b510b-273c-45e4-a5d8-3ece1dae6f02","local_time":"20190430201753","is_ascension_mode":true,"campfire_choices":[{"data":"Footwork","floor":7.0,"key":"SMITH"}],"neow_cost":"NONE","seed_source_timestamp":612072256992700,"circlet_count":0,"master_deck":["AscendersBane","Defend_G","Defend_G","Defend_G","Defend_G","Defend_G","Strike_G","Strike_G","Strike_G","Strike_G","Survivor","Neutralize+1","Sucker Punch","Slice","Footwork+1","Backstab","Poisoned Stab","Bane","Footwork"],"special_seed":0,"relics":["Ring of the Snake","NeowsBlessing","Pantograph","Prayer Wheel","Tiny Chest","Ornamental Fan"],"potions_floor_usage":[12],"damage_taken":[{"damage":0.0,"enemies":"Cultist","floor":1.0,"turns":1.0},{"damage":0.0,"enemies":"Small Slimes","floor":2.0,"turns":1.0},{"damage":0.0,"enemies":"3 Sentries","floor":6.0,"turns":1.0},{"damage":24.0,"enemies":"Lagavulin","floor":8.0,"turns":7.0},{"damage":24.0,"enemies":"3 Sentries","floor":10.0,"turns":8.0},{"damage":7,"enemies":"Lagavulin","floor":12,"turns":6}],"seed_played":"-4212146887505953482","potions_obtained":[{"floor":2.0,"key":"AttackPotion"},{"floor":8.0,"key":"Fire Potion"},{"floor":10.0,"key":"SteroidPotion"}],"is_trial":false,"path_per_floor":["M","M","$","?","?","E","R","E","T","E","$","E"],"character_chosen":"THE_SILENT","items_purchased":["Footwork","Footwork"],"campfire_rested":0,"item_purchase_floors":[3,11],"current_hp_per_floor":[59,59,59,59,59,59,59,35,35,11,11,4],"gold":28,"neow_bonus":"THREE_ENEMY_KILL","is_prod":false,"is_daily":false,"chose_seed":false,"campfire_upgraded":1,"win_rate":0,"timestamp":1556651873,"path_taken":["M","M","?","?","?","E","R","E","T","E","$","E"],"build_version":"2019-01-23","purchased_purges":1,"victory":false,"max_hp_per_floor":[66,66,66,66,66,66,66,66,66,66,66,66],"card_choices":[{"not_picked":["Outmaneuver","Flying Knee"],"picked":"Sucker Punch","floor":1.0},{"not_picked":["Dagger Spray","Calculated Gamble"],"picked":"Slice","floor":2.0},{"not_picked":["Burst","Underhanded Strike"],"picked":"Backstab","floor":6.0},{"not_picked":["Concentrate","Distraction"],"picked":"Poisoned Stab","floor":8.0},{"not_picked":["Outmaneuver","Grand Finale"],"picked":"Bane","floor":10.0}],"player_experience":1327666,"relics_obtained":[{"floor":6.0,"key":"Pantograph"},{"floor":8.0,"key":"Prayer Wheel"},{"floor":9.0,"key":"Tiny Chest"},{"floor":10.0,"key":"Ornamental Fan"}],"event_choices":[{"damage_healed":0.0,"max_hp_gain":0.0,"max_hp_loss":0.0,"gold_gain":0.0,"event_name":"Living Wall","player_choice":"Grow","floor":4.0,"gold_loss":0.0,"damage_taken":0.0,"cards_upgraded":["Neutralize"]},{"damage_healed":0.0,"max_hp_gain":0.0,"max_hp_loss":0.0,"gold_gain":0.0,"event_name":"Liars Game","player_choice":"Ignored","floor":5.0,"gold_loss":0.0,"damage_taken":0.0}],"is_beta":false,"boss_relics":[],"items_purged_floors":[11],"is_endless":false,"potions_floor_spawned":[2,8,10],"killed_by":"Lagavulin","ascension_level":20}