{"gold_per_floor":[109,109,384,396,396,396,425,425,499,499,517,517,530,540,540,641,641,658,672,600,16,16,46,146,173,226,4,4,37,56,72,72,175,175,186,126,138,156,256,591,591,605,605,621,621,621,652,664,664,664],"floor_reached":51,"playtime":5990,"items_purged":["Regret","Slimebound:Strike_Slimebound"],"score":1159,"play_id":"1318c877-8acf-4d7d-af20-891c91d9c40f","local_time":"20190112203418","is_ascension_mode":true,"campfire_choices":[{"data":"1","floor":6.0,"key":"LIFT"},{"data":"Slimebound:RainOfGoop","floor":8.0,"key":"SMITH"},{"data":"Slimebound:GrowthPunch","floor":12.0,"key":"SMITH"},{"data":"Slimebound:SplitMire","floor":15.0,"key":"SMITH"},{"data":"Slimebound:LevelUp","floor":28.0,"key":"SMITH"},{"data":"Panache","floor":32.0,"key":"SMITH"},{"data":"2","floor":41,"key":"LIFT"},{"data":"3","floor":45,"key":"LIFT"},{"floor":49,"key":"REST"}],"neow_cost":"","seed_source_timestamp":0,"circlet_count":0,"master_deck":["Slimebound:Defend_Slimebound","Slimebound:Defend_Slimebound","Slimebound:Defend_Slimebound","Slimebound:Defend_Slimebound","Slimebound:Split","Slimebound:CorrosiveSpit","Slimebound:LivingWall","Slimebound:GrowthPunch+1","Slimebound:FirmFortitude","Slimebound:LeechingTouch","Slimebound:RainOfGoop+1","Slimebound:CheckThePlaybook","Slimebound:Chomp","Slimebound:Chomp","Slimebound:SplitMire+1","Slimebound:MassFeed","Slimebound:Lick+1","Slimebound:SlimeSpikes","Slimebound:Chomp","Slimebound:LeechEnergy+1","Panache+1","Slimebound:LeadByExample","Slimebound:GrowthPunch+1","Slimebound:LevelUp+1","Slimebound:ComboTackle+1","Slimebound:AcidTongue+1","Slimebound:AcidGelatin+1","Slimebound:StudyTheSpire+1","Slimebound:SlimeSpikes+1","Slimebound:SplitBruiser+1","Slimebound:Equalize+1","Slimebound:SelfFormingGoo+1","Slimebound:LevelUp+1","Slimebound:PrepareCrush+1","Slimebound:SelfFormingGoo+1","Slimebound:DouseInSlime+1","Slimebound:LeechingTouch+1","Slimebound:PressTheAttack+1","Slimebound:SplitBruiser+1","Slimebound:MassFeed+1","Slimebound:LeechLife+1","Slimebound:LevelUp+1","Forethought+1","Slimebound:SplitBruiser+1","Slimebound:MegaLick+1"],"special_seed":0,"relics":["Slimebound:AbsorbEndCombat","Unceasing Top","Matryoshka","Shuriken","Velvet Choker","Girya","Slimebound:PotencyRelic","The Courier","Dodecahedron","Black Star","Lantern","Membership Card","Molten Egg 2","Pear","Slimebound:SlimedSkullRelic","Toxic Egg 2","Slimebound:StudyCardRelic","Frozen Egg 2","Bottled Lightning","Gremlin Horn","Anchor","Bag of Preparation","Pen Nib","Snecko Eye","Gambling Chip","Old Coin","Bottled Flame","Bag of Marbles","Mummified Hand","Ornamental Fan"],"potions_floor_usage":[50],"damage_taken":[{"damage":9.0,"enemies":"2 Louse","floor":1.0,"turns":2.0},{"damage":3.0,"enemies":"Small Slimes","floor":4.0,"turns":4.0},{"damage":21.0,"enemies":"Lagavulin","floor":7.0,"turns":6.0},{"damage":6.0,"enemies":"Cultist","floor":11.0,"turns":2.0},{"damage":10.0,"enemies":"2 Fungi Beasts","floor":13.0,"turns":3.0},{"damage":22.0,"enemies":"Looter","floor":14.0,"turns":1.0},{"damage":36.0,"enemies":"Hexaghost","floor":16.0,"turns":5.0},{"damage":29.0,"enemies":"Spheric Guardian","floor":18.0,"turns":3.0},{"damage":12.0,"enemies":"Chosen","floor":19.0,"turns":4.0},{"damage":36.0,"enemies":"Book of Stabbing","floor":23.0,"turns":4.0},{"damage":10.0,"enemies":"Book of Stabbing","floor":24.0,"turns":6.0},{"damage":52.0,"enemies":"Slavers","floor":25.0,"turns":4.0},{"damage":26.0,"enemies":"Gremlin Leader","floor":29.0,"turns":5.0},{"damage":17.0,"enemies":"Centurion and Healer","floor":30.0,"turns":3.0},{"damage":20.0,"enemies":"Snake Plant","floor":31.0,"turns":3.0},{"damage":56.0,"enemies":"Automaton","floor":33.0,"turns":7.0},{"damage":33.0,"enemies":"3 Darklings","floor":35.0,"turns":3.0},{"damage":35.0,"enemies":"3 Shapes","floor":37.0,"turns":3.0},{"damage":9,"enemies":"Maw","floor":38,"turns":4},{"damage":12,"enemies":"Mind Bloom Boss Battle","floor":39,"turns":3},{"damage":9,"enemies":"Reptomancer","floor":40,"turns":4},{"damage":20,"enemies":"Transient","floor":42,"turns":5},{"damage":15,"enemies":"4 Shapes","floor":44,"turns":3},{"damage":48,"enemies":"Nemesis","floor":47,"turns":5},{"damage":27,"enemies":"Spire Growth","floor":48,"turns":3},{"damage":113,"enemies":"Awakened One","floor":50,"turns":8}],"seed_played":"5818830456403758347","potions_obtained":[{"floor":4.0,"key":"Swift Potion"},{"floor":13.0,"key":"PowerPotion"},{"floor":24.0,"key":"Slimebound:SlimyTonguePotion"},{"floor":25.0,"key":"SkillPotion"},{"floor":30.0,"key":"Explosive Potion"},{"floor":31.0,"key":"Slimebound:SlimedPotion"},{"floor":35.0,"key":"Slimebound:SlimedPotion"},{"floor":37.0,"key":"PowerPotion"}],"is_trial":false,"path_per_floor":["M","?","?","M","?","R","E","R","T","?","M","R","M","M","R","B",null,"M","M","?","$","$","E","?","E","T","$","R","E","M","M","R","B",null,"M","?","M","M","?","E","R","M","T","M","R","?","E","M","R","B",null],"character_chosen":"SLIMEBOUND","items_purchased":["Slimebound:LivingWall","Slimebound:GrowthPunch","Matryoshka","Girya","Slimebound:FirmFortitude","Fire Potion","Slimebound:Chomp","Membership Card","Molten Egg 2","Pear","Slimebound:LeechEnergy+1","Panache","Slimebound:LeadByExample","Slimebound:AcidTongue+1","Slimebound:AcidGelatin+1","Slimebound:StudyTheSpire+1","Slimebound:SlimeSpikes+1","Slimebound:SplitBruiser+1"],"campfire_rested":1,"item_purchase_floors":[0,0,0,0,0,0,21,21,21,21,21,21,21,27,27,27,27,27],"current_hp_per_floor":[31,31,31,35,35,35,29,29,29,54,61,61,68,52,52,50,75,62,73,73,83,83,74,84,69,69,69,69,75,88,88,88,54,88,86,86,78,88,91,91,91,91,91,91,91,91,63,54,81,47],"gold":664,"neow_bonus":"","is_prod":false,"is_daily":false,"chose_seed":false,"campfire_upgraded":5,"win_rate":0,"timestamp":1547346858,"path_taken":["M","?","?","?","?","R","E","R","T","?","M","R","M","M","R","BOSS","M","M","?","?","$","E","?","E","T","?","R","E","M","?","R","BOSS","M","?","?","M","?","E","R","M","T","M","R","?","E","M","R","BOSS"],"build_version":"2019-01-10","purchased_purges":2,"victory":true,"max_hp_per_floor":[75,75,75,75,75,75,75,75,75,75,75,75,75,75,75,75,75,75,75,75,85,85,85,85,88,88,88,88,88,88,88,88,88,88,88,88,88,88,91,91,91,91,91,91,91,91,91,91,91,91],"card_choices":[{"not_picked":["Slimebound:ProtectTheBoss","Slimebound:SlimeSpikes"],"picked":"Slimebound:LeechingTouch","floor":1.0},{"not_picked":["Slimebound:LeechingTouch","Slimebound:PoisonLick"],"picked":"Slimebound:RainOfGoop","floor":4.0},{"not_picked":["Slimebound:SlimeSpikes","Slimebound:SelfFormingGoo"],"picked":"Slimebound:CheckThePlaybook","floor":7.0},{"not_picked":["Slimebound:FlameTackle","Slimebound:GrowthPunch"],"picked":"Slimebound:Chomp","floor":11.0},{"not_picked":["Slimebound:PoisonLick","Slimebound:VenomTackle"],"picked":"Slimebound:Chomp","floor":13.0},{"not_picked":["Slimebound:ProtectTheBoss","Slimebound:TongueLash"],"picked":"Slimebound:SplitMire","floor":14.0},{"not_picked":["Slimebound:Overexert","Slimebound:PrepareCrush"],"picked":"Slimebound:MassFeed","floor":16.0},{"not_picked":["Slimebound:RollThrough","Slimebound:FinishingTackle"],"picked":"Slimebound:Lick+1","floor":18.0},{"not_picked":["Slimebound:ViciousTackle","Slimebound:ItLooksTasty"],"picked":"Slimebound:SlimeSpikes","floor":19.0},{"not_picked":["Slimebound:FirmFortitude","Slimebound:FinishingTackle+1"],"picked":"Slimebound:GrowthPunch+1","floor":23.0},{"not_picked":["Slimebound:LeechingTouch+1","Slimebound:SlimeTap+1"],"picked":"Slimebound:LevelUp","floor":24.0},{"not_picked":["Slimebound:Replication+1","Slimebound:QuickStudy+1"],"picked":"Slimebound:ComboTackle+1","floor":25.0},{"not_picked":["Slimebound:DisruptingSlam+1","Slimebound:GoopTackle+1"],"picked":"Slimebound:Equalize+1","floor":29.0},{"not_picked":["Slimebound:PoisonLick+1","Slimebound:GoopSpray+1"],"picked":"Slimebound:SelfFormingGoo+1","floor":30.0},{"not_picked":["Slimebound:SplitAcid+1","Slimebound:PressTheAttack+1"],"picked":"Slimebound:LevelUp+1","floor":31.0},{"not_picked":["Slimebound:SlimeBrawl+1","Slimebound:WasteNot+1"],"picked":"Slimebound:PrepareCrush+1","floor":33.0},{"not_picked":["Slimebound:LeechEnergy+1","Slimebound:ItLooksTasty+1","Slimebound:VenomTackle+1"],"picked":"SKIP","floor":35.0},{"not_picked":["Slimebound:SoulSicken+1","Slimebound:LeechLife+1"],"picked":"Slimebound:LeechingTouch+1","floor":37.0},{"not_picked":["Slimebound:ViciousTackle+1","Slimebound:FinishingTackle+1"],"picked":"Slimebound:PressTheAttack+1","floor":38},{"not_picked":["Slimebound:ViciousTackle+1","Slimebound:PressTheAttack+1"],"picked":"Slimebound:SplitBruiser+1","floor":39},{"not_picked":["Slimebound:SoulSicken+1","Slimebound:RejuvenatingLick+1"],"picked":"Slimebound:MassFeed+1","floor":40},{"not_picked":["Slimebound:RollThrough+1","Slimebound:ItLooksTasty+1"],"picked":"Slimebound:LeechLife+1","floor":42},{"not_picked":["Slimebound:ComboTackle+1","Slimebound:PoisonLick+1"],"picked":"Slimebound:LevelUp+1","floor":44},{"not_picked":["Slimebound:RejuvenatingLick+1","Slimebound:AcidGelatin+1"],"picked":"Slimebound:SplitBruiser+1","floor":47},{"not_picked":["Slimebound:GoopTackle+1","Slimebound:GoopSpray+1"],"picked":"Slimebound:MegaLick+1","floor":48}],"player_experience":237231,"relics_obtained":[{"floor":7.0,"key":"Slimebound:PotencyRelic"},{"floor":9.0,"key":"The Courier"},{"floor":9.0,"key":"Dodecahedron"},{"floor":23.0,"key":"Slimebound:SlimedSkullRelic"},{"floor":23.0,"key":"Toxic Egg 2"},{"floor":24.0,"key":"Slimebound:StudyCardRelic"},{"floor":25.0,"key":"Frozen Egg 2"},{"floor":25.0,"key":"Bottled Lightning"},{"floor":26.0,"key":"Gremlin Horn"},{"floor":26.0,"key":"Anchor"},{"floor":29.0,"key":"Bag of Preparation"},{"floor":29.0,"key":"Pen Nib"},{"floor":39,"key":"Gambling Chip"},{"floor":40,"key":"Old Coin"},{"floor":40,"key":"Bottled Flame"},{"floor":43,"key":"Bag of Marbles"},{"floor":47,"key":"Mummified Hand"},{"floor":47,"key":"Ornamental Fan"}],"event_choices":[{"damage_healed":0.0,"max_hp_gain":0.0,"max_hp_loss":0.0,"gold_gain":0.0,"event_name":"Golden Wing","player_choice":"Ignored","floor":2.0,"gold_loss":0.0,"damage_taken":0.0},{"damage_healed":0.0,"max_hp_gain":0.0,"max_hp_loss":0.0,"gold_gain":275.0,"event_name":"Golden Shrine","player_choice":"Desecrate","floor":3.0,"gold_loss":0.0,"damage_taken":0.0,"cards_obtained":["Regret"]},{"damage_healed":0.0,"max_hp_gain":0.0,"max_hp_loss":0.0,"gold_gain":0.0,"cards_transformed":["Slimebound:Strike_Slimebound"],"event_name":"Living Wall","player_choice":"Change","floor":5.0,"gold_loss":0.0,"damage_taken":0.0,"cards_obtained":["Slimebound:ViciousTackle"]},{"damage_healed":25.0,"max_hp_gain":0.0,"max_hp_loss":0.0,"gold_gain":0.0,"event_name":"Big Fish","player_choice":"Banana","floor":10.0,"gold_loss":0.0,"damage_taken":0.0},{"damage_healed":0.0,"max_hp_gain":0.0,"max_hp_loss":0.0,"gold_gain":0.0,"event_name":"WeMeetAgain","player_choice":"Paid Gold","floor":20.0,"gold_loss":72.0,"damage_taken":0.0,"relics_obtained":["Lantern"]},{"damage_healed":0.0,"max_hp_gain":0.0,"max_hp_loss":0.0,"gold_gain":0.0,"cards_transformed":["Slimebound:Strike_Slimebound","Slimebound:ViciousTackle"],"event_name":"Designer","player_choice":"Transformed Cards","floor":36.0,"gold_loss":60.0,"damage_taken":0.0,"cards_obtained":["Slimebound:SelfFormingGoo","Slimebound:DouseInSlime"]},{"damage_healed":0,"gold_gain":0,"player_choice":"Fight","damage_taken":0,"max_hp_gain":0,"max_hp_loss":0,"event_name":"MindBloom","floor":39,"gold_loss":0},{"damage_healed":0,"gold_gain":0,"player_choice":"1 cards matched","damage_taken":0,"max_hp_gain":0,"max_hp_loss":0,"event_name":"Match and Keep!","floor":46,"gold_loss":0,"cards_obtained":["Forethought"]}],"is_beta":false,"boss_relics":[{"not_picked":["Runic Dome","Eternal Feather"],"picked":"Black Star"},{"not_picked":["Lizard Tail","Busted Crown"],"picked":"Snecko Eye"}],"items_purged_floors":[21,27],"is_endless":false,"potions_floor_spawned":[4,13,24,25,30,31,35,37,42,44,47],"ascension_level":2}