{"gold_per_floor":[115,115,134,151,163,194,194,369,369,369,369,394,420,430,430,534,534,544,544,544,544,23,50,78,78,131,131,141,160,23,52,52,148,148,163,19,36,53,53,87,87,115,115,115,132,132,152,27,27,27],"floor_reached":51,"playtime":8906,"items_purged":["Shame","Bash","Strike_R+1"],"score":1209,"play_id":"b15d0fd6-639a-4bfc-891a-3fe274af7f61","local_time":"20190401223132","is_ascension_mode":true,"campfire_choices":[{"data":"Uppercut","floor":7.0,"key":"SMITH"},{"data":"Spot Weakness","floor":10.0,"key":"SMITH"},{"floor":15.0,"key":"REST"},{"data":"Offering","floor":25.0,"key":"SMITH"},{"data":"Battle Trance","floor":27.0,"key":"SMITH"},{"data":"Whirlwind","floor":32,"key":"SMITH"},{"floor":41,"key":"REST"},{"floor":44,"key":"REST"},{"floor":46,"key":"REST"},{"floor":49,"key":"REST"}],"neow_cost":"","seed_source_timestamp":0,"circlet_count":0,"master_deck":["Strike_R+1","Strike_R+1","Strike_R+1","Strike_R+1","Defend_R+1","Defend_R+1","Defend_R+1","Defend_R+1","Uppercut+1","True Grit","True Grit","Spot Weakness+1","Juggernaut+1","Inflame+1","Carnage","Pommel Strike","Offering+1","Feel No Pain+1","Battle Trance+1","Burning Pact","Shockwave","Whirlwind+1","Ghostly Armor+1","Limit Break","Whirlwind","Flex+1","Metallicize+1","Limit Break","Armaments+1","Flame Barrier+1","Seeing Red","Fiend Fire"],"special_seed":0,"relics":["Burning Blood","Frozen Egg 2","Blood Vial","Dead Branch","OrangePellets","WingedGreaves","Matryoshka","Self Forming Clay","Dream Catcher","Philosopher\u0027s Stone","Enchiridion","Omamori","Lee\u0027s Waffle","Shuriken","Blue Candle","Dodecahedron","Bag of Marbles","Potion Belt","Strawberry","Fusion Hammer","Pen Nib","Gremlin Horn","Vajra","Mercury Hourglass","Prayer Wheel"],"potions_floor_usage":[31,33,39,40,40,42,45,50,50,50],"damage_taken":[{"damage":4.0,"enemies":"Jaw Worm","floor":1.0,"turns":4.0},{"damage":0.0,"enemies":"Cultist","floor":3.0,"turns":3.0},{"damage":0.0,"enemies":"2 Louse","floor":4.0,"turns":2.0},{"damage":14.0,"enemies":"Red Slaver","floor":5.0,"turns":5.0},{"damage":17.0,"enemies":"3 Sentries","floor":6.0,"turns":9.0},{"damage":28.0,"enemies":"Gremlin Nob","floor":12.0,"turns":5.0},{"damage":23.0,"enemies":"Lagavulin","floor":13.0,"turns":5.0},{"damage":5.0,"enemies":"Large Slime","floor":14.0,"turns":4.0},{"damage":33.0,"enemies":"Slime Boss","floor":16.0,"turns":10.0},{"damage":40.0,"enemies":"3 Byrds","floor":18.0,"turns":6.0},{"damage":26.0,"enemies":"Slavers","floor":23.0,"turns":4.0},{"damage":9.0,"enemies":"Gremlin Leader","floor":24.0,"turns":5.0},{"damage":12.0,"enemies":"Chosen","floor":28.0,"turns":2.0},{"damage":18.0,"enemies":"Shelled Parasite and Fungi","floor":29.0,"turns":4.0},{"damage":9,"enemies":"Book of Stabbing","floor":31,"turns":3},{"damage":53,"enemies":"Automaton","floor":33,"turns":9},{"damage":6,"enemies":"Orb Walker","floor":35,"turns":3},{"damage":4,"enemies":"3 Darklings","floor":37,"turns":2},{"damage":7,"enemies":"4 Shapes","floor":38,"turns":2},{"damage":0,"enemies":"Writhing Mass","floor":39,"turns":1},{"damage":48,"enemies":"Nemesis","floor":40,"turns":3},{"damage":0,"enemies":"Giant Head","floor":42,"turns":4},{"damage":0,"enemies":"Jaw Worm Horde","floor":45,"turns":2},{"damage":6,"enemies":"Transient","floor":47,"turns":4},{"damage":10,"enemies":"Time Eater","floor":50,"turns":5}],"seed_played":"-197107628283784271","potions_obtained":[{"floor":4.0,"key":"Dexterity Potion"},{"floor":5.0,"key":"EssenceOfSteel"},{"floor":6.0,"key":"SpeedPotion"},{"floor":16.0,"key":"SteroidPotion"},{"floor":23.0,"key":"Block Potion"},{"floor":29.0,"key":"Swift Potion"},{"floor":31,"key":"Dexterity Potion"},{"floor":33,"key":"EntropicBrew"},{"floor":35,"key":"SmokeBomb"},{"floor":37,"key":"BloodPotion"},{"floor":45,"key":"Poison Potion"},{"floor":47,"key":"PowerPotion"}],"is_trial":false,"path_per_floor":["M","?","M","M","M","E","R","?","T","R","?","E","E","M","R","B",null,"M","?","?","?","$","E","E","R","T","R","M","M","$","E","R","B",null,"M","$","M","M","M","E","R","E","T","R","M","R","M","$","R","B",null],"character_chosen":"IRONCLAD","items_purchased":["Frozen Egg 2","Blood Vial","Uppercut","True Grit","OrangePellets","Lee\u0027s Waffle","Shuriken","Whirlwind","Pen Nib"],"campfire_rested":5,"item_purchase_floors":[0,0,0,0,0,22,22,30,36],"current_hp_per_floor":[46,80,80,80,72,63,63,63,63,63,63,43,28,31,55,30,80,46,30,30,30,87,67,66,66,66,66,62,52,52,58,58,13,94,94,94,94,93,94,61,89,94,94,94,94,94,94,94,94,90],"gold":27,"neow_bonus":"","is_prod":false,"is_daily":false,"chose_seed":false,"campfire_upgraded":5,"win_rate":0,"timestamp":1554183092,"path_taken":["M","?","M","M","?","E","R","?","T","R","?","E","E","?","R","BOSS","M","?","?","?","$","E","E","R","T","R","?","M","$","E","R","BOSS","M","?","M","M","M","E","R","E","T","R","M","R","M","$","R","BOSS"],"build_version":"2019-01-23","purchased_purges":3,"victory":true,"max_hp_per_floor":[80,80,80,80,80,80,80,80,80,80,80,80,80,80,80,80,80,80,80,80,80,87,87,87,87,87,87,87,87,87,94,94,94,94,94,94,94,94,94,94,94,94,94,94,94,94,94,94,94,94],"card_choices":[{"not_picked":["Clothesline","Dropkick"],"picked":"Seeing Red","floor":1.0},{"not_picked":["Reckless Charge","Clash","Perfected Strike"],"picked":"SKIP","floor":3.0},{"not_picked":["Body Slam","Clash"],"picked":"True Grit","floor":4.0},{"not_picked":["Thunderclap","Perfected Strike","Heavy Blade"],"picked":"SKIP","floor":5.0},{"not_picked":["Seeing Red","Sword Boomerang"],"picked":"Spot Weakness","floor":6.0},{"not_picked":["Havoc","Fire Breathing+1"],"picked":"Juggernaut+1","floor":12.0},{"not_picked":["Havoc","Second Wind"],"picked":"Inflame+1","floor":13.0},{"not_picked":["Sentinel","Twin Strike"],"picked":"Carnage","floor":14.0},{"not_picked":["Anger","Body Slam"],"picked":"Pommel Strike","floor":15.0},{"not_picked":["Impervious","Berserk+1"],"picked":"Offering","floor":16.0},{"not_picked":["Headbutt+1","Heavy Blade"],"picked":"Feel No Pain+1","floor":18.0},{"not_picked":["Dual Wield+1","Shrug It Off"],"picked":"Battle Trance","floor":23.0},{"not_picked":["Hemokinesis","Dropkick","Infernal Blade"],"picked":"SKIP","floor":24.0},{"not_picked":["Anger","Combust+1"],"picked":"Burning Pact","floor":28.0},{"not_picked":["Headbutt","Uppercut"],"picked":"Shockwave","floor":29.0},{"not_picked":["Battle Trance","Infernal Blade"],"picked":"Ghostly Armor+1","floor":31},{"not_picked":["Bludgeon","Double Tap"],"picked":"Limit Break","floor":33},{"not_picked":["Reckless Charge","Bloodletting"],"picked":"Whirlwind","floor":35},{"not_picked":["Body Slam","Clothesline+1"],"picked":"Flex+1","floor":37},{"not_picked":["Pummel+1","Uppercut+1"],"picked":"Metallicize+1","floor":38},{"not_picked":["Thunderclap","Entrench+1"],"picked":"Limit Break","floor":40},{"not_picked":["Infernal Blade","Sever Soul+1","Pommel Strike"],"picked":"SKIP","floor":42},{"not_picked":["Cleave","True Grit+1"],"picked":"Armaments+1","floor":44},{"not_picked":["Armaments","Cleave"],"picked":"Flame Barrier+1","floor":45},{"not_picked":["Clothesline+1","Hemokinesis","Pommel Strike+1"],"picked":"SKIP","floor":45},{"not_picked":["Carnage","Wild Strike+1"],"picked":"Seeing Red","floor":47},{"not_picked":["Armaments+1","Blood for Blood+1"],"picked":"Fiend Fire","floor":47}],"player_experience":303974,"relics_obtained":[{"floor":6.0,"key":"WingedGreaves"},{"floor":9.0,"key":"Matryoshka"},{"floor":12.0,"key":"Self Forming Clay"},{"floor":13.0,"key":"Dream Catcher"},{"floor":19.0,"key":"Enchiridion"},{"floor":23.0,"key":"Blue Candle"},{"floor":24.0,"key":"Dodecahedron"},{"floor":26.0,"key":"Bag of Marbles"},{"floor":26.0,"key":"Potion Belt"},{"floor":31,"key":"Strawberry"},{"floor":40,"key":"Gremlin Horn"},{"floor":42,"key":"Vajra"},{"floor":43,"key":"Mercury Hourglass"},{"floor":43,"key":"Prayer Wheel"}],"event_choices":[{"cards_removed":["Seeing Red"],"damage_healed":34.0,"max_hp_gain":0.0,"max_hp_loss":0.0,"gold_gain":0.0,"event_name":"Bonfire Elementals","player_choice":"Offered Uncommon","floor":2.0,"gold_loss":0.0,"damage_taken":0.0},{"damage_healed":0.0,"max_hp_gain":0.0,"max_hp_loss":0.0,"gold_gain":175.0,"event_name":"Liars Game","player_choice":"AGREE","floor":8.0,"gold_loss":0.0,"damage_taken":0.0,"cards_obtained":["Doubt"]},{"cards_removed":["Doubt"],"damage_healed":0.0,"max_hp_gain":0.0,"max_hp_loss":0.0,"gold_gain":0.0,"event_name":"Wheel of Change","player_choice":"Card Removal","floor":11.0,"gold_loss":0.0,"damage_taken":0.0},{"damage_healed":0.0,"max_hp_gain":0.0,"max_hp_loss":0.0,"gold_gain":0.0,"event_name":"Cursed Tome","player_choice":"Obtained Book","floor":19.0,"gold_loss":0.0,"damage_taken":16.0},{"damage_healed":0.0,"max_hp_gain":0.0,"max_hp_loss":0.0,"gold_gain":0.0,"event_name":"Back to Basics","player_choice":"Simplicity","floor":20.0,"gold_loss":0.0,"damage_taken":0.0,"cards_upgraded":["Strike_R","Strike_R","Strike_R","Strike_R","Strike_R","Defend_R","Defend_R","Defend_R","Defend_R"]},{"damage_healed":0.0,"max_hp_gain":0.0,"max_hp_loss":0.0,"gold_gain":0.0,"event_name":"Addict","player_choice":"Stole Relic","floor":21.0,"gold_loss":0.0,"damage_taken":0.0,"relics_obtained":["Omamori"],"cards_obtained":["Shame"]}],"is_beta":false,"boss_relics":[{"not_picked":["Empty Cage","Runic Cube"],"picked":"Philosopher\u0027s Stone"},{"not_picked":["Coffee Dripper","Lizard Tail"],"picked":"Fusion Hammer"}],"items_purged_floors":[22,30,48],"is_endless":false,"potions_floor_spawned":[4,5,6,16,23,29,31,33,35,37,39,45,47],"ascension_level":3}