{"path_per_floor":["M","?","M","?","M","E","R","E","T","E","R","E","?","$","R","B",null,"M","M","?","?","M","E","R"],"character_chosen":"THE_SILENT","items_purchased":["Footwork","Caltrops","Caltrops","Footwork","Underhanded Strike"],"gold_per_floor":[114,114,129,129,144,174,174,204,229,289,289,319,319,1,1,101,101,116,131,131,131,146,176,176],"floor_reached":25,"campfire_rested":1,"playtime":2193,"current_hp_per_floor":[70,70,70,70,70,69,69,62,62,61,61,61,61,61,61,35,70,26,22,45,45,43,1,22],"items_purged":["Normality"],"gold":176,"score":272,"play_id":"380ade97-6c90-4a02-9a0e-285d4b278898","local_time":"20180311232848","daily_mods":["Shiny","Elite Swarm","Lethality"],"is_prod":false,"is_daily":true,"is_ascension_mode":false,"campfire_upgraded":3,"timestamp":1520836128,"path_taken":["M","?","M","?","M","E","R","E","T","E","R","E","?","?","R","BOSS","M","M","?","?","?","E","R","E"],"build_version":"2018-03-09","purchased_purges":2,"victory":false,"master_deck":["Survivor","Neutralize","After Image","Flying Knee","Dagger Spray","Malaise+1","Die Die Die","After Image","Storm of Steel+1","Wraith Form+1","Footwork","Caltrops","Caltrops","Footwork","Underhanded Strike","A Thousand Cuts","Underhanded Strike","Poisoned Stab","Riddle With Holes","Deadly Poison","Slice","Blur","Catalyst","Catalyst","Terror","Backflip","Backflip","Unload"],"max_hp_per_floor":[70,70,70,70,70,70,70,70,70,70,70,70,70,70,70,70,70,70,70,70,70,70,70,70],"relics":["Ring of the Snake","Frozen Eye","Art of War","Pen Nib","Tiny Chest","Sundial","The Courier","Pandora\u0027s Box","Shuriken"],"card_choices":[{"not_picked":["Blur","Sucker Punch"],"picked":"Flying Knee"},{"not_picked":["Dodge and Roll","Bouncing Flask"],"picked":"Dagger Spray"},{"not_picked":["Acrobatics","Deflect"],"picked":"Malaise"},{"not_picked":["Phantasmal Killer","Grand Finale"],"picked":"Die Die Die"},{"not_picked":["Burst","Night Terror"],"picked":"After Image"},{"not_picked":["Grand Finale","Glass Knife"],"picked":"Storm of Steel"},{"not_picked":["Venomology","Bullet Time"],"picked":"Wraith Form"},{"not_picked":["Unload","Tactician"],"picked":"A Thousand Cuts"},{"not_picked":["Quick Slash","Prepared"],"picked":"Terror"},{"not_picked":["Dagger Spray","Crippling Poison"],"picked":"Backflip"},{"not_picked":["Acrobatics","Malaise"],"picked":"Backflip"},{"not_picked":["Corpse Explosion","Night Terror"],"picked":"Unload"}],"player_experience":79623,"potions_floor_usage":[6,10,16,18,19,23],"damage_taken":[{"damage":0,"enemies":"Small Slimes","floor":1,"turns":3},{"damage":0,"enemies":"2 Louse","floor":3,"turns":1},{"damage":0,"enemies":"Cultist","floor":5,"turns":3},{"damage":1,"enemies":"3 Sentries","floor":6,"turns":6},{"damage":7,"enemies":"Gremlin Nob","floor":8,"turns":3},{"damage":1,"enemies":"Lagavulin","floor":10,"turns":5},{"damage":0,"enemies":"3 Sentries","floor":12,"turns":5},{"damage":26,"enemies":"Slime Boss","floor":16,"turns":7},{"damage":44,"enemies":"2 Thieves","floor":18,"turns":3},{"damage":4,"enemies":"Chosen","floor":19,"turns":4},{"damage":2,"enemies":"Centurion and Healer","floor":22,"turns":6},{"damage":42,"enemies":"Gremlin Leader","floor":23,"turns":8},{"damage":26,"enemies":"Book of Stabbing","floor":25,"turns":2}],"event_choices":[{"event_name":"The Cleric","player_choice":"Leave","floor":2,"damage_taken":0},{"event_name":"Bonfire Elementals","player_choice":"BASIC","floor":4,"damage_taken":0},{"event_name":"Accursed Blacksmith","player_choice":"Rummage","floor":13,"damage_taken":0},{"event_name":"The Library","player_choice":"Heal","floor":20,"damage_taken":0},{"event_name":"Back to Basics","player_choice":"Elegance","floor":21,"damage_taken":0}],"boss_relics":[{"not_picked":["Tiny House","Cursed Key"],"picked":"Pandora\u0027s Box"}],"potions_floor_spawned":[1,3,8,16,18,22],"seed_played":"-3661932950863109323","killed_by":"Book of Stabbing","ascension_level":0,"is_trial":false}