{"path_per_floor":["M","M","M","M","?","R","M","R","T","E","M","M","M","E","R"],"character_chosen":"IRONCLAD","items_purchased":[],"gold_per_floor":[118,138,148,162,162,162,187,187,187,227,242,266,287,318,318],"floor_reached":16,"campfire_rested":1,"playtime":2054,"current_hp_per_floor":[72,66,62,62,62,62,46,46,46,30,31,28,31,13,37],"items_purged":[],"gold":318,"score":116,"play_id":"cbe7ef5d-88a0-49aa-88c3-21ce55378846","local_time":"20180315203331","is_prod":false,"is_daily":false,"is_ascension_mode":false,"campfire_upgraded":2,"timestamp":1521171211,"path_taken":["M","M","M","M","?","R","M","R","T","E","M","M","M","E","R","BOSS"],"build_version":"2018-03-15","purchased_purges":0,"victory":false,"master_deck":["Strike_R","Strike_R","Strike_R","Strike_R","Strike_R","Defend_R","Defend_R","Defend_R","Defend_R","Bash","Pain","Juggernaut+1","Clash","Flame Barrier+1","Burning Pact","Shrug It Off","Injury","Rage","Combust","Feel No Pain","Rampage","Armaments","Barricade"],"max_hp_per_floor":[80,80,80,80,80,80,80,80,80,80,80,80,80,80,80],"relics":["Burning Blood","Golden Idol","Frozen Eye","Bag of Preparation","Sundial"],"card_choices":[{"not_picked":["Fiend Fire","Dark Embrace"],"picked":"Juggernaut"},{"not_picked":["Pommel Strike","Twin Strike"],"picked":"Clash"},{"not_picked":["Corruption","Entrench"],"picked":"Flame Barrier"},{"not_picked":["Battle Trance","Sever Soul"],"picked":"Burning Pact"},{"not_picked":["Cleave","Twin Strike"],"picked":"Shrug It Off"},{"not_picked":["Heavy Blade","Iron Wave"],"picked":"Rage"},{"not_picked":["Clash","Cleave"],"picked":"Combust"},{"not_picked":["Battle Trance","Twin Strike"],"picked":"Feel No Pain"},{"not_picked":["Wild Strike","Anger"],"picked":"Rampage"},{"not_picked":["Whirlwind","Iron Wave"],"picked":"Armaments"},{"not_picked":["Sword Boomerang","Heavy Blade"],"picked":"Barricade"}],"player_experience":99017,"potions_floor_usage":[10,12,13,16,16],"damage_taken":[{"damage":14,"enemies":"Jaw Worm","floor":1,"turns":5},{"damage":12,"enemies":"2 Louse","floor":2,"turns":4},{"damage":10,"enemies":"Cultist","floor":3,"turns":6},{"damage":6,"enemies":"Exordium Wildlife","floor":4,"turns":3},{"damage":22,"enemies":"Red Slaver","floor":7,"turns":6},{"damage":22,"enemies":"3 Sentries","floor":10,"turns":8},{"damage":5,"enemies":"2 Fungi Beasts","floor":11,"turns":4},{"damage":9,"enemies":"Gremlin Gang","floor":12,"turns":5},{"damage":3,"enemies":"Large Slime","floor":13,"turns":5},{"damage":24,"enemies":"Lagavulin","floor":14,"turns":8},{"damage":46,"enemies":"Slime Boss","floor":16,"turns":7}],"event_choices":[{"event_name":"Golden Idol","player_choice":"Take Wound","floor":5,"damage_taken":0}],"boss_relics":[],"potions_floor_spawned":[4,7,12,13,14],"seed_played":"-2466140038239748832","killed_by":"Slime Boss","ascension_level":0,"is_trial":false}