{"gold_per_floor":[19,194,212,212,222,247,259,259],"floor_reached":8,"playtime":827,"items_purged":[],"score":67,"play_id":"9324dd7b-a7d3-4b73-8b5b-5717bbc2eac0","local_time":"20181202111413","is_ascension_mode":true,"campfire_choices":[],"neow_cost":"NO_GOLD","seed_source_timestamp":35003289764763,"circlet_count":0,"master_deck":["Strike_B","Strike_B","Strike_B","Strike_B","Defend_B","Defend_B","Defend_B","Defend_B","Zap","Dualcast","Hologram","Reinforced Body","Hologram","Hologram","Rainbow","Creative AI","Glacier","Undo"],"relics":["Cracked Core","Prayer Wheel","Symbiotic Virus"],"potions_floor_usage":[6],"damage_taken":[{"damage":2,"enemies":"2 Louse","floor":1,"turns":3},{"damage":1,"enemies":"Jaw Worm","floor":3,"turns":5},{"damage":8,"enemies":"Small Slimes","floor":5,"turns":5},{"damage":17,"enemies":"3 Sentries","floor":6,"turns":9},{"damage":37,"enemies":"Exordium Thugs","floor":7,"turns":6},{"damage":9,"enemies":"Lagavulin","floor":8,"turns":3}],"seed_played":"-8861189152749879364","potions_obtained":[{"floor":3,"key":"SkillPotion"}],"is_trial":false,"path_per_floor":["M","?","M","?","M","E","M","E"],"character_chosen":"DEFECT","items_purchased":[],"campfire_rested":0,"item_purchase_floors":[],"current_hp_per_floor":[73,73,72,65,57,40,3,0],"gold":259,"neow_bonus":"ONE_RARE_RELIC","is_prod":false,"is_daily":false,"chose_seed":false,"campfire_upgraded":0,"win_rate":0,"timestamp":1543778053,"path_taken":["M","?","M","?","M","E","M","E"],"build_version":"2018-11-15","purchased_purges":0,"victory":false,"max_hp_per_floor":[75,75,75,75,75,75,75,75],"card_choices":[{"not_picked":["Barrage","Skim"],"picked":"Hologram","floor":1},{"not_picked":["Leap","Melter"],"picked":"Reinforced Body","floor":1},{"not_picked":["Rebound","Stack"],"picked":"Hologram","floor":3},{"not_picked":["Steam","Rebound"],"picked":"Hologram","floor":3},{"not_picked":["Force Field","Steam"],"picked":"Rainbow","floor":5},{"not_picked":["Sweeping Beam","Barrage","Stack"],"picked":"SKIP","floor":5},{"not_picked":["Amplify","Ball Lightning"],"picked":"Creative AI","floor":6},{"not_picked":["Conserve Battery","Reprogram"],"picked":"Glacier","floor":7},{"not_picked":["Ball Lightning","Go for the Eyes"],"picked":"Undo","floor":7}],"player_experience":292636,"relics_obtained":[{"floor":6,"key":"Symbiotic Virus"}],"event_choices":[{"damage_healed":0,"gold_gain":175,"player_choice":"AGREE","damage_taken":0,"max_hp_gain":0,"max_hp_loss":0,"event_name":"Liars Game","floor":2,"gold_loss":0,"cards_obtained":["Doubt"]},{"cards_removed":["Doubt"],"damage_healed":0,"gold_gain":0,"player_choice":"Card Removal","damage_taken":7,"max_hp_gain":0,"max_hp_loss":0,"event_name":"Golden Wing","floor":4,"gold_loss":0}],"is_beta":true,"boss_relics":[],"items_purged_floors":[],"is_endless":false,"potions_floor_spawned":[3],"killed_by":"Lagavulin","ascension_level":3}