{"gold_per_floor":[112,37,47,47,57,57,84,94,94,121,46,63,63,78,78,155,155,172,30,46,65,65],"floor_reached":22,"playtime":632,"items_purged":["Strike_B","Normality"],"score":396,"play_id":"c3007d68-95d5-4984-a5b3-f9574e0f34c8","local_time":"20190203211126","is_ascension_mode":true,"campfire_choices":[{"data":"Madness","floor":6.0,"key":"SMITH"},{"floor":13.0,"key":"REST"},{"floor":15.0,"key":"REST"}],"neow_cost":"NONE","seed_source_timestamp":31230114353126,"circlet_count":0,"master_deck":["AscendersBane","Strike_B","Defend_B","Defend_B","Defend_B","Defend_B","Zap","Dualcast","Madness+1","Ball Lightning","Compile Driver","Beam Cell","Ball Lightning","Go for the Eyes","Rip and Tear","Static Discharge+1","Leap","Steam","Core Surge","Clumsy","Shame","Compile Driver","Capacitor+1","Defragment+1","All For One"],"special_seed":0,"relics":["Cracked Core","Du-Vu Doll","Frozen Egg 2","Dodecahedron","Calling Bell","Mango","Meat on the Bone","Art of War"],"potions_floor_usage":[],"damage_taken":[{"damage":2.0,"enemies":"Cultist","floor":1.0,"turns":4.0},{"damage":9.0,"enemies":"Small Slimes","floor":3.0,"turns":3.0},{"damage":1.0,"enemies":"2 Louse","floor":5.0,"turns":3.0},{"damage":25.0,"enemies":"Lagavulin","floor":7.0,"turns":6.0},{"damage":9.0,"enemies":"Red Slaver","floor":8.0,"turns":3.0},{"damage":3.0,"enemies":"Gremlin Nob","floor":10.0,"turns":3.0},{"damage":4.0,"enemies":"Looter","floor":12.0,"turns":2.0},{"damage":8.0,"enemies":"Lots of Slimes","floor":14.0,"turns":2.0},{"damage":20.0,"enemies":"Slime Boss","floor":16.0,"turns":6.0},{"damage":24.0,"enemies":"Shell Parasite","floor":18.0,"turns":3.0},{"damage":11.0,"enemies":"2 Thieves","floor":20.0,"turns":3.0},{"damage":18,"enemies":"Snecko","floor":21,"turns":4},{"damage":52,"enemies":"3 Cultists","floor":22,"turns":4}],"seed_played":"-8586548746514618780","potions_obtained":[{"floor":7.0,"key":"AttackPotion"},{"floor":8.0,"key":"Weak Potion"},{"floor":10.0,"key":"SteroidPotion"},{"floor":18.0,"key":"SkillPotion"}],"is_trial":false,"path_per_floor":["M","?","M","?","M","R","E","M","T","E","$","M","R","M","R","B",null,"M","$","M","M","M"],"character_chosen":"DEFECT","items_purchased":["Capacitor+1"],"campfire_rested":2,"item_purchase_floors":[19],"current_hp_per_floor":[62,62,53,53,52,52,27,18,18,15,15,11,32,24,45,25,74,50,50,51,45,0],"gold":65,"neow_bonus":"RANDOM_COLORLESS","is_prod":false,"is_daily":false,"chose_seed":false,"campfire_upgraded":1,"win_rate":0,"timestamp":1549228286,"path_taken":["M","?","M","?","M","R","E","M","T","E","$","M","R","M","R","BOSS","M","$","?","M","M"],"build_version":"2019-01-23","purchased_purges":2,"victory":false,"max_hp_per_floor":[71,71,71,71,71,71,71,71,71,71,71,71,71,71,71,71,85,85,85,85,85,85],"card_choices":[{"not_picked":["Consume","Hologram"],"picked":"Ball Lightning","floor":1.0},{"not_picked":["Streamline","Chaos"],"picked":"Compile Driver","floor":3.0},{"not_picked":["Streamline","Fusion"],"picked":"Ball Lightning","floor":5.0},{"not_picked":["Recycle","Blizzard"],"picked":"Go for the Eyes","floor":7.0},{"not_picked":["Hologram","Rebound"],"picked":"Rip and Tear","floor":8.0},{"not_picked":["Beam Cell","Blizzard"],"picked":"Static Discharge+1","floor":10.0},{"not_picked":["Reboot","Rebound"],"picked":"Leap","floor":12.0},{"not_picked":["Steam Power","Beam Cell"],"picked":"Steam","floor":14.0},{"not_picked":["Hyperbeam","Fission"],"picked":"Core Surge","floor":16.0},{"not_picked":["Gash","Redo"],"picked":"Compile Driver","floor":18.0},{"not_picked":["Stack","Coolheaded+1"],"picked":"Defragment+1","floor":20.0},{"not_picked":["Reprogram+1","Turbo+1"],"picked":"All For One","floor":21}],"player_experience":1184160,"relics_obtained":[{"floor":7.0,"key":"Du-Vu Doll"},{"floor":9.0,"key":"Frozen Egg 2"},{"floor":10.0,"key":"Dodecahedron"},{"floor":17.0,"key":"Mango"},{"floor":17.0,"key":"Meat on the Bone"},{"floor":17.0,"key":"Art of War"}],"event_choices":[{"cards_removed":["Strike_B"],"damage_healed":0.0,"max_hp_gain":0.0,"max_hp_loss":0.0,"gold_gain":0.0,"event_name":"The Cleric","player_choice":"Card Removal","floor":2.0,"gold_loss":75.0,"damage_taken":0.0},{"damage_healed":0.0,"max_hp_gain":0.0,"max_hp_loss":0.0,"gold_gain":0.0,"cards_transformed":["Strike_B"],"event_name":"Transmorgrifier","player_choice":"Transformed","floor":4.0,"gold_loss":0.0,"damage_taken":0.0,"cards_obtained":["Beam Cell"]}],"is_beta":false,"boss_relics":[{"not_picked":["Orrery","FrozenCore"],"picked":"Calling Bell"}],"items_purged_floors":[11,19],"is_endless":false,"potions_floor_spawned":[7,8,10,18],"killed_by":"3 Cultists","ascension_level":20}