{"gold_per_floor":[113,133,58,78,91,91,117,117,187,187,217,232,232,232,232,304,304,320,320,336,46,57,85,105,105,155,155,174,174,174,193,193,270,270,286,108,127,127,141,172,189,189],"floor_reached":42,"playtime":3113,"items_purged":["Strike_G","Strike_G","Strike_G"],"score":1020,"play_id":"07f700b9-dbf4-4383-88af-8871d26b39f2","local_time":"20190306152541","is_ascension_mode":true,"campfire_choices":[{"data":"Predator","floor":6.0,"key":"SMITH"},{"data":"Footwork","floor":8.0,"key":"SMITH"},{"data":"Neutralize","floor":10.0,"key":"SMITH"},{"floor":13.0,"key":"REST"},{"floor":15.0,"key":"REST"},{"data":"Deadly Poison","floor":25.0,"key":"SMITH"},{"floor":27.0,"key":"REST"},{"data":"Dagger Throw","floor":29.0,"key":"SMITH"},{"data":"All Out Attack","floor":32.0,"key":"SMITH"}],"neow_cost":"NONE","seed_source_timestamp":446050452955200,"circlet_count":0,"master_deck":["AscendersBane","Defend_G+1","Defend_G+1","Defend_G+1","Defend_G","Defend_G","Survivor","Neutralize+1","Predator+1","Deadly Poison+1","Dagger Throw+1","Deadly Poison+1","Footwork+1","Blur+1","PiercingWail+1","Bullet Time+1","Blur+1","Expertise+1","Backflip+1","Prepared+1","Acrobatics+1","Choke+1","Calculated Gamble+1","Malaise+1","All Out Attack+1","Adrenaline+1","Regret","Injury","Clumsy","Night Terror+1","Writhe","Well Laid Plans","Parasite","Bullet Time+1"],"special_seed":0,"relics":["Ring of the Snake","War Paint","Torii","Toxic Egg 2","Boot","Empty Cage","Membership Card","Du-Vu Doll","Lantern","Calling Bell","Snake Skull","Pear","Pocketwatch","TwistedFunnel","Mummified Hand"],"potions_floor_usage":[42],"damage_taken":[{"damage":0.0,"enemies":"2 Louse","floor":1.0,"turns":3.0},{"damage":1.0,"enemies":"Cultist","floor":2.0,"turns":5.0},{"damage":4.0,"enemies":"Jaw Worm","floor":4.0,"turns":4.0},{"damage":1.0,"enemies":"Looter","floor":5.0,"turns":3.0},{"damage":6.0,"enemies":"Gremlin Nob","floor":7.0,"turns":3.0},{"damage":24.0,"enemies":"3 Sentries","floor":11.0,"turns":15.0},{"damage":15.0,"enemies":"Lots of Slimes","floor":12.0,"turns":5.0},{"damage":1.0,"enemies":"Hexaghost","floor":16.0,"turns":9.0},{"damage":1.0,"enemies":"Chosen","floor":18.0,"turns":6.0},{"damage":1.0,"enemies":"Shell Parasite","floor":20.0,"turns":6.0},{"damage":0.0,"enemies":"Snecko","floor":22.0,"turns":8.0},{"damage":16.0,"enemies":"Gremlin Leader","floor":23.0,"turns":10.0},{"damage":0.0,"enemies":"Snake Plant","floor":24.0,"turns":4.0},{"damage":0.0,"enemies":"Centurion and Healer","floor":28.0,"turns":6.0},{"damage":4.0,"enemies":"Cultist and Chosen","floor":31.0,"turns":8.0},{"damage":18.0,"enemies":"Automaton","floor":33.0,"turns":14.0},{"damage":4.0,"enemies":"3 Darklings","floor":35.0,"turns":6.0},{"damage":9.0,"enemies":"Orb Walker","floor":37.0,"turns":4.0},{"damage":1.0,"enemies":"Sphere and 2 Shapes","floor":39.0,"turns":4.0},{"damage":18.0,"enemies":"Nemesis","floor":40.0,"turns":8.0},{"damage":8.0,"enemies":"Writhing Mass","floor":41.0,"turns":6.0},{"damage":30,"enemies":"Giant Head","floor":42,"turns":8}],"seed_played":"2903218291422989840","potions_obtained":[{"floor":1.0,"key":"GhostInAJar"},{"floor":4.0,"key":"SkillPotion"},{"floor":12.0,"key":"SkillPotion"},{"floor":16.0,"key":"SteroidPotion"},{"floor":19.0,"key":"Swift Potion"},{"floor":24.0,"key":"SkillPotion"},{"floor":28.0,"key":"Strength Potion"},{"floor":41.0,"key":"Block Potion"}],"is_trial":false,"path_per_floor":["M","M","$","M","M","R","E","R","T","R","E","M","R","?","R","B",null,"M","?","M","$","M","E","M","R","T","R","M","R","?","M","R","B",null,"M","$","M","?","M","E","M","E"],"character_chosen":"THE_SILENT","items_purchased":["Membership Card","Backflip+1","TwistedFunnel"],"campfire_rested":3,"item_purchase_floors":[21,21,36],"current_hp_per_floor":[59,58,58,54,53,53,47,47,47,47,23,8,27,7,26,25,56,55,55,54,54,54,38,38,38,38,57,57,57,57,53,53,35,68,64,64,55,70,69,51,43,13],"gold":189,"neow_bonus":"RANDOM_COMMON_RELIC","is_prod":false,"is_daily":false,"chose_seed":false,"campfire_upgraded":6,"win_rate":0,"timestamp":1551885941,"path_taken":["M","M","$","M","M","R","E","R","T","R","E","M","R","?","R","BOSS","M","?","M","$","?","E","M","R","T","R","M","R","?","M","R","BOSS","M","$","M","?","M","E","M","E"],"build_version":"2019-01-23","purchased_purges":3,"victory":false,"max_hp_per_floor":[66,66,66,66,66,66,66,66,66,66,66,66,66,66,66,66,66,66,66,66,66,66,66,66,66,66,66,66,66,66,66,66,66,76,76,76,76,76,76,76,76,76],"card_choices":[{"not_picked":["Dagger Throw","Poisoned Stab"],"picked":"Predator","floor":1.0},{"not_picked":["Caltrops","Dodge and Roll"],"picked":"Deadly Poison","floor":2.0},{"not_picked":["Sucker Punch","Deadly Poison"],"picked":"Dagger Throw","floor":4.0},{"not_picked":["Underhanded Strike","After Image"],"picked":"Deadly Poison","floor":5.0},{"not_picked":["A Thousand Cuts","Dagger Spray"],"picked":"Footwork","floor":7.0},{"not_picked":["Flying Knee","Heel Hook"],"picked":"Blur+1","floor":11.0},{"not_picked":["Calculated Gamble+1","Poisoned Stab"],"picked":"PiercingWail+1","floor":12.0},{"not_picked":["Corpse Explosion+1","Glass Knife"],"picked":"Bullet Time+1","floor":16.0},{"not_picked":["Sucker Punch","Underhanded Strike"],"picked":"Blur+1","floor":18.0},{"not_picked":["Leg Sweep+1","Underhanded Strike"],"picked":"Expertise+1","floor":20.0},{"not_picked":["Riddle With Holes","PiercingWail+1"],"picked":"Prepared+1","floor":22.0},{"not_picked":["Underhanded Strike","All Out Attack"],"picked":"Acrobatics+1","floor":23.0},{"not_picked":["Deflect+1","Blade Dance+1"],"picked":"Choke+1","floor":24.0},{"not_picked":["Outmaneuver+1","Dagger Spray"],"picked":"Calculated Gamble+1","floor":28.0},{"not_picked":["Setup+1","Backflip+1"],"picked":"All Out Attack","floor":31.0},{"not_picked":["Burst+1","Envenom"],"picked":"Adrenaline+1","floor":33.0},{"not_picked":["Blade Dance+1","Backflip+1","Terror+1"],"picked":"SKIP","floor":35.0},{"not_picked":["Choke","Acrobatics+1"],"picked":"Night Terror+1","floor":37.0},{"not_picked":["Underhanded Strike","Dagger Throw","Flechettes+1"],"picked":"SKIP","floor":39.0},{"not_picked":["Slice","Reflex+1"],"picked":"Well Laid Plans","floor":40.0},{"not_picked":["Acrobatics+1","Slice"],"picked":"Bullet Time+1","floor":41.0}],"player_experience":1236936,"relics_obtained":[{"floor":7.0,"key":"Torii"},{"floor":9.0,"key":"Toxic Egg 2"},{"floor":11.0,"key":"Boot"},{"floor":23.0,"key":"Du-Vu Doll"},{"floor":26.0,"key":"Lantern"},{"floor":34.0,"key":"Snake Skull"},{"floor":34.0,"key":"Pear"},{"floor":34.0,"key":"Pocketwatch"},{"floor":40.0,"key":"Mummified Hand"}],"event_choices":[{"damage_healed":0.0,"max_hp_gain":0.0,"max_hp_loss":0.0,"gold_gain":0.0,"event_name":"Shining Light","player_choice":"Entered Light","floor":14.0,"gold_loss":0.0,"damage_taken":20.0,"cards_upgraded":["Deadly Poison","Defend_G"]},{"damage_healed":0.0,"max_hp_gain":0.0,"max_hp_loss":0.0,"gold_gain":0.0,"event_name":"Lab","player_choice":"Got Potions","floor":19.0,"gold_loss":0.0,"damage_taken":0.0},{"damage_healed":0.0,"max_hp_gain":0.0,"max_hp_loss":0.0,"gold_gain":0.0,"event_name":"The Library","player_choice":"Read","floor":30.0,"gold_loss":0.0,"damage_taken":0.0,"cards_obtained":["Malaise"]},{"damage_healed":15.0,"max_hp_gain":0.0,"max_hp_loss":0.0,"gold_gain":0.0,"event_name":"Winding Halls","player_choice":"Writhe","floor":38.0,"gold_loss":0.0,"damage_taken":0.0,"cards_obtained":["Writhe"]}],"is_beta":false,"boss_relics":[{"not_picked":["Busted Crown","Coffee Dripper"],"picked":"Empty Cage"},{"not_picked":["Velvet Choker","White Beast Statue"],"picked":"Calling Bell"}],"items_purged_floors":[3,21,36],"is_endless":false,"potions_floor_spawned":[1,4,12,16,18,24,28,33,37,39,41],"killed_by":"Giant Head","ascension_level":20}