{"gold_per_floor":[12,30,30,30,44,44,72,72,144,171,171,171,186,217,217,322,322,336,348,348,359,369,398,398,398,447,447,458,493,513,513,513,513],"floor_reached":33,"playtime":3660,"items_purged":[],"score":363,"play_id":"45c93c02-81db-48b0-a4cc-018ac5d23413","local_time":"20181126232356","is_ascension_mode":true,"campfire_choices":[{"data":"Zap","floor":6,"key":"SMITH"},{"data":"Go for the Eyes","floor":8,"key":"SMITH"},{"floor":11,"key":"REST"},{"floor":15,"key":"REST"},{"data":"1","floor":24,"key":"LIFT"},{"data":"2","floor":27,"key":"LIFT"},{"floor":32,"key":"REST"}],"neow_cost":"NO_GOLD","seed_source_timestamp":18673122758949,"circlet_count":0,"master_deck":["Strike_B","Strike_B+1","Strike_B","Defend_B","Defend_B+1","Defend_B","Defend_B","Zap+1","Dualcast","Thinking Ahead+1","Panacea+1","Conserve Battery","Cold Snap","Consume","Auto Shields","Conserve Battery","Meteor Strike+1","Reinforced Body","Glacier","Pain","Hologram+1","Stack","Cold Snap+1","Seek","Stack","Glacier+1"],"relics":["Cracked Core","War Paint","Dodecahedron","Bronze Scales","Molten Egg 2","Philosopher\u0027s Stone","WarpedTongs","Girya","Meat on the Bone","Centennial Puzzle","Oddly Smooth Stone"],"potions_floor_usage":[7,10,14,16,23,23,23],"damage_taken":[{"damage":0,"enemies":"Cultist","floor":1,"turns":3},{"damage":2,"enemies":"Jaw Worm","floor":2,"turns":3},{"damage":0,"enemies":"2 Louse","floor":5,"turns":3},{"damage":18,"enemies":"Gremlin Nob","floor":7,"turns":5},{"damage":13,"enemies":"3 Sentries","floor":10,"turns":7},{"damage":0,"enemies":"Large Slime","floor":13,"turns":3},{"damage":4,"enemies":"Gremlin Nob","floor":14,"turns":3},{"damage":23,"enemies":"Hexaghost","floor":16,"turns":13},{"damage":20,"enemies":"Spheric Guardian","floor":18,"turns":5},{"damage":4,"enemies":"Shell Parasite","floor":19,"turns":6},{"damage":7,"enemies":"Cultist and Chosen","floor":21,"turns":10},{"damage":9,"enemies":"Snecko","floor":22,"turns":5},{"damage":5,"enemies":"Book of Stabbing","floor":23,"turns":5},{"damage":12,"enemies":"Snake Plant","floor":28,"turns":4},{"damage":24,"enemies":"Slavers","floor":29,"turns":7},{"damage":2,"enemies":"Chosen and Byrds","floor":30,"turns":5},{"damage":47,"enemies":"Collector","floor":33,"turns":13}],"seed_played":"7779496614737528243","potions_obtained":[{"floor":2,"key":"Weak Potion"},{"floor":7,"key":"Strength Potion"},{"floor":13,"key":"FocusPotion"},{"floor":14,"key":"Weak Potion"},{"floor":16,"key":"Dexterity Potion"},{"floor":18,"key":"Strength Potion"},{"floor":19,"key":"Strength Potion"},{"floor":21,"key":"Fire Potion"}],"is_trial":false,"path_per_floor":["M","M","?","?","M","R","E","R","T","E","R","?","M","E","R","B",null,"M","M","?","M","M","E","R","?","T","R","M","E","M","?","R","B"],"character_chosen":"DEFECT","items_purchased":[],"campfire_rested":3,"item_purchase_floors":[],"current_hp_per_floor":[75,73,66,66,66,66,48,48,48,35,57,42,42,38,60,37,75,55,51,51,44,35,30,30,30,30,30,30,18,28,14,38,0],"gold":513,"neow_bonus":"RANDOM_COLORLESS_2","is_prod":false,"is_daily":false,"chose_seed":false,"campfire_upgraded":2,"win_rate":0,"timestamp":1543303436,"path_taken":["M","?","?","?","M","R","E","R","T","E","R","?","M","E","R","BOSS","M","M","?","?","M","E","R","?","T","R","?","E","M","?","R","BOSS"],"build_version":"2018-11-15","purchased_purges":0,"victory":false,"max_hp_per_floor":[75,75,75,75,75,75,75,75,75,75,75,75,75,75,75,75,75,75,75,75,75,75,75,75,75,75,75,75,75,75,80,80,80],"card_choices":[{"not_picked":["Steam","Fusion"],"picked":"Conserve Battery","floor":1},{"not_picked":["Stack","BootSequence"],"picked":"Cold Snap","floor":2},{"not_picked":["Compile Driver","Steam Power"],"picked":"Consume","floor":5},{"not_picked":["Rebound","Cold Snap"],"picked":"Go for the Eyes","floor":7},{"not_picked":["Scrape","Turbo","Steam Power"],"picked":"SKIP","floor":10},{"not_picked":["Sweeping Beam","Streamline"],"picked":"Auto Shields","floor":13},{"not_picked":["Barrage","Skim"],"picked":"Conserve Battery","floor":14},{"not_picked":["Multi-Cast","Hyperbeam+1"],"picked":"Meteor Strike+1","floor":16},{"not_picked":["Steam","Streamline+1"],"picked":"Reinforced Body","floor":18},{"not_picked":["Ball Lightning+1","Coolheaded"],"picked":"Glacier","floor":19},{"not_picked":["Fusion","Gash+1"],"picked":"Hologram+1","floor":21},{"not_picked":["Steam+1","Rebound+1"],"picked":"Stack","floor":22},{"not_picked":["Conserve Battery+1","Genetic Algorithm+1"],"picked":"Cold Snap+1","floor":23},{"not_picked":["Conserve Battery+1","Heatsinks+1"],"picked":"Seek","floor":28},{"not_picked":["Gash+1","Compile Driver+1"],"picked":"Stack","floor":29},{"not_picked":["Heatsinks","Turbo"],"picked":"Glacier+1","floor":30}],"player_experience":264816,"relics_obtained":[{"floor":7,"key":"War Paint"},{"floor":9,"key":"Dodecahedron"},{"floor":10,"key":"Bronze Scales"},{"floor":14,"key":"Molten Egg 2"},{"floor":23,"key":"Girya"},{"floor":26,"key":"Centennial Puzzle"},{"floor":29,"key":"Oddly Smooth Stone"}],"event_choices":[{"cards_removed":["Strike_B"],"damage_healed":0,"gold_gain":0,"player_choice":"Card Removal","damage_taken":7,"max_hp_gain":0,"max_hp_loss":0,"event_name":"Golden Wing","floor":3,"gold_loss":0},{"damage_healed":0,"gold_gain":0,"player_choice":"Leave","damage_taken":0,"max_hp_gain":0,"max_hp_loss":0,"event_name":"The Cleric","floor":4,"gold_loss":0},{"damage_healed":0,"gold_gain":0,"player_choice":"Entered Light","damage_taken":15,"max_hp_gain":0,"max_hp_loss":0,"event_name":"Shining Light","floor":12,"gold_loss":0,"cards_upgraded":["Strike_B","Defend_B"]},{"damage_healed":0,"gold_gain":0,"player_choice":"Rummage","damage_taken":0,"relics_obtained":["WarpedTongs"],"max_hp_gain":0,"max_hp_loss":0,"event_name":"Accursed Blacksmith","floor":20,"gold_loss":0,"cards_obtained":["Pain"]},{"cards_removed":["Go for the Eyes"],"damage_healed":0,"gold_gain":0,"player_choice":"Gave Card","damage_taken":0,"relics_obtained":["Meat on the Bone"],"max_hp_gain":0,"max_hp_loss":0,"event_name":"WeMeetAgain","floor":25,"gold_loss":0},{"damage_healed":0,"gold_gain":0,"player_choice":"Shed Blood","damage_taken":19,"max_hp_gain":5,"max_hp_loss":0,"event_name":"Forgotten Altar","floor":31,"gold_loss":0}],"is_beta":true,"boss_relics":[{"not_picked":["Snecko Eye","Lizard Tail"],"picked":"Philosopher\u0027s Stone"}],"items_purged_floors":[],"is_endless":false,"potions_floor_spawned":[2,7,13,14,16,18,19,21],"killed_by":"Collector","ascension_level":2}