{"gold_per_floor":[119,136,154,165,177,209,209,230,230,247,247,247,261,276,276,373,373,388,403,403,83,99,99,117,117,117,77,104,120,131,31,31,31],"floor_reached":33,"playtime":3693,"items_purged":["Defend_R","Defend_R"],"score":273,"play_id":"b7c49219-3157-4acf-a175-55ee582345f7","local_time":"20190329131558","is_ascension_mode":false,"campfire_choices":[{"floor":7.0,"key":"REST"},{"floor":12.0,"key":"REST"},{"floor":15.0,"key":"REST"},{"floor":23.0,"key":"REST"},{"floor":25.0,"key":"REST"},{"floor":32.0,"key":"REST"}],"neow_cost":"TEN_PERCENT_HP_LOSS","seed_source_timestamp":0,"circlet_count":0,"master_deck":["Strike_R","Strike_R","Strike_R","Defend_R","Bash","Shrug It Off","Reckless Charge","Anger","Fire Breathing","Pommel Strike","Armaments","Perfected Strike","Dual Wield","Seeing Red","Headbutt","Whirlwind","Limit Break+1","Heavy Blade","Sword Boomerang","Infernal Blade","Battle Trance","Fire Breathing","Flex","Inflame","Reaper","Anger","Fire Breathing+1","Clash+1"],"special_seed":0,"relics":["Burning Blood","Girya","Odd Mushroom","Bottled Tornado","Orrery","Mummified Hand","Frozen Egg 2","Ornamental Fan"],"potions_floor_usage":[],"damage_taken":[{"damage":3.0,"enemies":"Jaw Worm","floor":1.0,"turns":3.0},{"damage":0.0,"enemies":"2 Louse","floor":2.0,"turns":3.0},{"damage":1.0,"enemies":"Cultist","floor":3.0,"turns":3.0},{"damage":13.0,"enemies":"Gremlin Gang","floor":4.0,"turns":4.0},{"damage":8.0,"enemies":"3 Louse","floor":5.0,"turns":3.0},{"damage":45.0,"enemies":"Lagavulin","floor":6.0,"turns":6.0},{"damage":26.0,"enemies":"The Mushroom Lair","floor":8.0,"turns":3.0},{"damage":15.0,"enemies":"Exordium Thugs","floor":10.0,"turns":4.0},{"damage":11.0,"enemies":"Large Slime","floor":13.0,"turns":5.0},{"damage":5.0,"enemies":"Red Slaver","floor":14.0,"turns":3.0},{"damage":31.0,"enemies":"Slime Boss","floor":16.0,"turns":9.0},{"damage":19.0,"enemies":"Chosen","floor":18.0,"turns":5.0},{"damage":39.0,"enemies":"Shell Parasite","floor":19.0,"turns":6.0},{"damage":18.0,"enemies":"Snecko","floor":22.0,"turns":4.0},{"damage":26.0,"enemies":"Chosen and Byrds","floor":24.0,"turns":5.0},{"damage":35.0,"enemies":"Gremlin Leader","floor":28.0,"turns":5.0},{"damage":15.0,"enemies":"Sentry and Sphere","floor":29.0,"turns":4.0},{"damage":17.0,"enemies":"Centurion and Healer","floor":30.0,"turns":5.0},{"damage":66,"enemies":"Champ","floor":33,"turns":8}],"seed_played":"-4871111027100560726","potions_obtained":[{"floor":2.0,"key":"Fire Potion"},{"floor":6.0,"key":"Swift Potion"},{"floor":8.0,"key":"EssenceOfSteel"},{"floor":16.0,"key":"Explosive Potion"},{"floor":19.0,"key":"Regen Potion"},{"floor":22.0,"key":"Poison Potion"},{"floor":27.0,"key":"Ancient Potion"},{"floor":27.0,"key":"Fire Potion"},{"floor":27.0,"key":"EssenceOfSteel"},{"floor":28.0,"key":"FairyPotion"},{"floor":29.0,"key":"SpeedPotion"}],"is_trial":false,"path_per_floor":["M","M","M","M","M","E","R","?","T","M","?","R","M","M","R","B",null,"M","M","?","$","M","R","M","R","T","?","E","M","M","$","R","B"],"character_chosen":"IRONCLAD","items_purchased":["Mummified Hand"],"campfire_rested":6,"item_purchase_floors":[21],"current_hp_per_floor":[72,72,72,65,63,24,45,25,25,16,16,37,32,33,54,29,72,59,26,26,26,19,40,20,41,41,41,30,21,15,15,36,0],"gold":31,"neow_bonus":"TRANSFORM_TWO_CARDS","is_prod":false,"is_daily":false,"chose_seed":false,"campfire_upgraded":0,"win_rate":0,"timestamp":1553879758,"path_taken":["M","M","M","M","M","E","R","?","T","M","?","R","?","?","R","BOSS","M","M","?","$","M","R","?","R","T","?","E","?","M","$","R","BOSS"],"build_version":"2019-01-23","purchased_purges":2,"victory":false,"max_hp_per_floor":[72,72,72,72,72,72,72,72,72,72,72,72,72,72,72,72,72,72,72,72,72,72,72,72,72,72,72,72,72,72,72,72,72],"card_choices":[{"not_picked":["Corruption","Shrug It Off"],"picked":"Anger","floor":1.0},{"not_picked":["Heavy Blade","Sword Boomerang"],"picked":"Fire Breathing","floor":2.0},{"not_picked":["Fiend Fire","Disarm"],"picked":"Pommel Strike","floor":3.0},{"not_picked":["Shrug It Off","Iron Wave"],"picked":"Armaments","floor":4.0},{"not_picked":["True Grit","Thunderclap"],"picked":"Perfected Strike","floor":5.0},{"not_picked":["Headbutt","Rupture"],"picked":"Dual Wield","floor":6.0},{"not_picked":["Sword Boomerang","Cleave"],"picked":"Seeing Red","floor":8.0},{"not_picked":["Thunderclap","Heavy Blade","Dual Wield"],"picked":"SKIP","floor":10.0},{"not_picked":["Thunderclap","Bloodletting"],"picked":"Headbutt","floor":13.0},{"not_picked":["Pommel Strike","Dual Wield"],"picked":"Whirlwind","floor":14.0},{"not_picked":["Berserk","Fiend Fire"],"picked":"Limit Break","floor":16.0},{"not_picked":["Armaments","Clash"],"picked":"Heavy Blade","floor":17.0},{"not_picked":["Shockwave","Disarm"],"picked":"Sword Boomerang","floor":17.0},{"not_picked":["Thunderclap","Armaments"],"picked":"Infernal Blade","floor":17.0},{"not_picked":["Disarm","Cleave"],"picked":"Battle Trance","floor":17.0},{"not_picked":["Twin Strike","Hemokinesis"],"picked":"Fire Breathing","floor":17.0},{"not_picked":["True Grit+1","Headbutt"],"picked":"Flex","floor":18.0},{"not_picked":["Impervious","Iron Wave"],"picked":"Inflame","floor":19.0},{"not_picked":["Pommel Strike","Thunderclap","Clothesline"],"picked":"SKIP","floor":22.0},{"not_picked":["Iron Wave","True Grit"],"picked":"Reaper","floor":24.0},{"not_picked":["Thunderclap","Pommel Strike+1"],"picked":"Anger","floor":28.0},{"not_picked":["Metallicize+1","Pommel Strike"],"picked":"Fire Breathing+1","floor":29.0},{"not_picked":["Reckless Charge","Brutality+1"],"picked":"Clash+1","floor":30.0}],"player_experience":46964,"relics_obtained":[{"floor":6.0,"key":"Girya"},{"floor":8.0,"key":"Odd Mushroom"},{"floor":9.0,"key":"Bottled Tornado"},{"floor":26.0,"key":"Frozen Egg 2"},{"floor":28.0,"key":"Ornamental Fan"}],"event_choices":[{"damage_healed":0.0,"max_hp_gain":0.0,"max_hp_loss":0.0,"gold_gain":0.0,"event_name":"Mushrooms","player_choice":"Fought Mushrooms","floor":8.0,"gold_loss":0.0,"damage_taken":0.0},{"cards_removed":["Strike_R"],"damage_healed":0.0,"max_hp_gain":0.0,"max_hp_loss":0.0,"gold_gain":0.0,"event_name":"Wheel of Change","player_choice":"Card Removal","floor":11.0,"gold_loss":0.0,"damage_taken":0.0},{"damage_healed":0.0,"max_hp_gain":0.0,"max_hp_loss":0.0,"gold_gain":0.0,"event_name":"Accursed Blacksmith","player_choice":"Forge","floor":20.0,"gold_loss":0.0,"damage_taken":0.0,"cards_upgraded":["Limit Break"]},{"damage_healed":0.0,"max_hp_gain":0.0,"max_hp_loss":0.0,"gold_gain":0.0,"event_name":"The Woman in Blue","player_choice":"Bought 3 Potions","floor":27.0,"gold_loss":0.0,"damage_taken":0.0}],"is_beta":false,"boss_relics":[{"not_picked":["Busted Crown","Calling Bell"],"picked":"Orrery"}],"items_purged_floors":[21,31],"is_endless":false,"potions_floor_spawned":[2,6,8,16,19,22,28,29],"killed_by":"Champ","ascension_level":0}