{"gold_per_floor":[114,134,59,24,43,71,71,105,152,169,195,195,223,233,233,307,307,323,323,335,353,11,46,46,79,79,139,139,139,153,182,182,260,260,276,65,65,65,80,80,80],"floor_reached":41,"playtime":2308,"items_purged":["Strike_G","Pain","Defend_G"],"score":1069,"play_id":"2aeccf9b-c774-4ddd-822d-f84065c05d37","local_time":"20190403233033","is_ascension_mode":true,"campfire_choices":[{"floor":7.0,"key":"REST"},{"floor":15.0,"key":"REST"},{"floor":24.0,"key":"REST"},{"floor":29.0,"key":"RECALL"},{"floor":32.0,"key":"REST"},{"floor":40,"key":"REST"}],"neow_cost":"NONE","seed_source_timestamp":0,"circlet_count":0,"master_deck":["AscendersBane","Defend_G","Defend_G","Defend_G","Defend_G","Survivor","Neutralize","Predator","Dagger Spray","Dagger Throw","Choke","Flying Knee","PiercingWail","Backflip","Dagger Throw","Bouncing Flask","Wraith Form v2","Caltrops","Wraith Form v2","Well Laid Plans","Crippling Poison","Footwork","Envenom","Heel Hook+1","PiercingWail","Bite+1","Bite+1","Bite+1","Bite+1","Bite+1","After Image","Footwork","Infinite Blades","Neutralize+1"],"special_seed":0,"relics":["Fusion Hammer","Meat on the Bone","Lantern","Art of War","Anchor","WarpedTongs","Bird Faced Urn","Black Star","Pen Nib","Orichalcum","Gambling Chip","Gremlin Horn","Molten Egg 2","Vajra","Tiny Chest","WingedGreaves","Bottled Flame","Ninja Scroll","Philosopher\u0027s Stone"],"potions_floor_usage":[],"damage_taken":[{"damage":6.0,"enemies":"Cultist","floor":1.0,"turns":5.0},{"damage":0.0,"enemies":"Small Slimes","floor":2.0,"turns":2.0},{"damage":0.0,"enemies":"2 Louse","floor":5.0,"turns":2.0},{"damage":32.0,"enemies":"Gremlin Nob","floor":6.0,"turns":4.0},{"damage":4.0,"enemies":"3 Sentries","floor":8.0,"turns":7.0},{"damage":1.0,"enemies":"Red Slaver","floor":10.0,"turns":3.0},{"damage":3.0,"enemies":"Gremlin Nob","floor":11.0,"turns":3.0},{"damage":11.0,"enemies":"3 Sentries","floor":13.0,"turns":7.0},{"damage":0.0,"enemies":"2 Fungi Beasts","floor":14.0,"turns":2.0},{"damage":12.0,"enemies":"Hexaghost","floor":16.0,"turns":9.0},{"damage":16.0,"enemies":"3 Byrds","floor":18.0,"turns":6.0},{"damage":24.0,"enemies":"2 Thieves","floor":20.0,"turns":5.0},{"damage":23.0,"enemies":"Chosen and Byrds","floor":21.0,"turns":5.0},{"damage":5.0,"enemies":"Gremlin Leader","floor":23.0,"turns":7.0},{"damage":0.0,"enemies":"Book of Stabbing","floor":25.0,"turns":6.0},{"damage":8.0,"enemies":"Slavers","floor":27.0,"turns":6.0},{"damage":0.0,"enemies":"Centurion and Healer","floor":30.0,"turns":7.0},{"damage":12.0,"enemies":"Book of Stabbing","floor":31.0,"turns":6.0},{"damage":13.0,"enemies":"Automaton","floor":33.0,"turns":12.0},{"damage":5.0,"enemies":"Orb Walker","floor":35.0,"turns":3.0},{"damage":4.0,"enemies":"3 Darklings","floor":39.0,"turns":6.0},{"damage":4,"enemies":"Reptomancer","floor":41,"turns":7}],"seed_played":"9016143307342311889","potions_obtained":[{"floor":1.0,"key":"FearPotion"},{"floor":8.0,"key":"SkillPotion"},{"floor":11.0,"key":"Block Potion"},{"floor":13.0,"key":"SteroidPotion"},{"floor":20.0,"key":"Regen Potion"},{"floor":21.0,"key":"Fire Potion"},{"floor":27.0,"key":"Ancient Potion"},{"floor":33.0,"key":"LiquidBronze"}],"is_trial":false,"path_per_floor":["M","M","$","?","M","E","R","E","T","M","E","?","E","M","R","B",null,"M","?","M","M","$","E","R","E","T","E","?","R","M","E","R","B",null,"M","$","?","?","M","R","E"],"character_chosen":"THE_SILENT","items_purchased":["Footwork","Pen Nib","Infinite Blades"],"campfire_rested":5,"item_purchase_floors":[22,22,36],"current_hp_per_floor":[53,53,53,66,66,34,53,49,49,48,45,45,34,34,53,41,60,44,44,36,31,31,36,55,66,66,59,46,46,46,46,46,46,46,44,44,44,44,46,46,46],"gold":80,"neow_bonus":"BOSS_RELIC","is_prod":false,"is_daily":false,"chose_seed":false,"campfire_upgraded":0,"win_rate":0,"timestamp":1554330633,"path_taken":["M","M","$","?","M","E","R","E","T","M","E","?","E","M","R","BOSS","M","?","?","M","$","E","R","E","T","E","?","R","M","E","R","BOSS","M","$","?","?","M","R","E"],"build_version":"2019-01-23","purchased_purges":3,"victory":false,"max_hp_per_floor":[66,66,66,66,66,66,66,66,66,66,66,66,66,66,66,66,66,66,66,66,66,66,66,66,66,66,66,46,46,46,46,46,46,46,46,46,46,46,46,46,46],"card_choices":[{"not_picked":["Tactician","Outmaneuver"],"picked":"Predator","floor":1.0},{"not_picked":["Outmaneuver","Setup"],"picked":"Dagger Spray","floor":2.0},{"not_picked":["Quick Slash","Prepared"],"picked":"Dagger Throw","floor":5.0},{"not_picked":["Skewer","PiercingWail"],"picked":"Choke","floor":6.0},{"not_picked":["Tactician","Poisoned Stab"],"picked":"Flying Knee","floor":8.0},{"not_picked":["Underhanded Strike","Bane"],"picked":"PiercingWail","floor":10.0},{"not_picked":["Dodge and Roll","Escape Plan"],"picked":"Backflip","floor":11.0},{"not_picked":["Finisher","Outmaneuver"],"picked":"Dagger Throw","floor":13.0},{"not_picked":["Distraction","Poisoned Stab"],"picked":"Bouncing Flask","floor":14.0},{"not_picked":["Doppelganger","Storm of Steel"],"picked":"Wraith Form v2","floor":16.0},{"not_picked":["Bouncing Flask","PiercingWail"],"picked":"Caltrops","floor":18.0},{"not_picked":["Bouncing Flask","All Out Attack"],"picked":"Well Laid Plans","floor":20.0},{"not_picked":["Expertise+1","Blur"],"picked":"Crippling Poison","floor":21.0},{"not_picked":["Prepared","Dagger Throw"],"picked":"Envenom","floor":23.0},{"not_picked":["Escape Plan+1","Accuracy"],"picked":"Heel Hook","floor":25.0},{"not_picked":["Flying Knee+1","Endless Agony+1"],"picked":"PiercingWail","floor":27.0},{"not_picked":["Flying Knee+1","Slice+1","Blade Dance"],"picked":"SKIP","floor":30.0},{"not_picked":["Underhanded Strike+1","Blur","Dagger Throw+1"],"picked":"SKIP","floor":31.0},{"not_picked":["Glass Knife+1","Phantasmal Killer"],"picked":"After Image","floor":33.0},{"not_picked":["Slice+1","Deflect"],"picked":"Footwork","floor":35.0},{"not_picked":["Eviscerate+1","Endless Agony+1","Bane+1"],"picked":"SKIP","floor":39.0}],"player_experience":1285879,"relics_obtained":[{"floor":6.0,"key":"Meat on the Bone"},{"floor":8.0,"key":"Lantern"},{"floor":9.0,"key":"Art of War"},{"floor":11.0,"key":"Anchor"},{"floor":13.0,"key":"Bird Faced Urn"},{"floor":23.0,"key":"Orichalcum"},{"floor":23.0,"key":"Gambling Chip"},{"floor":25.0,"key":"Gremlin Horn"},{"floor":25.0,"key":"Molten Egg 2"},{"floor":26.0,"key":"Vajra"},{"floor":27.0,"key":"Tiny Chest"},{"floor":27.0,"key":"WingedGreaves"},{"floor":31.0,"key":"Bottled Flame"},{"floor":31.0,"key":"Ninja Scroll"}],"event_choices":[{"damage_healed":16.0,"max_hp_gain":0.0,"max_hp_loss":0.0,"gold_gain":0.0,"event_name":"The Cleric","player_choice":"Healed","floor":4.0,"gold_loss":35.0,"damage_taken":0.0},{"damage_healed":0.0,"max_hp_gain":0.0,"max_hp_loss":0.0,"gold_gain":0.0,"event_name":"Accursed Blacksmith","player_choice":"Rummage","floor":12.0,"gold_loss":0.0,"damage_taken":0.0,"relics_obtained":["WarpedTongs"],"cards_obtained":["Pain"]},{"damage_healed":0.0,"max_hp_gain":0.0,"max_hp_loss":0.0,"gold_gain":0.0,"event_name":"Duplicator","player_choice":"Copied","floor":19.0,"gold_loss":0.0,"damage_taken":0.0,"cards_obtained":["Wraith Form v2"]},{"damage_healed":0.0,"max_hp_gain":0.0,"max_hp_loss":20.0,"gold_gain":0.0,"event_name":"Vampires","player_choice":"Became a vampire","floor":28.0,"gold_loss":0.0,"damage_taken":0.0,"cards_obtained":["Bite","Bite","Bite","Bite","Bite"]},{"damage_healed":0.0,"max_hp_gain":0.0,"max_hp_loss":0.0,"gold_gain":0.0,"event_name":"Mysterious Sphere","player_choice":"Ignored","floor":37.0,"gold_loss":0.0,"damage_taken":0.0},{"damage_healed":0.0,"max_hp_gain":0.0,"max_hp_loss":0.0,"gold_gain":0.0,"event_name":"Match and Keep!","player_choice":"1 cards matched","floor":38.0,"gold_loss":0.0,"damage_taken":0.0,"cards_obtained":["Neutralize"]}],"is_beta":false,"boss_relics":[{"not_picked":["Velvet Choker","White Beast Statue"],"picked":"Black Star"},{"not_picked":["HoveringKite","Tiny House"],"picked":"Philosopher\u0027s Stone"}],"items_purged_floors":[3,22,36],"is_endless":false,"potions_floor_spawned":[1,8,11,13,20,21,27,33,35],"killed_by":"Reptomancer","ascension_level":20}