{"gold_per_floor":[117,117,130,143,143,175,194,219,268,303,52,115,115,132,132,232,232,243,259,277,292,197,197,147,182,182,182],"floor_reached":27,"playtime":1326,"items_purged":["Normality","Writhe"],"score":291,"play_id":"9f299c32-ed64-42dc-b3b3-a5b51c0fea2f","local_time":"20190413194325","is_ascension_mode":true,"campfire_choices":[{"data":"Warcry","floor":13,"key":"SMITH"},{"data":"Havoc","floor":15,"key":"SMITH"},{"floor":23,"key":"REST"}],"neow_cost":"NONE","seed_source_timestamp":3476621609769,"circlet_count":0,"master_deck":["Strike_R","Strike_R","Strike_R","Strike_R","Strike_R","Defend_R","Defend_R","Defend_R","Defend_R","Bash","Dramatic Entrance","Dropkick","Warcry+1","Havoc+1","Shrug It Off","Pommel Strike","Metallicize","Iron Wave+1","Feel No Pain","Body Slam+1","Ghostly Armor","Dark Embrace","Exhume","Injury","Blood for Blood+1","Havoc","Body Slam+1"],"relics":["Burning Blood","Shuriken","Self Forming Clay","Blue Candle","Oddly Smooth Stone","Molten Egg 2","Pen Nib","Pantograph","Calling Bell","Smiling Mask","Singing Bowl","Peace Pipe","Lantern","Sundial"],"potions_floor_usage":[10,18],"damage_taken":[{"damage":6,"enemies":"Cultist","floor":1,"turns":3},{"damage":6,"enemies":"Jaw Worm","floor":3,"turns":3},{"damage":0,"enemies":"Small Slimes","floor":4,"turns":3},{"damage":39,"enemies":"Lagavulin","floor":6,"turns":6},{"damage":7,"enemies":"3 Louse","floor":7,"turns":3},{"damage":9,"enemies":"3 Sentries","floor":8,"turns":7},{"damage":18,"enemies":"Lagavulin","floor":10,"turns":5},{"damage":9,"enemies":"3 Sentries","floor":12,"turns":7},{"damage":4,"enemies":"Red Slaver","floor":14,"turns":2},{"damage":57,"enemies":"The Guardian","floor":16,"turns":10},{"damage":19,"enemies":"Spheric Guardian","floor":18,"turns":6},{"damage":19,"enemies":"2 Thieves","floor":19,"turns":5},{"damage":32,"enemies":"Sentry and Sphere","floor":20,"turns":8},{"damage":29,"enemies":"Snecko","floor":21,"turns":7},{"damage":30,"enemies":"Book of Stabbing","floor":25,"turns":6}],"seed_played":"4240691460135092317","potions_obtained":[{"floor":6,"key":"Regen Potion"},{"floor":8,"key":"SpeedPotion"},{"floor":16,"key":"AttackPotion"},{"floor":19,"key":"Dexterity Potion"},{"floor":25,"key":"EssenceOfSteel"}],"is_trial":false,"path_per_floor":["M","T","M","M","?","E","M","E","T","E","$","?","R","M","R","B",null,"M","M","M","M","$","R","$","E","T","?"],"character_chosen":"IRONCLAD","items_purchased":["Feel No Pain","Body Slam+1","Pen Nib","Body Slam+1"],"campfire_rested":1,"item_purchase_floors":[11,11,11,22],"current_hp_per_floor":[80,80,80,80,85,52,51,48,48,50,50,47,47,49,49,23,85,72,61,35,14,14,40,40,18,18,0],"gold":182,"neow_bonus":"RANDOM_COLORLESS","is_prod":false,"is_daily":false,"chose_seed":false,"campfire_upgraded":2,"win_rate":0,"timestamp":1555181005,"path_taken":["M","?","M","M","?","E","M","E","T","E","$","?","R","M","R","BOSS","M","M","M","M","$","R","$","E","T","?"],"build_version":"2019-01-23","purchased_purges":2,"victory":false,"max_hp_per_floor":[80,80,80,80,85,85,85,85,85,85,85,85,85,85,85,85,85,85,87,87,89,89,89,89,91,91,96],"card_choices":[{"not_picked":["Iron Wave","Wild Strike"],"picked":"Dropkick","floor":1},{"not_picked":["Perfected Strike","Flame Barrier"],"picked":"Warcry","floor":3},{"not_picked":["Pommel Strike","Uppercut"],"picked":"Havoc","floor":4},{"not_picked":["True Grit","Iron Wave"],"picked":"Shrug It Off","floor":6},{"not_picked":["Twin Strike","Shrug It Off"],"picked":"Pommel Strike","floor":7},{"not_picked":["Inflame","Rampage"],"picked":"Metallicize","floor":8},{"not_picked":["Fire Breathing","Havoc"],"picked":"Iron Wave","floor":10},{"not_picked":["Clothesline+1","Body Slam+1"],"picked":"Ghostly Armor","floor":12},{"not_picked":["Cleave+1","Headbutt+1"],"picked":"Dark Embrace","floor":14},{"not_picked":["Limit Break","Dark Embrace"],"picked":"Exhume","floor":16},{"not_picked":["Shrug It Off","Pummel+1"],"picked":"Blood for Blood+1","floor":18},{"not_picked":["Flex","Hemokinesis+1","Pommel Strike+1"],"picked":"Singing Bowl","floor":19},{"not_picked":["Iron Wave+1","Thunderclap+1"],"picked":"Havoc","floor":20},{"not_picked":["Headbutt+1","Clash+1","Pummel+1"],"picked":"Singing Bowl","floor":21},{"not_picked":["Power Through","Clothesline+1","Dark Embrace"],"picked":"Singing Bowl","floor":25}],"player_experience":165898,"relics_obtained":[{"floor":2,"key":"Shuriken"},{"floor":6,"key":"Self Forming Clay"},{"floor":8,"key":"Blue Candle"},{"floor":9,"key":"Oddly Smooth Stone"},{"floor":10,"key":"Molten Egg 2"},{"floor":12,"key":"Pantograph"},{"floor":17,"key":"Smiling Mask"},{"floor":17,"key":"Singing Bowl"},{"floor":17,"key":"Peace Pipe"},{"floor":25,"key":"Lantern"},{"floor":26,"key":"Sundial"}],"event_choices":[{"damage_healed":0,"gold_gain":0,"player_choice":"Donut","damage_taken":0,"max_hp_gain":5,"max_hp_loss":0,"event_name":"Big Fish","floor":5,"gold_loss":0},{"damage_healed":0,"gold_gain":0,"player_choice":"Searched \u00271\u0027 times","damage_taken":0,"max_hp_gain":0,"max_hp_loss":0,"event_name":"Dead Adventurer","floor":12,"gold_loss":0}],"is_beta":false,"boss_relics":[{"not_picked":["Lizard Tail","Runic Dome"],"picked":"Calling Bell"}],"items_purged_floors":[22,24],"is_endless":false,"potions_floor_spawned":[6,8,16,19,25],"ascension_level":1}