{"gold_per_floor":[115,115,115,115,126,126,92,102,155,155,174,61,77,92,92,92],"floor_reached":16,"playtime":471,"items_purged":[],"score":92,"play_id":"7255cb7d-3659-477a-9ad5-974436b5fac9","local_time":"20190523141923","is_ascension_mode":false,"campfire_choices":[{"data":"Survivor","floor":6.0,"key":"SMITH"},{"floor":15.0,"key":"REST"}],"neow_cost":"TEN_PERCENT_HP_LOSS","seed_source_timestamp":610344053394855,"circlet_count":0,"master_deck":["Defend_G","Defend_G","Defend_G","Defend_G+1","Strike_G","Strike_G","Strike_G","Strike_G","Survivor+1","Neutralize+1","Predator","Deadly Poison","Footwork","Crippling Poison","Corpse Explosion","Cloak And Dagger"],"special_seed":0,"relics":["Ring of the Snake"],"potions_floor_usage":[],"damage_taken":[{"damage":0.0,"enemies":"2 Louse","floor":1.0,"turns":4.0},{"damage":0.0,"enemies":"Jaw Worm","floor":5.0,"turns":4.0},{"damage":0.0,"enemies":"Cultist","floor":8.0,"turns":3.0},{"damage":1.0,"enemies":"Blue Slaver","floor":11.0,"turns":4.0},{"damage":19.0,"enemies":"Exordium Thugs","floor":13.0,"turns":5.0},{"damage":0.0,"enemies":"3 Louse","floor":14.0,"turns":2.0},{"damage":49,"enemies":"Slime Boss","floor":16,"turns":9}],"seed_played":"3577040325544092449","potions_obtained":[{"floor":5.0,"key":"Fire Potion"},{"floor":11.0,"key":"SteroidPotion"}],"is_trial":false,"path_per_floor":["M","$","?","?","M","R","$","M","T","?","M","$","M","M","R","B"],"character_chosen":"THE_SILENT","items_purchased":["Predator","Footwork","Crippling Poison"],"campfire_rested":1,"item_purchase_floors":[7,12,12],"current_hp_per_floor":[63,63,50,50,50,50,50,50,50,50,49,49,30,30,48,0],"gold":92,"neow_bonus":"REMOVE_TWO","is_prod":false,"is_daily":false,"chose_seed":false,"campfire_upgraded":1,"win_rate":0,"timestamp":1558592363,"path_taken":["M","$","?","?","?","R","$","M","T","?","M","$","M","M","R","BOSS"],"build_version":"2019-01-23","purchased_purges":0,"victory":false,"max_hp_per_floor":[63,63,63,63,63,63,63,63,63,63,63,63,63,63,63,63],"card_choices":[{"not_picked":["Poisoned Stab","Tactician","Skewer"],"picked":"SKIP","floor":1.0},{"not_picked":["Blade Dance","Bane","Flying Knee"],"picked":"SKIP","floor":5.0},{"not_picked":["Prepared","Skewer","Blade Dance"],"picked":"SKIP","floor":8.0},{"not_picked":["Finisher","Terror"],"picked":"Deadly Poison","floor":11.0},{"not_picked":["Poisoned Stab","Calculated Gamble"],"picked":"Corpse Explosion","floor":13.0},{"not_picked":["Quick Slash","Deadly Poison"],"picked":"Cloak And Dagger","floor":14.0}],"player_experience":576368,"relics_obtained":[],"event_choices":[{"damage_healed":0.0,"max_hp_gain":0.0,"max_hp_loss":0.0,"gold_gain":0.0,"event_name":"Shining Light","player_choice":"Entered Light","floor":3.0,"gold_loss":0.0,"damage_taken":13.0,"cards_upgraded":["Defend_G","Neutralize"]},{"damage_healed":0.0,"max_hp_gain":0.0,"max_hp_loss":0.0,"gold_gain":0.0,"event_name":"NoteForYourself","player_choice":"Ignored","floor":4.0,"gold_loss":0.0,"damage_taken":0.0},{"damage_healed":0.0,"max_hp_gain":0.0,"max_hp_loss":0.0,"gold_gain":0.0,"event_name":"The Woman in Blue","player_choice":"Bought 0 Potions","floor":10.0,"gold_loss":0.0,"damage_taken":0.0}],"is_beta":false,"boss_relics":[],"items_purged_floors":[],"is_endless":false,"potions_floor_spawned":[5,11],"killed_by":"Slime Boss","ascension_level":0}