{"gold_per_floor":[112,131,141,152,152,183,197,197,197,230,249,284,298,298,298,400,400,420,432,21,21,31,31,41,41,65,80,91,103,103,114,114,218,218,229,154,154,165,65,65,95,105,105,105,37,64,64,81,81,81,81,81,29,64,64],"floor_reached":56,"playtime":4335,"items_purged":["Normality","Pain"],"score":1208,"play_id":"654217c9-4506-4195-b04f-9c549eba9003","local_time":"20190523124946","is_ascension_mode":false,"campfire_choices":[{"floor":8.0,"key":"RECALL"},{"data":"Shockwave","floor":15.0,"key":"SMITH"},{"data":"Armaments","floor":23.0,"key":"SMITH"},{"data":"Fiend Fire","floor":25.0,"key":"SMITH"},{"data":"Spot Weakness","floor":30.0,"key":"SMITH"},{"data":"True Grit","floor":32.0,"key":"SMITH"},{"data":"Feel No Pain","floor":40.0,"key":"SMITH"},{"data":"Limit Break","floor":47,"key":"SMITH"},{"data":"Rage","floor":49,"key":"SMITH"},{"data":"1","floor":52,"key":"LIFT"}],"neow_cost":"NONE","seed_source_timestamp":0,"circlet_count":0,"master_deck":["Strike_R","Strike_R","Strike_R","Strike_R","Strike_R","Defend_R","Defend_R","Defend_R","Bash","Iron Wave","Fiend Fire+1","Anger","Shockwave+1","Shrug It Off","Intimidate","Headbutt","Armaments+1","True Grit+1","Offering","Pommel Strike+1","Shrug It Off","Spot Weakness+1","Double Tap","Regret","Warcry+1","Feel No Pain+1","True Grit+1","Shrug It Off+1","Limit Break+1","Rage+1","Warcry","Pommel Strike+1"],"special_seed":0,"relics":["Burning Blood","Mango","Bag of Preparation","Champion Belt","Meat on the Bone","Coffee Dripper","Bag of Marbles","Shuriken","Orichalcum","Calling Bell","Ancient Tea Set","Mummified Hand","Girya","Pear","Blood Vial","Paper Frog","Oddly Smooth Stone"],"potions_floor_usage":[55,55,55,55,55],"damage_taken":[{"damage":0.0,"enemies":"Small Slimes","floor":1.0,"turns":3.0},{"damage":1.0,"enemies":"Jaw Worm","floor":2.0,"turns":3.0},{"damage":1.0,"enemies":"Cultist","floor":3.0,"turns":3.0},{"damage":13.0,"enemies":"Lots of Slimes","floor":4.0,"turns":5.0},{"damage":11.0,"enemies":"Gremlin Nob","floor":6.0,"turns":4.0},{"damage":7.0,"enemies":"Looter","floor":7.0,"turns":3.0},{"damage":31.0,"enemies":"Lagavulin","floor":10.0,"turns":5.0},{"damage":6.0,"enemies":"Exordium Wildlife","floor":11.0,"turns":5.0},{"damage":7.0,"enemies":"Gremlin Nob","floor":12.0,"turns":3.0},{"damage":6.0,"enemies":"Large Slime","floor":13.0,"turns":6.0},{"damage":38.0,"enemies":"The Guardian","floor":16.0,"turns":14.0},{"damage":11.0,"enemies":"2 Thieves","floor":18.0,"turns":4.0},{"damage":6.0,"enemies":"Chosen","floor":19.0,"turns":3.0},{"damage":0.0,"enemies":"Snake Plant","floor":22.0,"turns":2.0},{"damage":12.0,"enemies":"Cultist and Chosen","floor":24.0,"turns":4.0},{"damage":6.0,"enemies":"Sentry and Sphere","floor":27.0,"turns":2.0},{"damage":16.0,"enemies":"Shelled Parasite and Fungi","floor":28.0,"turns":3.0},{"damage":8.0,"enemies":"3 Cultists","floor":29.0,"turns":4.0},{"damage":7.0,"enemies":"Snecko","floor":31.0,"turns":3.0},{"damage":18.0,"enemies":"Automaton","floor":33.0,"turns":6.0},{"damage":49.0,"enemies":"3 Darklings","floor":35.0,"turns":7.0},{"damage":19.0,"enemies":"3 Shapes","floor":38.0,"turns":3.0},{"damage":12.0,"enemies":"Reptomancer","floor":41.0,"turns":6.0},{"damage":19.0,"enemies":"3 Darklings","floor":42.0,"turns":8.0},{"damage":23,"enemies":"Giant Head","floor":46,"turns":7},{"damage":8,"enemies":"Transient","floor":48,"turns":5},{"damage":67,"enemies":"Awakened One","floor":50,"turns":9},{"damage":11,"enemies":"Shield and Spear","floor":54,"turns":4},{"damage":117,"enemies":"The Heart","floor":55,"turns":9}],"seed_played":"-6547304792910407319","potions_obtained":[{"floor":0.0,"key":"SneckoOil"},{"floor":0.0,"key":"PowerPotion"},{"floor":0.0,"key":"FearPotion"},{"floor":1.0,"key":"GamblersBrew"},{"floor":2.0,"key":"EntropicBrew"},{"floor":12.0,"key":"FearPotion"},{"floor":16.0,"key":"Weak Potion"},{"floor":35.0,"key":"Swift Potion"},{"floor":42.0,"key":"Block Potion"},{"floor":46,"key":"SpeedPotion"},{"floor":48,"key":"FearPotion"}],"is_trial":false,"path_per_floor":["M","M","M","M","?","E","M","R","T","E","M","E","M","T","R","B",null,"M","M","$","$","M","R","M","R","T","M","M","M","R","M","R","B",null,"M","$","?","M","$","R","E","M","T","?","$","E","R","M","R","B",null,"R","$","E","B",null],"character_chosen":"IRONCLAD","items_purchased":["Bag of Marbles","Shuriken","Limit Break","Warcry"],"campfire_rested":0,"item_purchase_floors":[20,20,45,53],"current_hp_per_floor":[80,80,80,73,78,87,86,86,86,61,61,60,60,60,60,40,99,94,94,94,94,99,99,93,93,93,93,83,81,81,80,80,68,99,56,56,56,55,55,55,71,70,70,70,70,67,67,67,67,20,109,109,109,104,22],"gold":64,"neow_bonus":"THREE_SMALL_POTIONS","is_prod":false,"is_daily":false,"chose_seed":false,"campfire_upgraded":8,"win_rate":1,"timestamp":1558633786,"path_taken":["M","M","M","M","?","E","M","R","T","E","M","E","M","?","R","BOSS","M","?","?","$","M","R","M","R","T","M","?","M","R","M","R","BOSS","M","$","?","M","$","R","E","M","T","?","?","E","R","M","R","BOSS","R","$","E","BOSS"],"build_version":"2019-01-23","purchased_purges":2,"victory":true,"max_hp_per_floor":[80,80,80,80,85,99,99,99,99,99,99,99,99,99,99,99,99,99,99,99,99,99,99,99,99,99,99,99,99,99,99,99,99,99,99,99,99,99,99,99,109,109,109,109,109,109,109,109,109,109,109,109,109,109,109],"card_choices":[{"not_picked":["Body Slam","Warcry"],"picked":"Iron Wave","floor":1.0},{"not_picked":["Rupture","Heavy Blade"],"picked":"Fiend Fire","floor":2.0},{"not_picked":["Sword Boomerang","Thunderclap"],"picked":"Anger","floor":3.0},{"not_picked":["Sword Boomerang","Iron Wave"],"picked":"Shockwave","floor":4.0},{"not_picked":["Sword Boomerang","Flame Barrier"],"picked":"Shrug It Off","floor":6.0},{"not_picked":["Body Slam","Inflame","Whirlwind"],"picked":"SKIP","floor":7.0},{"not_picked":["Carnage","Warcry"],"picked":"Intimidate","floor":10.0},{"not_picked":["Pommel Strike","Anger"],"picked":"Headbutt","floor":11.0},{"not_picked":["Sever Soul","Headbutt"],"picked":"Armaments","floor":12.0},{"not_picked":["Sever Soul","Juggernaut"],"picked":"True Grit","floor":13.0},{"not_picked":["Feed","Reaper"],"picked":"Offering","floor":16.0},{"not_picked":["Dropkick","Cleave+1"],"picked":"Pommel Strike+1","floor":18.0},{"not_picked":["Hemokinesis","Anger","Flex"],"picked":"SKIP","floor":19.0},{"not_picked":["Dropkick","Cleave+1","Anger"],"picked":"SKIP","floor":22.0},{"not_picked":["Cleave","Burning Pact","Sword Boomerang+1"],"picked":"SKIP","floor":24.0},{"not_picked":["Perfected Strike+1","Iron Wave"],"picked":"Shrug It Off","floor":27.0},{"not_picked":["Heavy Blade","Sword Boomerang","Shrug It Off"],"picked":"SKIP","floor":28.0},{"not_picked":["Disarm+1","Rage"],"picked":"Spot Weakness","floor":29.0},{"not_picked":["Perfected Strike","Cleave","Iron Wave+1"],"picked":"SKIP","floor":31.0},{"not_picked":["Impervious","Berserk"],"picked":"Double Tap","floor":33.0},{"not_picked":["Pommel Strike+1","Sword Boomerang"],"picked":"Warcry+1","floor":35.0},{"not_picked":["Body Slam+1","Infernal Blade+1"],"picked":"Feel No Pain","floor":38.0},{"not_picked":["Armaments+1","Flame Barrier"],"picked":"True Grit+1","floor":41.0},{"not_picked":["Searing Blow+1","Inflame+1"],"picked":"Shrug It Off+1","floor":42.0},{"not_picked":["Thunderclap","Shockwave"],"picked":"Rage","floor":46},{"not_picked":["Rampage","Armaments+1","Power Through+1"],"picked":"SKIP","floor":48},{"not_picked":["Whirlwind+1","Flame Barrier"],"picked":"Pommel Strike+1","floor":54}],"player_experience":12273,"relics_obtained":[{"floor":6.0,"key":"Mango"},{"floor":10.0,"key":"Bag of Preparation"},{"floor":12.0,"key":"Champion Belt"},{"floor":14.0,"key":"Meat on the Bone"},{"floor":26.0,"key":"Orichalcum"},{"floor":34.0,"key":"Ancient Tea Set"},{"floor":34.0,"key":"Mummified Hand"},{"floor":34.0,"key":"Girya"},{"floor":41.0,"key":"Pear"},{"floor":43.0,"key":"Blood Vial"},{"floor":46,"key":"Paper Frog"},{"floor":54,"key":"Oddly Smooth Stone"}],"event_choices":[{"damage_healed":0.0,"max_hp_gain":5.0,"max_hp_loss":0.0,"gold_gain":0.0,"event_name":"Big Fish","player_choice":"Donut","floor":5.0,"gold_loss":0.0,"damage_taken":0.0},{"damage_healed":0.0,"max_hp_gain":0.0,"max_hp_loss":0.0,"gold_gain":0.0,"event_name":"Mysterious Sphere","player_choice":"Ignored","floor":37.0,"gold_loss":0.0,"damage_taken":0.0},{"cards_removed":["Defend_R"],"damage_healed":0.0,"max_hp_gain":0.0,"max_hp_loss":0.0,"gold_gain":0.0,"event_name":"Falling","player_choice":"Removed Skill","floor":44.0,"gold_loss":0.0,"damage_taken":0.0}],"is_beta":false,"boss_relics":[{"not_picked":["Runic Cube","Empty Cage"],"picked":"Coffee Dripper"},{"not_picked":["Fusion Hammer","White Beast Statue"],"picked":"Calling Bell"}],"items_purged_floors":[36,39],"is_endless":false,"potions_floor_spawned":[1,2,12,16,19,22,29,35,42,46,48],"ascension_level":0}