{"gold_per_floor":[113,63,138,163,12,37,37,37,63,83,101,129,304,336,348,455,467,496,14,14,31,0,0,35,35,62,95,95,146,181,201,201,302,302,314,314,314,332,349,375,391,391,391,419,430,464,464,6,6,6],"floor_reached":51,"playtime":6080,"items_purged":["Regret","Strike_B"],"score":913,"play_id":"8b3058f4-c3ef-4a68-bb8e-332471c2bb6f","local_time":"20181129221414","is_ascension_mode":true,"campfire_choices":[{"data":"Fission","floor":7,"key":"SMITH"},{"floor":15,"key":"REST"},{"data":"Rainbow","floor":23,"key":"SMITH"},{"floor":25,"key":"REST"},{"floor":32,"key":"REST"},{"data":"Consume","floor":42,"key":"SMITH"},{"floor":47,"key":"REST"},{"data":"Zap","floor":49,"key":"SMITH"}],"neow_cost":"NONE","seed_source_timestamp":5718915636783,"circlet_count":0,"master_deck":["Strike_B+1","Strike_B+1","Defend_B","Defend_B","Defend_B","Defend_B","Zap+1","Dualcast","Tempest","Fission+1","Cold Snap","Stack","Barrage","Hologram","Rainbow+1","Conserve Battery","Loop","Panache","Storm+1","Reboot","Conserve Battery+1","Defragment","Defragment+1","Glacier+1","Buffer+1","Consume+1","Conserve Battery+1","Loop+1","Go for the Eyes+1","BootSequence+1"],"relics":["Cracked Core","PreservedInsect","Pen Nib","Ancient Tea Set","Orichalcum","Letter Opener","MawBank","Inserter","Art of War","Blue Candle","Vajra","Bronze Scales","Bag of Preparation","Frozen Egg 2","White Beast Statue","Boot","Happy Flower","DataDisk","Whetstone","Calipers"],"potions_floor_usage":[6,16,16,16,27,30,41,44,44,45,45,46,50,50],"damage_taken":[{"damage":1,"enemies":"2 Louse","floor":1,"turns":2},{"damage":26,"enemies":"Lagavulin","floor":6,"turns":7},{"damage":4,"enemies":"Jaw Worm","floor":10,"turns":2},{"damage":1,"enemies":"Cultist","floor":11,"turns":3},{"damage":11,"enemies":"Gremlin Nob","floor":12,"turns":4},{"damage":3,"enemies":"3 Sentries","floor":14,"turns":3},{"damage":27,"enemies":"Hexaghost","floor":16,"turns":9},{"damage":6,"enemies":"Chosen","floor":18,"turns":4},{"damage":2,"enemies":"Shell Parasite","floor":21,"turns":4},{"damage":39,"enemies":"Slavers","floor":24,"turns":4},{"damage":11,"enemies":"Gremlin Leader","floor":27,"turns":4},{"damage":9,"enemies":"Book of Stabbing","floor":30,"turns":4},{"damage":14,"enemies":"Centurion and Healer","floor":31,"turns":5},{"damage":2,"enemies":"Collector","floor":33,"turns":10},{"damage":10,"enemies":"3 Darklings","floor":35,"turns":4},{"damage":8,"enemies":"Orb Walker","floor":38,"turns":3},{"damage":2,"enemies":"4 Shapes","floor":39,"turns":6},{"damage":0,"enemies":"Nemesis","floor":40,"turns":7},{"damage":22,"enemies":"Jaw Worm Horde","floor":41,"turns":4},{"damage":0,"enemies":"Giant Head","floor":44,"turns":7},{"damage":2,"enemies":"Transient","floor":45,"turns":5},{"damage":19,"enemies":"Nemesis","floor":46,"turns":6},{"damage":11,"enemies":"Donu and Deca","floor":50,"turns":7}],"seed_played":"-2569784036824976042","potions_obtained":[{"floor":1,"key":"SkillPotion"},{"floor":6,"key":"Block Potion"},{"floor":10,"key":"Swift Potion"},{"floor":14,"key":"Weak Potion"},{"floor":24,"key":"Dexterity Potion"},{"floor":27,"key":"Fire Potion"},{"floor":35,"key":"LiquidBronze"},{"floor":38,"key":"Block Potion"},{"floor":39,"key":"LiquidBronze"},{"floor":40,"key":"Weak Potion"},{"floor":41,"key":"Block Potion"},{"floor":44,"key":"Weak Potion"},{"floor":45,"key":"FocusPotion"},{"floor":46,"key":"GamblersBrew"}],"is_trial":false,"path_per_floor":["M","?","?","T","$","E","R","?","T","M","M","E","?","E","R","B",null,"M","$","?","M","?","R","E","R","T","E","?","T","E","M","R","B",null,"M","?","?","M","M","E","M","R","T","E","M","E","R","$","R","B",null],"character_chosen":"DEFECT","items_purchased":["Fission","Loop","Panache","Art of War","Calipers","Swift Potion"],"campfire_rested":4,"item_purchase_floors":[5,19,19,19,48,48],"current_hp_per_floor":[81,81,70,70,70,44,44,44,44,40,39,28,28,25,49,22,82,76,76,76,74,74,74,35,59,59,48,48,48,39,25,49,47,82,72,72,72,64,62,62,40,40,40,40,38,19,43,43,43,32],"gold":6,"neow_bonus":"TEN_PERCENT_HP_BONUS","is_prod":false,"is_daily":false,"chose_seed":false,"campfire_upgraded":4,"win_rate":0,"timestamp":1543558454,"path_taken":["M","?","?","?","$","E","R","?","T","M","M","E","?","E","R","BOSS","M","$","?","M","?","R","E","R","T","E","?","?","E","M","R","BOSS","M","?","?","?","M","E","M","R","T","E","M","E","R","$","R","BOSS"],"build_version":"2018-11-15","purchased_purges":2,"victory":true,"max_hp_per_floor":[82,82,82,82,82,82,82,82,82,82,82,82,82,82,82,82,82,82,82,82,82,82,82,82,82,82,82,82,82,82,82,82,82,82,82,82,82,82,82,82,82,82,82,82,82,82,82,82,82,82],"card_choices":[{"not_picked":["Lockon","Redo"],"picked":"Tempest","floor":1},{"not_picked":["Beam Cell","Blizzard"],"picked":"Cold Snap","floor":6},{"not_picked":["Steam","Leap"],"picked":"Ball Lightning","floor":10},{"not_picked":["Scrape","Aggregate"],"picked":"Stack","floor":11},{"not_picked":["Steam Power","Darkness"],"picked":"Barrage","floor":12},{"not_picked":["Leap","Compile Driver"],"picked":"Hologram","floor":14},{"not_picked":["Multi-Cast","Hyperbeam"],"picked":"Rainbow","floor":16},{"not_picked":["Beam Cell","Go for the Eyes"],"picked":"Conserve Battery","floor":18},{"not_picked":["Gash","Scrape+1"],"picked":"Storm+1","floor":21},{"not_picked":["Tempest+1","Fusion"],"picked":"Reboot","floor":24},{"not_picked":["Turbo","Steam+1"],"picked":"Conserve Battery+1","floor":27},{"not_picked":["Melter","Core Surge"],"picked":"Defragment+1","floor":30},{"not_picked":["Compile Driver","Coolheaded"],"picked":"Glacier+1","floor":31},{"not_picked":["Reboot","Machine Learning+1"],"picked":"Buffer+1","floor":33},{"not_picked":["Stack+1","Go for the Eyes"],"picked":"Consume","floor":35},{"not_picked":["Rip and Tear","Compile Driver","Melter"],"picked":"SKIP","floor":38},{"not_picked":["Compile Driver+1","Streamline+1"],"picked":"Conserve Battery+1","floor":39},{"not_picked":["Sunder","Cold Snap+1"],"picked":"Loop+1","floor":40},{"not_picked":["Redo","Scrape+1","Hello World+1"],"picked":"SKIP","floor":41},{"not_picked":["Static Discharge+1","Hologram+1"],"picked":"Go for the Eyes+1","floor":44},{"not_picked":["Hello World+1","Gash+1","Steam+1"],"picked":"SKIP","floor":45},{"not_picked":["Heatsinks+1","Tempest+1"],"picked":"BootSequence+1","floor":46}],"player_experience":269760,"relics_obtained":[{"floor":4,"key":"PreservedInsect"},{"floor":6,"key":"Pen Nib"},{"floor":9,"key":"Orichalcum"},{"floor":12,"key":"Letter Opener"},{"floor":14,"key":"MawBank"},{"floor":24,"key":"Blue Candle"},{"floor":26,"key":"Vajra"},{"floor":27,"key":"Bronze Scales"},{"floor":29,"key":"Bag of Preparation"},{"floor":30,"key":"Frozen Egg 2"},{"floor":40,"key":"Boot"},{"floor":43,"key":"Happy Flower"},{"floor":44,"key":"DataDisk"},{"floor":46,"key":"Whetstone"}],"event_choices":[{"cards_removed":["Strike_B"],"damage_healed":0,"gold_gain":0,"player_choice":"Card Removal","damage_taken":0,"max_hp_gain":0,"max_hp_loss":0,"event_name":"The Cleric","floor":2,"gold_loss":50},{"damage_healed":0,"gold_gain":75,"player_choice":"Gather Gold","damage_taken":11,"max_hp_gain":0,"max_hp_loss":0,"event_name":"World of Goop","floor":3,"gold_loss":0},{"damage_healed":0,"gold_gain":0,"player_choice":"Box","damage_taken":0,"relics_obtained":["Ancient Tea Set"],"max_hp_gain":0,"max_hp_loss":0,"event_name":"Big Fish","floor":8,"gold_loss":0,"cards_obtained":["Regret"]},{"damage_healed":0,"gold_gain":175,"player_choice":"AGREE","damage_taken":0,"max_hp_gain":0,"max_hp_loss":0,"event_name":"Liars Game","floor":13,"gold_loss":0,"cards_obtained":["Doubt"]},{"damage_healed":0,"gold_gain":0,"player_choice":"Ignored","damage_taken":0,"max_hp_gain":0,"max_hp_loss":0,"event_name":"Beggar","floor":20,"gold_loss":0},{"damage_healed":0,"gold_gain":0,"player_choice":"Paid Fearfully","damage_taken":0,"max_hp_gain":0,"max_hp_loss":0,"event_name":"Masked Bandits","floor":22,"gold_loss":31},{"damage_healed":0,"gold_gain":0,"player_choice":"Read","damage_taken":0,"max_hp_gain":0,"max_hp_loss":0,"event_name":"The Library","floor":28,"gold_loss":0,"cards_obtained":["Defragment"]},{"cards_removed":["Ball Lightning"],"damage_healed":0,"gold_gain":0,"player_choice":"Removed Attack","damage_taken":0,"max_hp_gain":0,"max_hp_loss":0,"event_name":"Falling","floor":36,"gold_loss":0},{"cards_removed":["Doubt"],"damage_healed":0,"gold_gain":0,"player_choice":"Purged","damage_taken":0,"max_hp_gain":0,"max_hp_loss":0,"event_name":"Purifier","floor":37,"gold_loss":0}],"is_beta":true,"boss_relics":[{"not_picked":["Cursed Key","Snecko Eye"],"picked":"Inserter"},{"not_picked":["Coffee Dripper","Velvet Choker"],"picked":"White Beast Statue"}],"items_purged_floors":[19,48],"is_endless":false,"potions_floor_spawned":[1,6,10,14,24,27,35,38,39,40,41,44,45,46],"ascension_level":2}