{"gold_per_floor":[113,113,113,38,38,38,67,67,67,97,97,97,97,122,122,226,226,244,54,54,64,83,83,113,113,113,113,129,145,122,148,148,252,252,266,266,286,386,42,42,69,69,69,344,344,392,409,435,435,435,435,435,64,90,90],"floor_reached":55,"playtime":3968,"items_purged":["Defend_G","Defend_G","Strike_G"],"score":1184,"play_id":"f8c5df7c-033b-4abc-b477-9fcb3e04d7ae","local_time":"20190415204457","is_ascension_mode":true,"campfire_choices":[{"data":"Cloak And Dagger","floor":6.0,"key":"SMITH"},{"data":"Neutralize","floor":8.0,"key":"SMITH"},{"data":"Blur","floor":15.0,"key":"SMITH"},{"data":"Cloak And Dagger","floor":23.0,"key":"SMITH"},{"data":"Envenom","floor":32.0,"key":"SMITH"},{"data":"Envenom","floor":40.0,"key":"SMITH"},{"data":"Malaise","floor":42.0,"key":"SMITH"},{"data":"Regret","floor":45.0,"key":"PURGE"},{"floor":49.0,"key":"RECALL"},{"floor":52.0,"key":"DIG"}],"neow_cost":"NONE","seed_source_timestamp":0,"circlet_count":0,"master_deck":["AscendersBane","Defend_G","Defend_G","Defend_G","Strike_G","Strike_G","Strike_G","Survivor","Neutralize+1","Cloak And Dagger+1","Backstab","Blur+1","Slice+1","Malaise+1","Blur","Flash of Steel+1","Cloak And Dagger+1","Flying Knee+1","Dagger Spray+1","Infinite Blades+1","Cloak And Dagger","Envenom+1","Envenom+1","Impatience","Sucker Punch+1","Adrenaline","Terror","Leg Sweep","Panache","Caltrops+1"],"special_seed":0,"relics":["Ring of the Snake","Ancient Tea Set","Mango","Ninja Scroll","Molten Egg 2","Juzu Bracelet","Kunai","Pear","White Beast Statue","MutagenicStrength","Bottled Lightning","Nloth\u0027s Gift","Ginger","Eternal Feather","Peace Pipe","Torii","Ornamental Fan","Shovel","Centennial Puzzle","Bottled Tornado","Snake Skull"],"potions_floor_usage":[55,55],"damage_taken":[{"damage":0.0,"enemies":"Small Slimes","floor":1.0,"turns":6.0},{"damage":18.0,"enemies":"3 Sentries","floor":7.0,"turns":9.0},{"damage":21.0,"enemies":"Lagavulin","floor":10.0,"turns":8.0},{"damage":0.0,"enemies":"3 Sentries","floor":14.0,"turns":10.0},{"damage":12.0,"enemies":"The Guardian","floor":16.0,"turns":18.0},{"damage":0.0,"enemies":"3 Byrds","floor":18.0,"turns":7.0},{"damage":0.0,"enemies":"Chosen","floor":21.0,"turns":5.0},{"damage":0.0,"enemies":"Snecko","floor":22.0,"turns":3.0},{"damage":3.0,"enemies":"Slavers","floor":24.0,"turns":7.0},{"damage":0.0,"enemies":"3 Cultists","floor":28.0,"turns":5.0},{"damage":1.0,"enemies":"Centurion and Healer","floor":29.0,"turns":4.0},{"damage":5.0,"enemies":"Book of Stabbing","floor":31.0,"turns":7.0},{"damage":9.0,"enemies":"Automaton","floor":33.0,"turns":9.0},{"damage":0.0,"enemies":"Orb Walker","floor":35.0,"turns":3.0},{"damage":1.0,"enemies":"3 Shapes","floor":37.0,"turns":5.0},{"damage":0.0,"enemies":"Mind Bloom Boss Battle","floor":38.0,"turns":6.0},{"damage":28.0,"enemies":"Nemesis","floor":41.0,"turns":6.0},{"damage":7.0,"enemies":"2 Orb Walkers","floor":46.0,"turns":5.0},{"damage":11.0,"enemies":"Maw","floor":47.0,"turns":6.0},{"damage":48.0,"enemies":"Giant Head","floor":48.0,"turns":10.0},{"damage":13.0,"enemies":"Donu and Deca","floor":50.0,"turns":11.0},{"damage":13.0,"enemies":"Shield and Spear","floor":54.0,"turns":7.0},{"damage":86,"enemies":"The Heart","floor":55,"turns":6}],"seed_played":"-2999075465104457077","potions_obtained":[{"floor":1.0,"key":"Strength Potion"},{"floor":7.0,"key":"Ancient Potion"},{"floor":14.0,"key":"Block Potion"},{"floor":16.0,"key":"Energy Potion"},{"floor":18.0,"key":"SteroidPotion"},{"floor":22.0,"key":"Regen Potion"},{"floor":24.0,"key":"Regen Potion"},{"floor":31.0,"key":"Strength Potion"},{"floor":33.0,"key":"LiquidBronze"},{"floor":37.0,"key":"LiquidBronze"},{"floor":38.0,"key":"SteroidPotion"},{"floor":41.0,"key":"SpeedPotion"},{"floor":46.0,"key":"Ancient Potion"}],"is_trial":false,"path_per_floor":["M","?","?","$","?","R","E","R","T","E","?","?","?","E","R","B",null,"M","$","?","M","M","R","E","?","T","?","M","M","$","E","R","B",null,"M","?","M","?","$","R","E","R","T","?","R","?","M","E","R","B",null,"R","$","E","B"],"character_chosen":"THE_SILENT","items_purchased":["Flash of Steel+1","Cloak And Dagger","Torii","Sucker Punch+1","PowerPotion","Panache"],"campfire_rested":0,"item_purchase_floors":[19,30,39,39,53,53],"current_hp_per_floor":[63,77,70,70,84,84,66,66,66,45,27,27,27,37,37,25,77,77,77,77,77,77,77,89,89,89,89,89,88,88,83,83,74,89,89,89,88,88,88,94,66,81,81,81,94,87,76,28,43,30,78,93,93,80,0],"gold":90,"neow_bonus":"RANDOM_COMMON_RELIC","is_prod":false,"is_daily":false,"chose_seed":false,"campfire_upgraded":7,"win_rate":0,"timestamp":1555386297,"path_taken":["M","?","?","$","?","R","E","R","T","E","?","?","?","E","R","BOSS","M","$","?","M","M","R","E","?","T","?","M","M","$","E","R","BOSS","M","?","M","?","$","R","E","R","T","?","R","?","M","E","R","BOSS","R","$","E","BOSS"],"build_version":"2019-01-23","purchased_purges":3,"victory":false,"max_hp_per_floor":[70,84,84,84,84,84,84,84,84,84,84,84,84,94,94,94,94,94,94,94,94,94,94,94,94,94,94,94,94,94,94,94,94,94,94,94,94,94,94,94,94,94,94,94,94,94,94,94,94,94,94,94,94,94,94],"card_choices":[{"not_picked":["Expertise","PiercingWail"],"picked":"Cloak And Dagger","floor":1.0},{"not_picked":["Well Laid Plans","PiercingWail"],"picked":"Backstab","floor":7.0},{"not_picked":["Deflect","Calculated Gamble"],"picked":"Blur","floor":10.0},{"not_picked":["Backflip","Leg Sweep"],"picked":"Slice+1","floor":14.0},{"not_picked":["Corpse Explosion","Phantasmal Killer"],"picked":"Malaise","floor":16.0},{"not_picked":["Skewer+1","Expertise"],"picked":"Blur","floor":18.0},{"not_picked":["Calculated Gamble","Escape Plan"],"picked":"Cloak And Dagger","floor":21.0},{"not_picked":["Backflip","Prepared"],"picked":"Flying Knee+1","floor":22.0},{"not_picked":["Catalyst+1","Calculated Gamble+1","Outmaneuver"],"picked":"SKIP","floor":24.0},{"not_picked":["Acrobatics+1","Caltrops"],"picked":"Infinite Blades+1","floor":28.0},{"not_picked":["Wraith Form v2","Flechettes+1","Poisoned Stab+1"],"picked":"SKIP","floor":29.0},{"not_picked":["Terror","Poisoned Stab+1"],"picked":"Envenom","floor":31.0},{"not_picked":["Venomology","Corpse Explosion"],"picked":"Envenom","floor":33.0},{"not_picked":["Deflect+1","Dagger Throw+1","Blur+1"],"picked":"SKIP","floor":35.0},{"not_picked":["Chrysalis","Forethought"],"picked":"Impatience","floor":36.0},{"not_picked":["Slice+1","Footwork+1","Catalyst"],"picked":"SKIP","floor":37.0},{"not_picked":["Malaise","Prepared"],"picked":"Adrenaline","floor":41.0},{"not_picked":["Underhanded Strike+1","Prepared+1"],"picked":"Terror","floor":46.0},{"not_picked":["PiercingWail","Riddle With Holes+1"],"picked":"Leg Sweep","floor":47.0},{"not_picked":["Bane+1","Acrobatics","Endless Agony+1"],"picked":"SKIP","floor":48.0},{"not_picked":["Acrobatics","Bane+1"],"picked":"Caltrops+1","floor":54.0}],"player_experience":455183,"relics_obtained":[{"floor":7.0,"key":"Ninja Scroll"},{"floor":9.0,"key":"Molten Egg 2"},{"floor":10.0,"key":"Juzu Bracelet"},{"floor":14.0,"key":"Pear"},{"floor":24.0,"key":"Dream Catcher"},{"floor":26.0,"key":"Bottled Lightning"},{"floor":31.0,"key":"Ginger"},{"floor":38.0,"key":"Peace Pipe"},{"floor":41.0,"key":"Ornamental Fan"},{"floor":46.0,"key":"Shovel"},{"floor":48.0,"key":"Centennial Puzzle"},{"floor":52.0,"key":"Bottled Tornado"},{"floor":54.0,"key":"Snake Skull"}],"event_choices":[{"damage_healed":0.0,"max_hp_gain":0.0,"max_hp_loss":0.0,"gold_gain":0.0,"event_name":"Big Fish","player_choice":"Box","floor":2.0,"gold_loss":0.0,"damage_taken":0.0,"relics_obtained":["Mango"],"cards_obtained":["Regret"]},{"cards_removed":["Regret"],"damage_healed":0.0,"max_hp_gain":0.0,"max_hp_loss":0.0,"gold_gain":0.0,"event_name":"Golden Wing","player_choice":"Card Removal","floor":3.0,"gold_loss":0.0,"damage_taken":7.0},{"damage_healed":14.0,"max_hp_gain":0.0,"max_hp_loss":0.0,"gold_gain":0.0,"event_name":"Wheel of Change","player_choice":"Full Heal","floor":5.0,"gold_loss":0.0,"damage_taken":0.0},{"damage_healed":0.0,"max_hp_gain":0.0,"max_hp_loss":0.0,"gold_gain":0.0,"event_name":"Scrap Ooze","player_choice":"Success","floor":11.0,"gold_loss":0.0,"damage_taken":18.0,"relics_obtained":["Kunai"]},{"damage_healed":0.0,"max_hp_gain":0.0,"max_hp_loss":0.0,"gold_gain":0.0,"event_name":"Liars Game","player_choice":"Ignored","floor":12.0,"gold_loss":0.0,"damage_taken":0.0},{"cards_removed":["Strike_G"],"damage_healed":0.0,"max_hp_gain":0.0,"max_hp_loss":0.0,"gold_gain":0.0,"event_name":"Purifier","player_choice":"Purged","floor":13.0,"gold_loss":0.0,"damage_taken":0.0},{"damage_healed":0.0,"max_hp_gain":0.0,"max_hp_loss":0.0,"gold_gain":0.0,"event_name":"Drug Dealer","player_choice":"Inject Mutagens","floor":20.0,"gold_loss":0.0,"damage_taken":0.0,"relics_obtained":["MutagenicStrength"]},{"damage_healed":0.0,"max_hp_gain":0.0,"max_hp_loss":0.0,"gold_gain":0.0,"event_name":"The Library","player_choice":"Read","floor":25.0,"gold_loss":0.0,"damage_taken":0.0,"cards_obtained":["Dagger Spray"]},{"damage_healed":0.0,"max_hp_gain":0.0,"max_hp_loss":0.0,"gold_gain":0.0,"event_name":"N\u0027loth","player_choice":"Traded Relic","floor":27.0,"relics_lost":["Dream Catcher"],"gold_loss":0.0,"damage_taken":0.0,"relics_obtained":["Nloth\u0027s Gift"]},{"damage_healed":0.0,"max_hp_gain":0.0,"max_hp_loss":0.0,"gold_gain":0.0,"event_name":"SensoryStone","player_choice":"Memory 1","floor":36.0,"gold_loss":0.0,"damage_taken":0.0},{"damage_healed":0.0,"max_hp_gain":0.0,"max_hp_loss":0.0,"gold_gain":0.0,"event_name":"MindBloom","player_choice":"Fight","floor":38.0,"gold_loss":0.0,"damage_taken":0.0},{"damage_healed":0.0,"max_hp_gain":0.0,"max_hp_loss":0.0,"gold_gain":275.0,"event_name":"Golden Shrine","player_choice":"Desecrate","floor":44.0,"gold_loss":0.0,"damage_taken":0.0,"cards_obtained":["Regret"]},{"damage_healed":0.0,"max_hp_gain":0.0,"max_hp_loss":0.0,"gold_gain":0.0,"event_name":"Mysterious Sphere","player_choice":"Fight","floor":46.0,"gold_loss":0.0,"damage_taken":0.0}],"is_beta":false,"boss_relics":[{"not_picked":["Fusion Hammer","Busted Crown"],"picked":"White Beast Statue"},{"not_picked":["HoveringKite","Empty Cage"],"picked":"Eternal Feather"}],"items_purged_floors":[4,19,53],"is_endless":false,"potions_floor_spawned":[1,7,14,16,18,21,22,24,28,29,31,33,35,37,38,41,46,47,48,54],"killed_by":"The Heart","ascension_level":11}