{"gold_per_floor":[115,132,151,163,133,133,165,165,165,182,208,224,257,257,257,358,358,371,371,371],"floor_reached":20,"playtime":2737,"items_purged":[],"score":204,"play_id":"0f44e19a-2b6c-4741-8476-6b4f4d443c0a","local_time":"20181123234024","is_ascension_mode":true,"campfire_choices":[{"data":"Metallicize","floor":6,"key":"SMITH"},{"data":"Whirlwind","floor":8,"key":"SMITH"},{"data":"Armaments","floor":15,"key":"SMITH"}],"neow_cost":"NONE","seed_source_timestamp":24267543620958,"circlet_count":0,"master_deck":["Strike_R","Strike_R","Strike_R","Defend_R","Defend_R","Defend_R","Bash","Metallicize+1","Flex","Impervious","Flex","Spot Weakness","Whirlwind+1","Heavy Blade","Hemokinesis","Flex","Armaments+1","Brutality","Inflame+1","Heavy Blade+1","Reaper+1","Spot Weakness"],"relics":["Burning Blood","NeowsBlessing","Matryoshka","Orichalcum","Shuriken","Blood Vial","Paper Frog","Potion Belt","Astrolabe","Enchiridion"],"potions_floor_usage":[5,7,10,11,16,20],"damage_taken":[{"damage":0,"enemies":"Cultist","floor":1,"turns":1},{"damage":0,"enemies":"Jaw Worm","floor":2,"turns":1},{"damage":0,"enemies":"Small Slimes","floor":3,"turns":1},{"damage":2,"enemies":"Blue Slaver","floor":4,"turns":6},{"damage":2,"enemies":"Looter","floor":5,"turns":4},{"damage":5,"enemies":"3 Sentries","floor":7,"turns":10},{"damage":0,"enemies":"Gremlin Gang","floor":10,"turns":4},{"damage":12,"enemies":"Lagavulin","floor":11,"turns":6},{"damage":0,"enemies":"Red Slaver","floor":12,"turns":5},{"damage":12,"enemies":"Gremlin Nob","floor":13,"turns":3},{"damage":20,"enemies":"Hexaghost","floor":16,"turns":12},{"damage":8,"enemies":"3 Byrds","floor":18,"turns":5},{"damage":40,"enemies":"Colosseum Slavers","floor":20,"turns":5},{"damage":27,"enemies":"Colosseum Nobs","floor":20,"turns":3}],"seed_played":"1961667793046986949","potions_obtained":[{"floor":1,"key":"Explosive Potion"},{"floor":2,"key":"Ancient Potion"},{"floor":7,"key":"FearPotion"},{"floor":10,"key":"AttackPotion"},{"floor":13,"key":"SpeedPotion"},{"floor":18,"key":"GamblersBrew"}],"is_trial":false,"path_per_floor":["M","M","M","M","M","R","E","R","T","M","E","M","E","?","R","B",null,"M","?","?"],"character_chosen":"IRONCLAD","items_purchased":[],"campfire_rested":0,"item_purchase_floors":[],"current_hp_per_floor":[80,80,80,80,80,80,80,80,80,80,74,80,74,62,62,50,80,78,62,23],"gold":371,"neow_bonus":"THREE_ENEMY_KILL","is_prod":false,"is_daily":false,"chose_seed":false,"campfire_upgraded":3,"win_rate":0,"timestamp":1543045224,"path_taken":["M","M","M","M","M","R","E","R","T","M","E","M","E","?","R","BOSS","M","?","?"],"build_version":"2018-11-15","purchased_purges":0,"victory":false,"max_hp_per_floor":[80,80,80,80,80,80,80,80,80,80,80,80,80,80,80,80,80,80,80,80],"card_choices":[{"not_picked":["Carnage","Whirlwind"],"picked":"Metallicize","floor":1},{"not_picked":["Corruption","Wild Strike"],"picked":"Flex","floor":2},{"not_picked":["Anger","Intimidate"],"picked":"Impervious","floor":3},{"not_picked":["Iron Wave","Carnage"],"picked":"Flex","floor":4},{"not_picked":["Wild Strike","Shrug It Off"],"picked":"Spot Weakness","floor":5},{"not_picked":["Clash","Uppercut"],"picked":"Whirlwind","floor":7},{"not_picked":["Clash","Headbutt"],"picked":"Heavy Blade","floor":10},{"not_picked":["Rupture","Entrench"],"picked":"Hemokinesis","floor":11},{"not_picked":["Iron Wave","Perfected Strike"],"picked":"Flex","floor":12},{"not_picked":["Uppercut","Shockwave"],"picked":"Armaments","floor":13},{"not_picked":["Fiend Fire","Impervious"],"picked":"Brutality","floor":16},{"not_picked":["Shrug It Off","Flex"],"picked":"Spot Weakness","floor":18}],"player_experience":240234,"relics_obtained":[{"floor":7,"key":"Matryoshka"},{"floor":9,"key":"Orichalcum"},{"floor":9,"key":"Shuriken"},{"floor":11,"key":"Blood Vial"},{"floor":13,"key":"Paper Frog"},{"floor":19,"key":"Enchiridion"}],"event_choices":[{"damage_healed":0,"gold_gain":0,"player_choice":"Success","damage_taken":12,"relics_obtained":["Potion Belt"],"max_hp_gain":0,"max_hp_loss":0,"event_name":"Scrap Ooze","floor":14,"gold_loss":0},{"damage_healed":0,"gold_gain":0,"player_choice":"Obtained Book","damage_taken":16,"max_hp_gain":0,"max_hp_loss":0,"event_name":"Cursed Tome","floor":19,"gold_loss":0},{"damage_healed":0,"gold_gain":0,"player_choice":"Fight","damage_taken":0,"max_hp_gain":0,"max_hp_loss":0,"event_name":"Colosseum","floor":20,"gold_loss":0},{"damage_healed":0,"gold_gain":0,"player_choice":"Fought Nobs","damage_taken":0,"max_hp_gain":0,"max_hp_loss":0,"event_name":"Colosseum","floor":20,"gold_loss":0}],"is_beta":true,"boss_relics":[{"not_picked":["Coffee Dripper","Empty Cage"],"picked":"Astrolabe"}],"items_purged_floors":[],"is_endless":false,"potions_floor_spawned":[1,2,7,10,13,18],"killed_by":"Colosseum Nobs","ascension_level":1}