{"gold_per_floor":[112,112,132,17,38,78,78,93,93,93,268,284,284,25,25,145,145,135,135,56,72,96,127,127,161,161,176,207,207,207,222,222,324,324,336,336,336,355,110,110,135,152,152,162,175,195,70,86,86,86,86,86,86,113,113],"floor_reached":55,"playtime":2861,"items_purged":["Injury","Strike_B","Defend_B"],"score":853,"play_id":"1f79a9ff-5241-4c01-927e-eb7433353397","local_time":"20181124185231","is_ascension_mode":true,"campfire_choices":[{"floor":7,"key":"REST"},{"data":"Consume","floor":10,"key":"SMITH"},{"data":"Dualcast","floor":15,"key":"SMITH"},{"data":"Amplify","floor":24,"key":"SMITH"},{"floor":29,"key":"REST"},{"floor":32,"key":"RECALL"},{"data":"Ghostly","floor":40,"key":"SMITH"},{"data":"Ghostly","floor":49,"key":"SMITH"},{"data":"Ghostly","floor":52,"key":"SMITH"}],"neow_cost":"TEN_PERCENT_HP_LOSS","seed_source_timestamp":0,"circlet_count":0,"master_deck":["Strike_B","Strike_B","Defend_B","Defend_B","Defend_B","Zap+1","Dualcast+1","Conserve Battery","Consume+1","Genetic Algorithm","Self Repair+1","Chill","Creative AI+1","Ball Lightning+1","Ghostly+1","Ghostly+1","Ghostly+1","Ghostly+1","Ghostly","Force Field","Amplify+1","Force Field","Reinforced Body","Electrodynamics+1","Coolheaded+1","Melter+1","Leap","Defragment+1","Multi-Cast"],"special_seed":0,"relics":["Cracked Core","Unceasing Top","Bloody Idol","Frozen Egg 2","Question Card","Matryoshka","Velvet Choker","Bottled Tornado","Blood Vial","Centennial Puzzle","Ornamental Fan","War Paint","Sozu","Pen Nib","StoneCalendar","Bottled Lightning","Bronze Scales"],"potions_floor_usage":[6,23,50,55],"damage_taken":[{"damage":1,"enemies":"Jaw Worm","floor":1,"turns":4},{"damage":0,"enemies":"2 Louse","floor":3,"turns":3},{"damage":5,"enemies":"Small Slimes","floor":5,"turns":5},{"damage":29,"enemies":"Lagavulin","floor":6,"turns":7},{"damage":14,"enemies":"3 Louse","floor":8,"turns":3},{"damage":4,"enemies":"Gremlin Gang","floor":12,"turns":6},{"damage":30,"enemies":"The Guardian","floor":16,"turns":14},{"damage":30,"enemies":"2 Thieves","floor":18,"turns":4},{"damage":15,"enemies":"3 Byrds","floor":21,"turns":7},{"damage":0,"enemies":"Snecko","floor":22,"turns":6},{"damage":0,"enemies":"Gremlin Leader","floor":23,"turns":6},{"damage":5,"enemies":"Slavers","floor":25,"turns":5},{"damage":6,"enemies":"Snake Plant","floor":27,"turns":6},{"damage":19,"enemies":"Book of Stabbing","floor":28,"turns":6},{"damage":12,"enemies":"Shelled Parasite and Fungi","floor":31,"turns":8},{"damage":23,"enemies":"Automaton","floor":33,"turns":11},{"damage":2,"enemies":"3 Darklings","floor":35,"turns":5},{"damage":0,"enemies":"3 Shapes","floor":38,"turns":3},{"damage":0,"enemies":"Reptomancer","floor":41,"turns":8},{"damage":4,"enemies":"Maw","floor":42,"turns":9},{"damage":0,"enemies":"Spire Growth","floor":44,"turns":8},{"damage":0,"enemies":"Jaw Worm Horde","floor":45,"turns":4},{"damage":0,"enemies":"3 Darklings","floor":46,"turns":5},{"damage":3,"enemies":"Writhing Mass","floor":48,"turns":5},{"damage":24,"enemies":"Time Eater","floor":50,"turns":7},{"damage":10,"enemies":"Shield and Spear","floor":54,"turns":7},{"damage":51,"enemies":"The Heart","floor":55,"turns":5}],"seed_played":"7639161496970369471","potions_obtained":[{"floor":3,"key":"EssenceOfSteel"},{"floor":18,"key":"SpeedPotion"},{"floor":21,"key":"FocusPotion"},{"floor":22,"key":"SpeedPotion"},{"floor":28,"key":"FearPotion"}],"is_trial":false,"path_per_floor":["M","?","M","$","M","E","R","M","T","R","?","M","?","$","R","B",null,"M","?","$","M","M","E","R","E","T","M","E","R","?","M","R","B",null,"M","?","?","M","$","R","E","M","T","M","M","M","$","M","R","B",null,"R","$","E","B"],"character_chosen":"DEFECT","items_purchased":["Consume","Matryoshka","Force Field","Pen Nib"],"campfire_rested":2,"item_purchase_floors":[4,14,20,39],"current_hp_per_floor":[67,67,67,67,62,33,53,49,49,49,49,55,48,48,48,28,68,48,34,34,29,34,34,34,34,34,34,25,34,34,34,34,26,34,34,34,34,34,34,34,34,34,34,34,34,34,34,34,34,10,34,34,34,34,0],"gold":113,"neow_bonus":"ONE_RARE_RELIC","is_prod":false,"is_daily":false,"chose_seed":false,"campfire_upgraded":6,"win_rate":0,"timestamp":1543085551,"path_taken":["M","?","M","$","M","E","R","M","T","R","?","M","?","$","R","BOSS","M","?","$","M","M","E","R","E","T","M","E","R","?","M","R","BOSS","M","?","?","M","$","R","E","?","T","M","M","M","$","M","R","BOSS","R","$","E","BOSS"],"build_version":"2018-11-15","purchased_purges":3,"victory":false,"max_hp_per_floor":[68,68,68,68,68,68,68,68,68,68,68,68,68,68,68,68,68,68,34,34,34,34,34,34,34,34,34,34,34,34,34,34,34,34,34,34,34,34,34,34,34,34,34,34,34,34,34,34,34,34,34,34,34,34,34],"card_choices":[{"not_picked":["Steam","Ball Lightning"],"picked":"Conserve Battery","floor":1},{"not_picked":["Compile Driver","Steam","Stack"],"picked":"SKIP","floor":3},{"not_picked":["Compile Driver","Doom and Gloom"],"picked":"Genetic Algorithm","floor":5},{"not_picked":["Streamline","Genetic Algorithm"],"picked":"Self Repair","floor":6},{"not_picked":["Beam Cell","Conserve Battery"],"picked":"Chill","floor":8},{"not_picked":["Sweeping Beam","Reprogram","Compile Driver","Multi-Cast"],"picked":"SKIP","floor":12},{"not_picked":["Reboot","Echo Form+1","Hyperbeam"],"picked":"Creative AI+1","floor":16},{"not_picked":["Chill","Hello World+1","Sunder"],"picked":"Ball Lightning+1","floor":18},{"not_picked":["Fusion","Hologram","Force Field+1","Genetic Algorithm"],"picked":"SKIP","floor":21},{"not_picked":["Gash","Turbo+1","Skim+1"],"picked":"Amplify","floor":22},{"not_picked":["Static Discharge+1","Rebound","Streamline"],"picked":"Force Field","floor":23},{"not_picked":["Go for the Eyes","Steam","Reprogram","Steam Power"],"picked":"SKIP","floor":25},{"not_picked":["Gash+1","Conserve Battery+1","Beam Cell"],"picked":"Reinforced Body","floor":27},{"not_picked":["Cold Snap","Undo","Lockon","Machine Learning+1"],"picked":"SKIP","floor":28},{"not_picked":["Reinforced Body","Redo","Steam+1","Stack"],"picked":"SKIP","floor":31},{"not_picked":["Rainbow","Machine Learning+1","Fission"],"picked":"Electrodynamics+1","floor":33},{"not_picked":["Conserve Battery","Redo","Leap+1"],"picked":"Coolheaded+1","floor":35},{"not_picked":["Steam+1","Stack+1","Darkness+1"],"picked":"Melter+1","floor":38},{"not_picked":["Hyperbeam","Sweeping Beam","Steam Power"],"picked":"Leap","floor":41},{"not_picked":["BootSequence","Capacitor+1","Barrage+1"],"picked":"Defragment+1","floor":42},{"not_picked":["Aggregate+1","Hologram+1","Auto Shields+1","Steam+1"],"picked":"SKIP","floor":44},{"not_picked":["Leap+1","Doom and Gloom+1","Streamline+1","FTL+1"],"picked":"SKIP","floor":45},{"not_picked":["Go for the Eyes","Streamline+1","Redo","Loop+1"],"picked":"SKIP","floor":46},{"not_picked":["Consume","Gash+1","Hologram"],"picked":"Multi-Cast","floor":48},{"not_picked":["Conserve Battery","Seek","Fusion+1","Sweeping Beam"],"picked":"SKIP","floor":54}],"player_experience":186588,"relics_obtained":[{"floor":6,"key":"Frozen Egg 2"},{"floor":9,"key":"Question Card"},{"floor":23,"key":"Bottled Tornado"},{"floor":25,"key":"Blood Vial"},{"floor":26,"key":"Centennial Puzzle"},{"floor":26,"key":"Ornamental Fan"},{"floor":28,"key":"War Paint"},{"floor":41,"key":"StoneCalendar"},{"floor":43,"key":"Bottled Lightning"},{"floor":54,"key":"Bronze Scales"}],"event_choices":[{"damage_healed":0,"gold_gain":0,"player_choice":"Take Wound","damage_taken":0,"relics_obtained":["Golden Idol"],"max_hp_gain":0,"max_hp_loss":0,"event_name":"Golden Idol","floor":2,"gold_loss":0,"cards_obtained":["Injury"]},{"damage_healed":0,"gold_gain":175,"player_choice":"AGREE","damage_taken":0,"max_hp_gain":0,"max_hp_loss":0,"event_name":"Liars Game","floor":11,"gold_loss":0,"cards_obtained":["Doubt"]},{"cards_removed":["Doubt"],"damage_healed":0,"gold_gain":0,"player_choice":"Card Removal","damage_taken":7,"max_hp_gain":0,"max_hp_loss":0,"event_name":"Golden Wing","floor":13,"gold_loss":0},{"damage_healed":0,"gold_gain":0,"player_choice":"Became a Ghost","damage_taken":0,"max_hp_gain":0,"max_hp_loss":34,"event_name":"Ghosts","floor":19,"gold_loss":0,"cards_obtained":["Ghostly","Ghostly","Ghostly","Ghostly","Ghostly"]},{"damage_healed":0,"gold_gain":0,"player_choice":"Gave Idol","damage_taken":0,"relics_obtained":["Bloody Idol"],"max_hp_gain":0,"max_hp_loss":0,"event_name":"Forgotten Altar","floor":30,"relics_lost":["Golden Idol"],"gold_loss":0},{"damage_healed":0,"gold_gain":0,"player_choice":"Ignored","damage_taken":0,"max_hp_gain":0,"max_hp_loss":0,"event_name":"Tomb of Lord Red Mask","floor":36,"gold_loss":0},{"cards_removed":["Strike_B"],"damage_healed":0,"gold_gain":0,"player_choice":"Purged","damage_taken":0,"max_hp_gain":0,"max_hp_loss":0,"event_name":"Purifier","floor":37,"gold_loss":0}],"is_beta":true,"boss_relics":[{"not_picked":["FrozenCore","Cursed Key"],"picked":"Velvet Choker"},{"not_picked":["Coffee Dripper","Nuclear Battery"],"picked":"Sozu"}],"items_purged_floors":[4,39,47],"is_endless":false,"potions_floor_spawned":[3,18,21,22,28,41,42,44,46],"killed_by":"The Heart","ascension_level":1}