{"gold_per_floor":[363,363,96,96,49,49,75,89,89,89,99,99,99,115,115,218,218,231,53,73,73,89,89,107,138,138,168,168,187,202,222,222,322,322,335,31,48,61,76,76,131,131,131,131,142,142,170,184,184,184],"floor_reached":51,"playtime":2612,"items_purged":["Decay","Defend_B"],"score":752,"play_id":"5e9072b7-ce50-4274-853f-63c8eb438b88","local_time":"20181117230656","is_ascension_mode":true,"campfire_choices":[{"data":"Go for the Eyes","floor":6.0,"key":"SMITH"},{"data":"Defragment","floor":10.0,"key":"SMITH"},{"data":"Dualcast","floor":12.0,"key":"SMITH"},{"data":"Zap","floor":15.0,"key":"SMITH"},{"floor":23.0,"key":"REST"},{"floor":32.0,"key":"REST"},{"floor":40.0,"key":"REST"},{"floor":42.0,"key":"REST"},{"floor":49.0,"key":"REST"}],"neow_cost":"CURSE","seed_source_timestamp":188546807715997,"circlet_count":0,"master_deck":["Strike_B","Strike_B","Defend_B","Defend_B","Defend_B","Zap+1","Dualcast+1","Cold Snap","Self Repair","Go for the Eyes+1","Defragment+1","Ball Lightning","Sweeping Beam+1","Creative AI","Undo+1","Heatsinks+1","Coolheaded","Double Energy","Leap","Amplify","Storm","Leap","Force Field","Consume+1"],"special_seed":0,"relics":["Cracked Core","Happy Flower","Gremlin Horn","Juzu Bracelet","Fusion Hammer","Ancient Tea Set","Bottled Flame","Torii","Nuclear Battery","Ice Cream","WingedGreaves","FossilizedHelix","Ginger","Bottled Tornado"],"potions_floor_usage":[50],"damage_taken":[{"damage":3.0,"enemies":"Cultist","floor":1.0,"turns":3.0},{"damage":15.0,"enemies":"Gremlin Nob","floor":7.0,"turns":4.0},{"damage":0.0,"enemies":"Small Slimes","floor":8.0,"turns":3.0},{"damage":3.0,"enemies":"Jaw Worm","floor":11.0,"turns":3.0},{"damage":15.0,"enemies":"Exordium Thugs","floor":14.0,"turns":4.0},{"damage":5.0,"enemies":"Slime Boss","floor":16.0,"turns":8.0},{"damage":8.0,"enemies":"Shell Parasite","floor":18.0,"turns":5.0},{"damage":0.0,"enemies":"3 Byrds","floor":20.0,"turns":4.0},{"damage":3.0,"enemies":"Centurion and Healer","floor":22.0,"turns":6.0},{"damage":14.0,"enemies":"3 Cultists","floor":24.0,"turns":5.0},{"damage":7.0,"enemies":"Gremlin Leader","floor":25.0,"turns":6.0},{"damage":34.0,"enemies":"Slavers","floor":27.0,"turns":3.0},{"damage":7.0,"enemies":"Chosen and Byrds","floor":29.0,"turns":6.0},{"damage":2.0,"enemies":"Shelled Parasite and Fungi","floor":30.0,"turns":6.0},{"damage":3.0,"enemies":"Cultist and Chosen","floor":31.0,"turns":6.0},{"damage":34.0,"enemies":"Collector","floor":33.0,"turns":7.0},{"damage":20.0,"enemies":"Orb Walker","floor":35.0,"turns":5.0},{"damage":15.0,"enemies":"3 Darklings","floor":37.0,"turns":3.0},{"damage":33.0,"enemies":"4 Shapes","floor":38.0,"turns":3.0},{"damage":18.0,"enemies":"Transient","floor":39.0,"turns":5.0},{"damage":27.0,"enemies":"2 Orb Walkers","floor":41.0,"turns":3.0},{"damage":25.0,"enemies":"Jaw Worm Horde","floor":45.0,"turns":4.0},{"damage":8.0,"enemies":"Nemesis","floor":47.0,"turns":7.0},{"damage":29.0,"enemies":"3 Darklings","floor":48.0,"turns":4.0},{"damage":45,"enemies":"Awakened One","floor":50,"turns":11}],"seed_played":"-7370970850062807981","potions_obtained":[{"floor":1.0,"key":"FearPotion"},{"floor":8.0,"key":"FearPotion"},{"floor":22.0,"key":"EssenceOfSteel"},{"floor":24.0,"key":"Regen Potion"},{"floor":30.0,"key":"AttackPotion"},{"floor":41.0,"key":"LiquidBronze"},{"floor":45.0,"key":"FocusPotion"},{"floor":47.0,"key":"Explosive Potion"}],"is_trial":false,"path_per_floor":["M","?","$","?","$","R","E","M","T","R","M","R","?","M","R","B",null,"M","$","M","?","M","R","M","E","T","E","$","M","M","M","R","B",null,"M","$","M","M","M","R","?","R","T","T","M","?","E","M","R","B",null],"character_chosen":"DEFECT","items_purchased":["Self Repair","Happy Flower","Go for the Eyes","Heatsinks","Ice Cream"],"campfire_rested":5,"item_purchase_floors":[3,3,5,19,36],"current_hp_per_floor":[72,65,65,65,65,65,57,64,64,64,68,68,68,53,53,55,75,74,74,75,75,72,75,68,68,68,43,43,36,41,45,67,40,75,69,69,61,35,24,46,33,55,55,55,37,85,84,55,80,42],"gold":184,"neow_bonus":"TWO_FIFTY_GOLD","is_prod":false,"is_daily":false,"chose_seed":false,"campfire_upgraded":4,"win_rate":0,"timestamp":1542496016,"path_taken":["M","?","$","?","?","R","E","?","T","R","M","R","?","M","R","BOSS","M","$","M","?","M","R","M","E","T","E","?","M","M","M","R","BOSS","M","$","M","M","M","R","?","R","T","?","M","?","E","M","R","BOSS"],"build_version":"2018-11-15","purchased_purges":2,"victory":true,"max_hp_per_floor":[75,75,75,75,75,75,75,75,75,75,75,75,75,75,75,75,75,75,75,75,75,75,75,75,75,75,75,75,75,75,75,75,75,75,75,75,75,75,75,75,75,75,75,75,75,85,85,85,85,85],"card_choices":[{"not_picked":["Double Energy","Gash"],"picked":"Cold Snap","floor":1.0},{"not_picked":["Redo","Beam Cell"],"picked":"Defragment","floor":7.0},{"not_picked":["Streamline","Go for the Eyes"],"picked":"Ball Lightning","floor":8.0},{"not_picked":["Gash","Redo"],"picked":"Sweeping Beam","floor":11.0},{"not_picked":["Double Energy","Turbo","Rebound"],"picked":"SKIP","floor":14.0},{"not_picked":["Buffer","Meteor Strike"],"picked":"Creative AI","floor":16.0},{"not_picked":["Sweeping Beam","Sunder+1"],"picked":"Undo+1","floor":18.0},{"not_picked":["Auto Shields","Capacitor"],"picked":"Coolheaded","floor":20.0},{"not_picked":["Streamline","Stack"],"picked":"Double Energy","floor":22.0},{"not_picked":["Barrage","Redo","Streamline+1"],"picked":"SKIP","floor":24.0},{"not_picked":["Stack","Redo"],"picked":"Leap","floor":25.0},{"not_picked":["Heatsinks","Leap","Blizzard"],"picked":"SKIP","floor":27.0},{"not_picked":["Heatsinks","Genetic Algorithm","Undo"],"picked":"SKIP","floor":29.0},{"not_picked":["Tempest","Skim","Chill"],"picked":"SKIP","floor":30.0},{"not_picked":["Redo","Self Repair"],"picked":"Reboot","floor":31.0},{"not_picked":["Seek","Thunder Strike"],"picked":"Amplify","floor":33.0},{"not_picked":["Lockon","Self Repair+1"],"picked":"Storm","floor":35.0},{"not_picked":["Conserve Battery","Steam+1","Aggregate+1"],"picked":"SKIP","floor":37.0},{"not_picked":["Barrage","Streamline+1","Steam Power"],"picked":"SKIP","floor":38.0},{"not_picked":["Blizzard","Conserve Battery","Coolheaded"],"picked":"SKIP","floor":39.0},{"not_picked":["Rebound","Rip and Tear+1"],"picked":"Leap","floor":41.0},{"not_picked":["Static Discharge","Streamline"],"picked":"Force Field","floor":45.0},{"not_picked":["White Noise+1","Ball Lightning"],"picked":"Consume+1","floor":47.0},{"not_picked":["Rebound","Multi-Cast","Loop+1"],"picked":"SKIP","floor":48.0}],"player_experience":175706,"relics_obtained":[{"floor":7.0,"key":"Gremlin Horn"},{"floor":9.0,"key":"Juzu Bracelet"},{"floor":25.0,"key":"Ancient Tea Set"},{"floor":26.0,"key":"Bottled Flame"},{"floor":27.0,"key":"Torii"},{"floor":41.0,"key":"WingedGreaves"},{"floor":43.0,"key":"FossilizedHelix"},{"floor":44.0,"key":"Ginger"},{"floor":47.0,"key":"Bottled Tornado"}],"event_choices":[{"cards_removed":["Strike_B"],"damage_healed":0.0,"max_hp_gain":0.0,"max_hp_loss":0.0,"gold_gain":0.0,"event_name":"Golden Wing","player_choice":"Card Removal","floor":2.0,"gold_loss":0.0,"damage_taken":7.0},{"cards_removed":["Strike_B"],"damage_healed":0.0,"max_hp_gain":0.0,"max_hp_loss":0.0,"gold_gain":0.0,"event_name":"Living Wall","player_choice":"Forget","floor":4.0,"gold_loss":0.0,"damage_taken":0.0},{"damage_healed":0.0,"max_hp_gain":0.0,"max_hp_loss":0.0,"gold_gain":0.0,"event_name":"Upgrade Shrine","player_choice":"Upgraded","floor":13.0,"gold_loss":0.0,"damage_taken":0.0,"cards_upgraded":["Sweeping Beam"]},{"damage_healed":0.0,"max_hp_gain":0.0,"max_hp_loss":0.0,"gold_gain":0.0,"event_name":"Upgrade Shrine","player_choice":"Upgraded","floor":21.0,"gold_loss":0.0,"damage_taken":0.0,"cards_upgraded":["Heatsinks"]},{"damage_healed":0.0,"max_hp_gain":0.0,"max_hp_loss":0.0,"gold_gain":0.0,"event_name":"Mysterious Sphere","player_choice":"Fight","floor":41.0,"gold_loss":0.0,"damage_taken":0.0},{"cards_removed":["Reboot"],"damage_healed":38.0,"max_hp_gain":10.0,"max_hp_loss":0.0,"gold_gain":0.0,"event_name":"Bonfire Elementals","player_choice":"Offered Rare","floor":46.0,"gold_loss":0.0,"damage_taken":0.0}],"is_beta":true,"boss_relics":[{"not_picked":["Inserter","Empty Cage"],"picked":"Fusion Hammer"},{"not_picked":["Calling Bell","Runic Pyramid"],"picked":"Nuclear Battery"}],"items_purged_floors":[3,19],"is_endless":false,"potions_floor_spawned":[1,8,22,24,25,30,41,45,47],"ascension_level":1}