{"gold_per_floor":[112,82,101,101,50,81,94,108,131,146,146,171,190,220,220,316,316,336,336,336,324,340,340,340],"floor_reached":24,"playtime":2694,"items_purged":[],"score":362,"play_id":"d9ab1b37-a855-44f1-9143-2919c3920667","local_time":"20181229201814","is_ascension_mode":true,"campfire_choices":[{"data":"Zap","floor":11.0,"key":"SMITH"},{"floor":15,"key":"REST"},{"floor":23,"key":"REST"}],"neow_cost":"NONE","seed_source_timestamp":0,"circlet_count":0,"master_deck":["Strike_B","Strike_B","Strike_B","Strike_B","Defend_B","Defend_B","Defend_B","Defend_B","Zap+1","Dualcast","BootSequence","Tempest","Conserve Battery","Cold Snap","Go for the Eyes","Sunder","Storm","Defragment","White Noise","Auto Shields","Fission","Glacier+1","RitualDagger","Conserve Battery+1","Stack+1"],"special_seed":0,"relics":["Cracked Core","NeowsBlessing","Potion Belt","Centennial Puzzle","Art of War","Omamori","Shuriken","Nuclear Battery"],"potions_floor_usage":[14,14,16,16,21,21,22,24,24,24],"damage_taken":[{"damage":0.0,"enemies":"Small Slimes","floor":1.0,"turns":1.0},{"damage":0.0,"enemies":"Cultist","floor":3.0,"turns":1.0},{"damage":0.0,"enemies":"Gremlin Nob","floor":6.0,"turns":1.0},{"damage":0.0,"enemies":"2 Louse","floor":7.0,"turns":2.0},{"damage":3.0,"enemies":"Exordium Wildlife","floor":8.0,"turns":5.0},{"damage":0.0,"enemies":"2 Fungi Beasts","floor":10.0,"turns":2.0},{"damage":4.0,"enemies":"Lagavulin","floor":12.0,"turns":5.0},{"damage":11.0,"enemies":"3 Louse","floor":13.0,"turns":2.0},{"damage":0,"enemies":"Gremlin Nob","floor":14,"turns":2},{"damage":13,"enemies":"Hexaghost","floor":16,"turns":12},{"damage":15,"enemies":"Spheric Guardian","floor":18,"turns":5},{"damage":17,"enemies":"2 Thieves","floor":21,"turns":4},{"damage":15,"enemies":"Snake Plant","floor":22,"turns":5},{"damage":45,"enemies":"Gremlin Leader","floor":24,"turns":7}],"seed_played":"2489595385454454664","potions_obtained":[{"floor":1.0,"key":"Block Potion"},{"floor":2.0,"key":"Swift Potion"},{"floor":2.0,"key":"GamblersBrew"},{"floor":7.0,"key":"Swift Potion"},{"floor":13.0,"key":"EssenceOfSteel"},{"floor":16,"key":"SpeedPotion"},{"floor":18,"key":"Swift Potion"},{"floor":20,"key":"SpeedPotion"},{"floor":20,"key":"SneckoOil"},{"floor":20,"key":"Fruit Juice"},{"floor":21,"key":"EssenceOfSteel"}],"is_trial":false,"path_per_floor":["M","?","M","?","$","E","M","M","T","M","R","E","M","R","B",null,"M","?","?","M","M","R","E"],"character_chosen":"DEFECT","items_purchased":["Conserve Battery"],"campfire_rested":2,"item_purchase_floors":[5],"current_hp_per_floor":[68,68,68,43,43,43,43,40,40,40,40,36,25,25,47,34,65,50,44,44,32,17,41,0],"gold":340,"neow_bonus":"THREE_ENEMY_KILL","is_prod":false,"is_daily":false,"chose_seed":false,"campfire_upgraded":1,"win_rate":0,"timestamp":1546143494,"path_taken":["M","?","?","?","?","E","M","M","T","M","R","E","M","E","R","BOSS","M","?","?","?","?","R","E"],"build_version":"2018-12-25","purchased_purges":0,"victory":false,"max_hp_per_floor":[75,75,75,75,75,75,75,75,75,75,75,75,75,75,75,75,75,75,75,75,80,80,80,80],"card_choices":[{"not_picked":["Auto Shields","Melter"],"picked":"BootSequence","floor":1.0},{"not_picked":["Recycle","Beam Cell"],"picked":"Tempest","floor":3.0},{"not_picked":["Compile Driver","Hello World"],"picked":"Cold Snap","floor":6.0},{"not_picked":["Gash","Scrape"],"picked":"Go for the Eyes","floor":7.0},{"not_picked":["Hello World","Go for the Eyes"],"picked":"Sunder","floor":8.0},{"not_picked":["Undo","Compile Driver"],"picked":"Storm","floor":10.0},{"not_picked":["Hello World","Consume"],"picked":"Defragment","floor":12.0},{"not_picked":["Turbo","Compile Driver"],"picked":"White Noise","floor":13.0},{"not_picked":["Meteor Strike","Aggregate"],"picked":"Auto Shields","floor":14},{"not_picked":["Biased Cognition","Seek"],"picked":"Fission","floor":16},{"not_picked":["Double Energy","Sweeping Beam"],"picked":"Glacier+1","floor":18},{"not_picked":["Rebound","Compile Driver"],"picked":"Conserve Battery+1","floor":21},{"not_picked":["Go for the Eyes","Undo+1"],"picked":"Stack+1","floor":22}],"player_experience":351027,"relics_obtained":[{"floor":6.0,"key":"Centennial Puzzle"},{"floor":9.0,"key":"Art of War"},{"floor":12.0,"key":"Omamori"},{"floor":14,"key":"Shuriken"}],"event_choices":[{"damage_healed":0.0,"max_hp_gain":0.0,"max_hp_loss":0.0,"gold_gain":0.0,"event_name":"The Woman in Blue","player_choice":"Bought 2 Potions","floor":2.0,"gold_loss":0.0,"damage_taken":0.0},{"damage_healed":0.0,"max_hp_gain":0.0,"max_hp_loss":0.0,"gold_gain":0.0,"event_name":"Scrap Ooze","player_choice":"Success","floor":4.0,"gold_loss":0.0,"damage_taken":25.0,"relics_obtained":["Potion Belt"]},{"damage_healed":0,"gold_gain":0,"player_choice":"Joined the Cult","damage_taken":6,"max_hp_gain":0,"max_hp_loss":0,"event_name":"Nest","floor":19,"gold_loss":0,"cards_obtained":["RitualDagger"]},{"damage_healed":0,"gold_gain":0,"player_choice":"Got Potions","damage_taken":0,"max_hp_gain":0,"max_hp_loss":0,"event_name":"Lab","floor":20,"gold_loss":0}],"is_beta":true,"boss_relics":[{"not_picked":["Empty Cage","Sozu"],"picked":"Nuclear Battery"}],"items_purged_floors":[],"is_endless":false,"potions_floor_spawned":[1,7,13,16,18,21],"killed_by":"Gremlin Leader","ascension_level":7}