{"gold_per_floor":[111,126,144,158,83,83,102,102,102,133,143,153,153,167,167,270,270,288,53,64,77,77,77,77,77,103,103,116,116,132,165,165,262,262,276,256,266,278,278,278,305,330,342,354,385,413,440,6,6,6],"floor_reached":51,"playtime":7501,"items_purged":["Defend_B","Defend_B"],"score":655,"play_id":"e9156673-cb45-4a36-8745-86a648027fda","local_time":"20190419011826","is_ascension_mode":false,"campfire_choices":[{"data":"Genetic Algorithm","floor":6.0,"key":"SMITH"},{"data":"Glacier","floor":8.0,"key":"SMITH"},{"data":"Defragment","floor":13.0,"key":"SMITH"},{"data":"Chill","floor":15.0,"key":"SMITH"},{"data":"Echo Form","floor":23.0,"key":"SMITH"},{"data":"Zap","floor":25.0,"key":"SMITH"},{"floor":32.0,"key":"REST"},{"data":"Capacitor","floor":40.0,"key":"SMITH"},{"floor":49,"key":"REST"}],"neow_cost":"NONE","seed_source_timestamp":0,"circlet_count":0,"master_deck":["Zap+1","Dualcast","Glacier+1","Genetic Algorithm+1","Go for the Eyes","BootSequence","Hologram","Capacitor+1","Gash","Defragment+1","Chill+1","Echo Form+1","Biased Cognition+1","Reboot+1","Multi-Cast+1","Seek","Darkness","Gash","Self Repair","Coolheaded+1","Gash+1","Barrage+1"],"special_seed":0,"relics":["Cracked Core","Torii","Ice Cream","Astrolabe","Pen Nib","Shovel","Kunai","Empty Cage","MawBank","Singing Bowl","TheAbacus","Mercury Hourglass"],"potions_floor_usage":[45,50,50],"damage_taken":[{"damage":0.0,"enemies":"Cultist","floor":1.0,"turns":3.0},{"damage":0.0,"enemies":"Jaw Worm","floor":2.0,"turns":3.0},{"damage":0.0,"enemies":"Small Slimes","floor":3.0,"turns":3.0},{"damage":1.0,"enemies":"Blue Slaver","floor":4.0,"turns":5.0},{"damage":17.0,"enemies":"Gremlin Gang","floor":7.0,"turns":7.0},{"damage":8.0,"enemies":"Gremlin Nob","floor":10.0,"turns":5.0},{"damage":1.0,"enemies":"Lots of Slimes","floor":11.0,"turns":5.0},{"damage":1.0,"enemies":"Looter","floor":12.0,"turns":2.0},{"damage":1.0,"enemies":"2 Fungi Beasts","floor":14.0,"turns":4.0},{"damage":4.0,"enemies":"Hexaghost","floor":16.0,"turns":16.0},{"damage":12.0,"enemies":"Spheric Guardian","floor":18.0,"turns":7.0},{"damage":8.0,"enemies":"3 Byrds","floor":20.0,"turns":7.0},{"damage":8.0,"enemies":"Shelled Parasite and Fungi","floor":21.0,"turns":4.0},{"damage":0.0,"enemies":"Centurion and Healer","floor":28.0,"turns":7.0},{"damage":1.0,"enemies":"Sentry and Sphere","floor":30.0,"turns":5.0},{"damage":24.0,"enemies":"Gremlin Leader","floor":31.0,"turns":6.0},{"damage":1.0,"enemies":"Champ","floor":33.0,"turns":8.0},{"damage":6.0,"enemies":"Orb Walker","floor":35.0,"turns":4.0},{"damage":0.0,"enemies":"3 Shapes","floor":37.0,"turns":5.0},{"damage":1.0,"enemies":"Maw","floor":38.0,"turns":8.0},{"damage":32.0,"enemies":"Reptomancer","floor":41.0,"turns":8.0},{"damage":8.0,"enemies":"3 Darklings","floor":42.0,"turns":5.0},{"damage":20,"enemies":"4 Shapes","floor":45,"turns":6},{"damage":14,"enemies":"Spire Growth","floor":46,"turns":5},{"damage":12,"enemies":"Maw","floor":47,"turns":7},{"damage":1,"enemies":"Donu and Deca","floor":50,"turns":9}],"seed_played":"-5035862935326200904","potions_obtained":[{"floor":1.0,"key":"FearPotion"},{"floor":4.0,"key":"Dexterity Potion"},{"floor":7.0,"key":"SteroidPotion"},{"floor":14.0,"key":"Regen Potion"},{"floor":21.0,"key":"Dexterity Potion"},{"floor":30.0,"key":"Regen Potion"},{"floor":31.0,"key":"Strength Potion"},{"floor":36.0,"key":"Swift Potion"},{"floor":46,"key":"GamblersBrew"},{"floor":47,"key":"FocusPotion"}],"is_trial":false,"path_per_floor":["M","M","M","M","$","R","M","R","T","E","M","M","R","M","R","B",null,"M","$","M","M","$","R","?","R","T","T","M","?","M","E","R","B",null,"M","?","M","M","$","R","E","M","T","$","M","M","M","$","R","B",null],"character_chosen":"DEFECT","items_purchased":["Seek","TheAbacus","Mercury Hourglass"],"campfire_rested":2,"item_purchase_floors":[19,48,48],"current_hp_per_floor":[75,75,75,74,74,74,57,57,57,49,48,47,47,46,46,57,75,63,63,55,47,47,47,47,47,47,47,54,54,60,48,70,75,75,75,75,75,74,74,74,49,41,41,41,30,25,13,13,36,42],"gold":6,"neow_bonus":"REMOVE_CARD","is_prod":false,"is_daily":false,"chose_seed":false,"campfire_upgraded":7,"win_rate":0,"timestamp":1555651106,"path_taken":["M","M","M","M","$","R","M","R","T","E","M","M","R","M","R","BOSS","M","$","M","?","?","R","?","R","T","?","M","?","?","E","R","BOSS","M","?","M","?","?","R","E","?","T","$","M","M","M","$","R","BOSS"],"build_version":"2019-01-23","purchased_purges":2,"victory":true,"max_hp_per_floor":[75,75,75,75,75,75,75,75,75,75,75,75,75,75,75,75,75,75,75,75,75,75,75,75,75,75,75,75,75,75,75,75,75,75,75,75,75,75,75,75,75,75,75,75,77,79,79,79,79,79],"card_choices":[{"not_picked":["Genetic Algorithm","Self Repair"],"picked":"Glacier","floor":1.0},{"not_picked":["Compile Driver","Turbo"],"picked":"Genetic Algorithm","floor":2.0},{"not_picked":["Rebound","Streamline"],"picked":"Go for the Eyes","floor":3.0},{"not_picked":["Stack","Sweeping Beam"],"picked":"BootSequence","floor":4.0},{"not_picked":["Ball Lightning","All For One"],"picked":"Hologram","floor":7.0},{"not_picked":["Sunder","Go for the Eyes"],"picked":"Capacitor","floor":10.0},{"not_picked":["Leap","Streamline"],"picked":"Gash","floor":11.0},{"not_picked":["Turbo","Sunder"],"picked":"Defragment","floor":12.0},{"not_picked":["Cold Snap","Beam Cell"],"picked":"Chill","floor":14.0},{"not_picked":["Core Surge","Machine Learning"],"picked":"Echo Form","floor":16.0},{"not_picked":["Redo","Tempest","Double Energy"],"picked":"SKIP","floor":18.0},{"not_picked":["Stack","BootSequence"],"picked":"Darkness","floor":20.0},{"not_picked":["Static Discharge+1","Go for the Eyes"],"picked":"Gash","floor":21.0},{"not_picked":["Steam","Redo","Rebound"],"picked":"SKIP","floor":28.0},{"not_picked":["Reprogram","Hello World+1","Steam"],"picked":"SKIP","floor":30.0},{"not_picked":["Streamline","Steam Power","Storm+1"],"picked":"SKIP","floor":31.0},{"not_picked":["Go for the Eyes","Redo"],"picked":"Coolheaded+1","floor":35.0},{"not_picked":["Conserve Battery","Rebound+1","Hello World"],"picked":"SKIP","floor":37.0},{"not_picked":["FTL","Melter","Ball Lightning"],"picked":"SKIP","floor":38.0},{"not_picked":["Sweeping Beam","Cold Snap+1"],"picked":"Gash+1","floor":41.0},{"not_picked":["Tempest","Storm","Turbo+1"],"picked":"SKIP","floor":42.0},{"not_picked":["Melter","Redo+1","Reinforced Body+1"],"picked":"Singing Bowl","floor":45},{"not_picked":["FTL","Melter","Compile Driver+1"],"picked":"Singing Bowl","floor":46},{"not_picked":["Conserve Battery","Leap"],"picked":"Barrage+1","floor":47}],"player_experience":120079,"relics_obtained":[{"floor":9.0,"key":"Torii"},{"floor":10.0,"key":"Ice Cream"},{"floor":26.0,"key":"Pen Nib"},{"floor":27.0,"key":"Shovel"},{"floor":31.0,"key":"Kunai"},{"floor":41.0,"key":"MawBank"},{"floor":43.0,"key":"Singing Bowl"}],"event_choices":[{"damage_healed":0.0,"max_hp_gain":0.0,"max_hp_loss":0.0,"gold_gain":0.0,"event_name":"The Library","player_choice":"Read","floor":24.0,"gold_loss":0.0,"damage_taken":0.0,"cards_obtained":["Self Repair"]},{"damage_healed":0.0,"max_hp_gain":0.0,"max_hp_loss":0.0,"gold_gain":0.0,"event_name":"Ghosts","player_choice":"Ignored","floor":29.0,"gold_loss":0.0,"damage_taken":0.0},{"damage_healed":0.0,"max_hp_gain":0.0,"max_hp_loss":0.0,"gold_gain":0.0,"event_name":"The Woman in Blue","player_choice":"Bought 1 Potion","floor":36.0,"gold_loss":0.0,"damage_taken":0.0}],"is_beta":false,"boss_relics":[{"not_picked":["White Beast Statue","Runic Pyramid"],"picked":"Astrolabe"},{"not_picked":["Orrery","Black Star"],"picked":"Empty Cage"}],"items_purged_floors":[5,19],"is_endless":false,"potions_floor_spawned":[1,4,7,14,21,30,31,37,41,46,47],"ascension_level":0}