{"gold_per_floor":[109,121,121,141,141,175,175,175,175,175,2,2,19,53,53,156,156,156],"floor_reached":18,"playtime":1448,"items_purged":[],"score":168,"play_id":"0b02f4f8-e6f9-4bc6-b6b1-7f680440979b","local_time":"20190121193120","is_ascension_mode":false,"campfire_choices":[{"data":"construct:Impenetrable","floor":8.0,"key":"SMITH"},{"data":"construct:OmegaCannon","floor":10.0,"key":"SMITH"},{"data":"construct:LaserCore","floor":15.0,"key":"SMITH"}],"neow_cost":"NONE","seed_source_timestamp":0,"circlet_count":0,"master_deck":["construct:Strike_Gold","construct:Strike_Gold","construct:Strike_Gold","construct:Strike_Gold","construct:Strike_Gold","construct:Defend_Gold","construct:Defend_Gold","construct:Defend_Gold","construct:Defend_Gold","construct:Defend_Gold","construct:AttackMode","construct:DefenseMode","construct:Boost","construct:OmegaCannon+1","construct:Versatility","construct:Impenetrable+1","construct:Failsafe","construct:LaserCore+1","construct:Reinforce","Parasite","construct:Analyze","construct:FierceBash","construct:MassProduction"],"special_seed":0,"relics":["construct:Cogwheel","NeowsBlessing","CultistMask","Meat on the Bone","Vajra","Darkstone Periapt","Potion Belt","Snecko Eye"],"potions_floor_usage":[],"damage_taken":[{"damage":0.0,"enemies":"2 Louse","floor":1.0,"turns":1.0},{"damage":0.0,"enemies":"Cultist","floor":2.0,"turns":1.0},{"damage":0.0,"enemies":"Jaw Worm","floor":4.0,"turns":1.0},{"damage":44.0,"enemies":"Lagavulin","floor":6.0,"turns":7.0},{"damage":0.0,"enemies":"Large Slime","floor":13.0,"turns":6.0},{"damage":30.0,"enemies":"3 Sentries","floor":14.0,"turns":12.0},{"damage":58.0,"enemies":"The Guardian","floor":16.0,"turns":8.0},{"damage":0,"enemies":"3 Byrds","floor":18,"turns":1}],"seed_played":"3052354244902372964","potions_obtained":[{"floor":2.0,"key":"LiquidBronze"},{"floor":4.0,"key":"FairyPotion"},{"floor":14.0,"key":"construct:ShiftPotion"},{"floor":16.0,"key":"AttackPotion"}],"is_trial":false,"path_per_floor":["M","M","?","M","?","E","?","R","T","R","$","?","M","E","R","B",null,"M"],"character_chosen":"THE_CONSTRUCT_MOD","items_purchased":["construct:Failsafe","construct:LaserCore","construct:Reinforce"],"campfire_rested":0,"item_purchase_floors":[11,11,11],"current_hp_per_floor":[85,85,85,85,82,50,50,50,50,50,50,77,77,47,47,14,91,91],"gold":156,"neow_bonus":"THREE_ENEMY_KILL","is_prod":false,"is_daily":false,"chose_seed":false,"campfire_upgraded":3,"win_rate":0.0,"timestamp":1548127880,"path_taken":["M","M","?","?","?","E","?","R","T","R","$","?","M","E","R","BOSS","M"],"build_version":"2019-01-17v2","purchased_purges":0,"victory":false,"max_hp_per_floor":[85,85,85,85,85,85,85,85,85,85,85,91,91,91,91,91,91,91],"card_choices":[{"not_picked":["construct:ModeShift","construct:VentSteam"],"picked":"construct:Boost","floor":1.0},{"not_picked":["construct:GuardCore","construct:ClusterMines"],"picked":"construct:OmegaCannon","floor":2.0},{"not_picked":["construct:FierceBash","construct:Backup"],"picked":"construct:Versatility","floor":4.0},{"not_picked":["construct:Electrocute","construct:ShiftGuard"],"picked":"construct:Impenetrable","floor":6.0},{"not_picked":["construct:Accumulate","construct:FocusedBeam"],"picked":"construct:Analyze","floor":13.0},{"not_picked":["construct:SuppressiveFire","construct:Backfire"],"picked":"construct:FierceBash","floor":14.0},{"not_picked":["construct:ShieldGenerator","construct:HammerDown"],"picked":"construct:MassProduction","floor":16.0}],"player_experience":260210,"relics_obtained":[{"floor":6.0,"key":"Vajra"},{"floor":9.0,"key":"Darkstone Periapt"},{"floor":14.0,"key":"Potion Belt"}],"event_choices":[{"damage_healed":0.0,"max_hp_gain":0.0,"max_hp_loss":0.0,"gold_gain":0.0,"event_name":"FaceTrader","player_choice":"Trade","floor":3.0,"gold_loss":0.0,"damage_taken":0.0,"relics_obtained":["CultistMask"]},{"damage_healed":0.0,"max_hp_gain":0.0,"max_hp_loss":0.0,"gold_gain":0.0,"event_name":"Scrap Ooze","player_choice":"Success","floor":5.0,"gold_loss":0.0,"damage_taken":3.0,"relics_obtained":["Meat on the Bone"]},{"damage_healed":0.0,"max_hp_gain":0.0,"max_hp_loss":0.0,"gold_gain":0.0,"event_name":"The Cleric","player_choice":"Leave","floor":7.0,"gold_loss":0.0,"damage_taken":0.0},{"damage_healed":21.0,"max_hp_gain":0.0,"max_hp_loss":0.0,"gold_gain":0.0,"event_name":"Mushrooms","player_choice":"Healed and dodged fight","floor":12.0,"gold_loss":0.0,"damage_taken":0.0,"cards_obtained":["Parasite"]}],"is_beta":false,"boss_relics":[{"not_picked":["Orrery","Astrolabe"],"picked":"Snecko Eye"}],"items_purged_floors":[],"is_endless":false,"potions_floor_spawned":[2,4,14,16],"killed_by":"3 Byrds","ascension_level":0}