{"gold_per_floor":[117,117,134,12,23,23,54,54,54,80,92,92,126,143,143,244,244,263,277,81,101,117,117,149,176,199,226,252,264,276,308,320,332],"floor_reached":33,"playtime":2815,"items_purged":["Pain"],"score":307,"play_id":"f3d7444a-e197-4754-8fb3-e73cea1de40f","local_time":"20190512040302","is_ascension_mode":false,"campfire_choices":[{"data":"Bash","floor":6,"key":"SMITH"},{"data":"Seeing Red","floor":8,"key":"SMITH"},{"data":"Inflame","floor":12,"key":"SMITH"},{"data":"Clothesline","floor":15,"key":"SMITH"},{"data":"Burning Pact","floor":23,"key":"SMITH"},{"floor":32,"key":"REST"}],"neow_cost":"TEN_PERCENT_HP_LOSS","seed_source_timestamp":529193158320666,"circlet_count":0,"master_deck":["Strike_R+1","Strike_R+1","Strike_R+1","Defend_R+1","Defend_R+1","Defend_R+1","Defend_R+1","Bash+1","Burning Pact+1","Battle Trance","Twin Strike","Inflame+1","Cleave","Clothesline+1","Seeing Red+1","Reaper","Reaper","Sword Boomerang","Backflip","Go for the Eyes+1","RitualDagger","BootSequence"],"relics":["Burning Blood","WarpedTongs","Oddly Smooth Stone","Letter Opener","Whetstone","Darkstone Periapt","Black Star","PrismaticShard","Turnip","Bronze Scales","Red Mask","Art of War","Paper Frog","MawBank"],"potions_floor_usage":[14,16,21,21,27],"damage_taken":[{"damage":1,"enemies":"Cultist","floor":1,"turns":3},{"damage":8,"enemies":"2 Louse","floor":3,"turns":3},{"damage":0,"enemies":"Small Slimes","floor":5,"turns":3},{"damage":26,"enemies":"Lagavulin","floor":7,"turns":5},{"damage":7,"enemies":"Gremlin Nob","floor":10,"turns":3},{"damage":1,"enemies":"Looter","floor":11,"turns":3},{"damage":30,"enemies":"3 Sentries","floor":13,"turns":6},{"damage":0,"enemies":"3 Louse","floor":14,"turns":3},{"damage":16,"enemies":"Slime Boss","floor":16,"turns":7},{"damage":28,"enemies":"2 Thieves","floor":18,"turns":3},{"damage":26,"enemies":"Spheric Guardian","floor":19,"turns":4},{"damage":12,"enemies":"Centurion and Healer","floor":21,"turns":5},{"damage":25,"enemies":"3 Cultists","floor":22,"turns":6},{"damage":15,"enemies":"Gremlin Leader","floor":24,"turns":6},{"damage":23,"enemies":"Masked Bandits","floor":25,"turns":3},{"damage":20,"enemies":"Book of Stabbing","floor":27,"turns":6},{"damage":39,"enemies":"Shelled Parasite and Fungi","floor":28,"turns":6},{"damage":13,"enemies":"Snecko","floor":31,"turns":4},{"damage":41,"enemies":"Collector","floor":33,"turns":3}],"seed_played":"8126860143443955674","potions_obtained":[{"floor":1,"key":"Strength Potion"},{"floor":10,"key":"Block Potion"},{"floor":11,"key":"Strength Potion"},{"floor":14,"key":"EssenceOfSteel"},{"floor":16,"key":"FairyPotion"},{"floor":18,"key":"Dexterity Potion"},{"floor":19,"key":"Fire Potion"},{"floor":28,"key":"LiquidBronze"}],"is_trial":false,"path_per_floor":["M","?","M","$","M","R","E","R","T","E","M","R","E","M","R","B",null,"M","M","$","M","M","R","E","?","T","E","M","?","?","M","R","B"],"character_chosen":"IRONCLAD","items_purchased":["Cleave","PrismaticShard"],"campfire_rested":1,"item_purchase_floors":[4,20],"current_hp_per_floor":[72,72,70,70,72,72,52,52,52,51,56,56,32,44,44,34,72,67,55,55,63,51,51,66,59,59,49,24,18,18,19,40,0],"gold":332,"neow_bonus":"TRANSFORM_TWO_CARDS","is_prod":false,"is_daily":false,"chose_seed":false,"campfire_upgraded":5,"win_rate":0,"timestamp":1557648182,"path_taken":["M","?","M","$","M","R","E","R","T","E","?","R","E","M","R","BOSS","M","M","$","M","M","R","E","?","T","E","M","?","?","M","R","BOSS"],"build_version":"2019-01-23","purchased_purges":1,"victory":false,"max_hp_per_floor":[72,72,72,72,72,72,72,72,72,72,72,72,72,72,72,72,72,72,72,72,72,72,72,72,72,72,72,72,72,72,72,72,72],"card_choices":[{"not_picked":["Sever Soul","Anger"],"picked":"Twin Strike","floor":1},{"not_picked":["Entrench","Sword Boomerang"],"picked":"Inflame","floor":3},{"not_picked":["Warcry","True Grit"],"picked":"Clothesline","floor":5},{"not_picked":["True Grit","Second Wind"],"picked":"Seeing Red","floor":7},{"not_picked":["Flame Barrier","Thunderclap","Pommel Strike"],"picked":"SKIP","floor":10},{"not_picked":["Havoc","Metallicize","Bludgeon"],"picked":"SKIP","floor":11},{"not_picked":["Perfected Strike","Twin Strike"],"picked":"Reaper","floor":13},{"not_picked":["Thunderclap","Sword Boomerang","Headbutt"],"picked":"SKIP","floor":14},{"not_picked":["Feed","Bludgeon"],"picked":"Reaper","floor":16},{"not_picked":["Hemokinesis","True Grit+1","Headbutt"],"picked":"SKIP","floor":18},{"not_picked":["Cleave","Headbutt","Havoc"],"picked":"SKIP","floor":19},{"not_picked":["Warcry","Poisoned Stab","Scrape"],"picked":"SKIP","floor":21},{"not_picked":["Madness","Hologram"],"picked":"Sword Boomerang","floor":22},{"not_picked":["Cold Snap+1","Pommel Strike","Deadly Poison"],"picked":"SKIP","floor":24},{"not_picked":["Malaise","Warcry"],"picked":"Backflip","floor":27},{"not_picked":["Lockon+1","Gash"],"picked":"Go for the Eyes+1","floor":28},{"not_picked":["Barrage","Rebound"],"picked":"BootSequence","floor":31}],"player_experience":183159,"relics_obtained":[{"floor":7,"key":"Oddly Smooth Stone"},{"floor":9,"key":"Letter Opener"},{"floor":10,"key":"Whetstone"},{"floor":13,"key":"Darkstone Periapt"},{"floor":24,"key":"Turnip"},{"floor":24,"key":"Bronze Scales"},{"floor":25,"key":"Red Mask"},{"floor":26,"key":"Art of War"},{"floor":27,"key":"Paper Frog"},{"floor":27,"key":"MawBank"}],"event_choices":[{"damage_healed":0,"gold_gain":0,"player_choice":"Rummage","damage_taken":0,"relics_obtained":["WarpedTongs"],"max_hp_gain":0,"max_hp_loss":0,"event_name":"Accursed Blacksmith","floor":2,"gold_loss":0,"cards_obtained":["Pain"]},{"damage_healed":0,"gold_gain":0,"player_choice":"Fought Bandits","damage_taken":0,"max_hp_gain":0,"max_hp_loss":0,"event_name":"Masked Bandits","floor":25,"gold_loss":0},{"damage_healed":0,"gold_gain":0,"player_choice":"Joined the Cult","damage_taken":6,"max_hp_gain":0,"max_hp_loss":0,"event_name":"Nest","floor":29,"gold_loss":0,"cards_obtained":["RitualDagger"]},{"damage_healed":0,"gold_gain":0,"player_choice":"Simplicity","damage_taken":0,"max_hp_gain":0,"max_hp_loss":0,"event_name":"Back to Basics","floor":30,"gold_loss":0,"cards_upgraded":["Strike_R","Defend_R","Defend_R","Defend_R","Defend_R"]}],"is_beta":false,"boss_relics":[{"not_picked":["Sozu","Busted Crown"],"picked":"Black Star"}],"items_purged_floors":[4],"is_endless":false,"potions_floor_spawned":[1,10,11,14,16,18,19,28],"killed_by":"Collector","ascension_level":0}