{"gold_per_floor":[112,124,137,156,176,176,192,192,219,247,247,247,247],"floor_reached":13,"playtime":348,"items_purged":[],"score":174,"play_id":"c9ff5b58-dfc5-464f-9de0-17c1c011d1c1","local_time":"20190118125147","is_ascension_mode":true,"campfire_choices":[{"floor":6.0,"key":"REST"},{"floor":8.0,"key":"REST"},{"data":"Noxious Fumes","floor":11,"key":"SMITH"}],"neow_cost":"NONE","seed_source_timestamp":4929059786608,"circlet_count":0,"master_deck":["AscendersBane","Defend_G","Defend_G","Defend_G","Defend_G","Defend_G","Strike_G","Strike_G","Strike_G","Strike_G","Strike_G","Survivor","Neutralize","Deadly Poison","All Out Attack","Blade Dance","Dagger Throw","Dagger Throw","Leg Sweep","Noxious Fumes+1","Injury"],"special_seed":0,"relics":["Ring of the Snake","NeowsBlessing","Boot","Singing Bowl","Golden Idol"],"potions_floor_usage":[10,10,13],"damage_taken":[{"damage":0.0,"enemies":"2 Louse","floor":1.0,"turns":1.0},{"damage":0.0,"enemies":"Small Slimes","floor":2.0,"turns":1.0},{"damage":0.0,"enemies":"Jaw Worm","floor":3.0,"turns":1.0},{"damage":6.0,"enemies":"Red Slaver","floor":4.0,"turns":3.0},{"damage":46.0,"enemies":"Exordium Thugs","floor":5.0,"turns":5.0},{"damage":6.0,"enemies":"Looter","floor":7.0,"turns":3.0},{"damage":10,"enemies":"Lagavulin","floor":10,"turns":5},{"damage":40,"enemies":"Gremlin Nob","floor":13,"turns":4}],"seed_played":"-4911982147440903781","potions_obtained":[{"floor":5.0,"key":"Strength Potion"},{"floor":7.0,"key":"Fruit Juice"},{"floor":10,"key":"Weak Potion"}],"is_trial":false,"path_per_floor":["M","M","M","M","M","R","M","R","T","E","R","?","E"],"character_chosen":"THE_SILENT","items_purchased":[],"campfire_rested":2,"item_purchase_floors":[],"current_hp_per_floor":[59,59,59,53,7,26,20,39,39,34,34,34,0],"gold":247,"neow_bonus":"THREE_ENEMY_KILL","is_prod":false,"is_daily":false,"chose_seed":false,"campfire_upgraded":1,"win_rate":0,"timestamp":1547815907,"path_taken":["M","M","M","M","M","R","M","R","T","E","R","?","E"],"build_version":"2019-01-17v2","purchased_purges":0,"victory":false,"max_hp_per_floor":[66,66,66,66,66,66,66,66,66,71,71,71,71],"card_choices":[{"not_picked":["Prepared","Flying Knee"],"picked":"Deadly Poison","floor":1.0},{"not_picked":["Bane","Dagger Spray"],"picked":"All Out Attack","floor":2.0},{"not_picked":["Envenom","Acrobatics"],"picked":"Blade Dance","floor":3.0},{"not_picked":["Dagger Spray","Caltrops"],"picked":"Dagger Throw","floor":4.0},{"not_picked":["Well Laid Plans","Flying Knee"],"picked":"Dagger Throw","floor":5.0},{"not_picked":["All Out Attack","Setup"],"picked":"Leg Sweep","floor":7.0},{"not_picked":["Flying Knee","Tactician"],"picked":"Noxious Fumes","floor":10}],"player_experience":1149517,"relics_obtained":[{"floor":9.0,"key":"Boot"},{"floor":10,"key":"Singing Bowl"}],"event_choices":[{"damage_healed":0,"gold_gain":0,"player_choice":"Take Wound","damage_taken":0,"relics_obtained":["Golden Idol"],"max_hp_gain":0,"max_hp_loss":0,"event_name":"Golden Idol","floor":12,"gold_loss":0,"cards_obtained":["Injury"]}],"is_beta":false,"boss_relics":[],"items_purged_floors":[],"is_endless":false,"potions_floor_spawned":[5,7,10],"killed_by":"Gremlin Nob","ascension_level":20}