{"gold_per_floor":[113,113,38,38,38,79,32,46,46,77,26,65,65,65,65,190,190,210,66,84,84,100,135,135,185,185,185,218,218],"floor_reached":29,"playtime":1300,"items_purged":["Injury"],"score":496,"play_id":"3f2fc28f-5e4f-465a-b221-cded2ce77c9a","local_time":"20190516152330","is_ascension_mode":true,"campfire_choices":[{"data":"FTL","floor":15.0,"key":"SMITH"},{"data":"Fission","floor":27.0,"key":"SMITH"}],"neow_cost":"NONE","seed_source_timestamp":0,"circlet_count":0,"master_deck":["Strike_B","Strike_B+1","Strike_B+1","Strike_B+1","Defend_B","Defend_B","Defend_B+1","Defend_B+1","Zap+1","Dualcast","Redo","Beam Cell","Ball Lightning","Gash","Gash","FTL+1","Machine Learning","Defragment","Fission+1","FTL"],"special_seed":0,"relics":["Cracked Core","PreservedInsect","Golden Idol","Shuriken","DataDisk","Lantern","Blue Candle","Orichalcum","Black Star","War Paint","Juzu Bracelet","Whetstone","Pear","Ornamental Fan","Art of War"],"potions_floor_usage":[28],"damage_taken":[{"damage":5.0,"enemies":"Small Slimes","floor":1.0,"turns":4.0},{"damage":16.0,"enemies":"Gremlin Nob","floor":6.0,"turns":3.0},{"damage":0.0,"enemies":"2 Louse","floor":8.0,"turns":3.0},{"damage":0.0,"enemies":"3 Sentries","floor":10.0,"turns":3.0},{"damage":0.0,"enemies":"Gremlin Nob","floor":12.0,"turns":2.0},{"damage":7.0,"enemies":"Hexaghost","floor":16.0,"turns":8.0},{"damage":5.0,"enemies":"Spheric Guardian","floor":18.0,"turns":3.0},{"damage":19.0,"enemies":"3 Byrds","floor":20.0,"turns":4.0},{"damage":26.0,"enemies":"Centurion and Healer","floor":22.0,"turns":5.0},{"damage":2.0,"enemies":"Slavers","floor":23.0,"turns":5.0},{"damage":12,"enemies":"Gremlin Leader","floor":28,"turns":5},{"damage":8,"enemies":"Sentry and Sphere","floor":29,"turns":3}],"seed_played":"-5637077913656208431","potions_obtained":[{"floor":8.0,"key":"Fire Potion"},{"floor":10.0,"key":"Poison Potion"},{"floor":18.0,"key":"Block Potion"},{"floor":21.0,"key":"Fruit Juice"},{"floor":21.0,"key":"Energy Potion"},{"floor":21.0,"key":"Swift Potion"},{"floor":22.0,"key":"SkillPotion"},{"floor":23.0,"key":"SkillPotion"}],"is_trial":false,"path_per_floor":["M","?","$","?","T","E","$","M","T","E","$","E","$","?","R","B",null,"M","$","M","?","M","E","?","?","T","R","E","M"],"character_chosen":"DEFECT","items_purchased":["Ball Lightning","Gash","War Paint"],"campfire_rested":0,"item_purchase_floors":[7,11,19],"current_hp_per_floor":[63,63,63,48,48,32,32,32,32,32,32,32,32,32,32,25,63,58,58,39,44,18,16,7,7,17,17,5,0],"gold":218,"neow_bonus":"RANDOM_COMMON_RELIC","is_prod":false,"is_daily":false,"chose_seed":false,"campfire_upgraded":2,"win_rate":0,"timestamp":1558045410,"path_taken":["M","?","$","?","?","E","?","M","T","E","$","E","$","?","R","BOSS","M","$","M","?","?","E","?","?","T","R","E","M"],"build_version":"2019-01-23","purchased_purges":1,"victory":false,"max_hp_per_floor":[75,75,75,75,75,75,75,75,75,75,75,75,75,75,75,75,75,75,75,75,80,80,80,80,80,90,90,90,90],"card_choices":[{"not_picked":["Streamline","Hologram"],"picked":"Redo","floor":1.0},{"not_picked":["Heatsinks","Barrage"],"picked":"Beam Cell","floor":6.0},{"not_picked":["Steam","Conserve Battery"],"picked":"Gash","floor":8.0},{"not_picked":["Streamline","Coolheaded","Beam Cell"],"picked":"SKIP","floor":10.0},{"not_picked":["Machine Learning","Undo"],"picked":"FTL","floor":12.0},{"not_picked":["Meteor Strike","Creative AI"],"picked":"Machine Learning","floor":16.0},{"not_picked":["Steam","Fusion+1"],"picked":"Defragment","floor":18.0},{"not_picked":["Turbo","Aggregate","Beam Cell"],"picked":"SKIP","floor":20.0},{"not_picked":["Rebound","Steam","Streamline+1"],"picked":"SKIP","floor":22.0},{"not_picked":["Scrape","Reinforced Body"],"picked":"Fission","floor":23.0},{"not_picked":["Chill","Chaos"],"picked":"FTL","floor":28}],"player_experience":500964,"relics_obtained":[{"floor":5.0,"key":"Shuriken"},{"floor":6.0,"key":"DataDisk"},{"floor":9.0,"key":"Lantern"},{"floor":10.0,"key":"Blue Candle"},{"floor":12.0,"key":"Orichalcum"},{"floor":23.0,"key":"Juzu Bracelet"},{"floor":23.0,"key":"Whetstone"},{"floor":26.0,"key":"Pear"},{"floor":28,"key":"Ornamental Fan"},{"floor":28,"key":"Art of War"}],"event_choices":[{"damage_healed":0.0,"max_hp_gain":0.0,"max_hp_loss":0.0,"gold_gain":0.0,"event_name":"Golden Idol","player_choice":"Take Wound","floor":2.0,"gold_loss":0.0,"damage_taken":0.0,"relics_obtained":["Golden Idol"],"cards_obtained":["Injury"]},{"damage_healed":0.0,"max_hp_gain":0.0,"max_hp_loss":0.0,"gold_gain":0.0,"event_name":"Shining Light","player_choice":"Entered Light","floor":4.0,"gold_loss":0.0,"damage_taken":15.0,"cards_upgraded":["Defend_B","Strike_B"]},{"damage_healed":0.0,"max_hp_gain":0.0,"max_hp_loss":0.0,"gold_gain":0.0,"event_name":"Golden Wing","player_choice":"Ignored","floor":14.0,"gold_loss":0.0,"damage_taken":0.0},{"damage_healed":0.0,"max_hp_gain":0.0,"max_hp_loss":0.0,"gold_gain":0.0,"event_name":"Lab","player_choice":"Got Potions","floor":21.0,"gold_loss":0.0,"damage_taken":0.0},{"damage_healed":0.0,"max_hp_gain":0.0,"max_hp_loss":0.0,"gold_gain":0.0,"event_name":"Cursed Tome","player_choice":"Stopped","floor":24.0,"gold_loss":0.0,"damage_taken":9.0},{"damage_healed":0.0,"max_hp_gain":0.0,"max_hp_loss":0.0,"gold_gain":100.0,"event_name":"The Joust","player_choice":"Bet on Murderer","floor":25.0,"gold_loss":50.0,"damage_taken":0.0}],"is_beta":false,"boss_relics":[{"not_picked":["Inserter","Cursed Key"],"picked":"Black Star"}],"items_purged_floors":[3],"is_endless":false,"potions_floor_spawned":[8,10,18,22,23],"killed_by":"Sentry and Sphere","ascension_level":9}