{"gold_per_floor":[19,94,106,106,71,86,86,111,138,64,77,10,10,26,26,122,122,133,133,151,42,42,42],"floor_reached":23,"playtime":1122,"items_purged":["Defend_B"],"score":227,"play_id":"2c171d6c-859b-4901-a826-43617455fa65","local_time":"20190430101321","is_ascension_mode":true,"campfire_choices":[{"data":"Zap","floor":7,"key":"SMITH"},{"floor":13,"key":"REST"},{"data":"Blizzard","floor":15,"key":"SMITH"}],"neow_cost":"NO_GOLD","seed_source_timestamp":1774593121175300,"circlet_count":0,"master_deck":["Strike_B","Strike_B","Strike_B","Strike_B","Defend_B+1","Defend_B","Defend_B","Zap+1","Dualcast","Defragment+1","Cold Snap","Conserve Battery","Blizzard+1","Defragment","Cold Snap","Echo Form","Auto Shields","RitualDagger","Conserve Battery+1","Capacitor"],"relics":["Cracked Core","Du-Vu Doll","Omamori","Regal Pillow","Sozu"],"potions_floor_usage":[14,16,18],"damage_taken":[{"damage":5,"enemies":"2 Louse","floor":1,"turns":2},{"damage":11,"enemies":"Small Slimes","floor":3,"turns":4},{"damage":2,"enemies":"Jaw Worm","floor":6,"turns":3},{"damage":32,"enemies":"Gremlin Nob","floor":8,"turns":4},{"damage":3,"enemies":"Blue Slaver","floor":11,"turns":3},{"damage":18,"enemies":"Gremlin Gang","floor":14,"turns":5},{"damage":6,"enemies":"Hexaghost","floor":16,"turns":13},{"damage":15,"enemies":"2 Thieves","floor":18,"turns":5},{"damage":28,"enemies":"3 Byrds","floor":20,"turns":5},{"damage":40,"enemies":"Gremlin Leader","floor":23,"turns":3}],"seed_played":"-7739977348368739084","potions_obtained":[{"floor":1,"key":"SpeedPotion"},{"floor":8,"key":"Weak Potion"},{"floor":11,"key":"FearPotion"},{"floor":16,"key":"Block Potion"}],"is_trial":false,"path_per_floor":["M","?","M","?","?","M","R","E","T","$","M","$","R","M","R","B",null,"M","?","M","$","?","E"],"character_chosen":"DEFECT","items_purchased":["Cold Snap","Conserve Battery","Defragment","Capacitor"],"campfire_rested":1,"item_purchase_floors":[10,10,12,21],"current_hp_per_floor":[70,59,48,33,51,49,49,17,17,17,14,14,51,33,33,27,75,60,54,26,26,26,0],"gold":42,"neow_bonus":"ONE_RARE_RELIC","is_prod":false,"is_daily":false,"chose_seed":false,"campfire_upgraded":2,"win_rate":0,"timestamp":1556644401,"path_taken":["M","?","M","?","?","M","R","E","T","$","M","?","R","?","R","BOSS","M","?","M","$","?","E"],"build_version":"2019-01-23","purchased_purges":1,"victory":false,"max_hp_per_floor":[75,75,75,75,75,75,75,75,75,75,75,75,75,75,75,75,75,75,75,75,75,75,75],"card_choices":[{"not_picked":["Fusion","Barrage"],"picked":"Defragment","floor":1},{"not_picked":["Steam","Consume","Beam Cell"],"picked":"SKIP","floor":3},{"not_picked":["Recycle","Hologram","Beam Cell"],"picked":"SKIP","floor":6},{"not_picked":["Beam Cell","Skim","Force Field"],"picked":"SKIP","floor":8},{"not_picked":["Hello World","Go for the Eyes"],"picked":"Blizzard","floor":11},{"not_picked":["Leap","Steam"],"picked":"Cold Snap","floor":14},{"not_picked":["Multi-Cast","Meteor Strike"],"picked":"Echo Form","floor":16},{"not_picked":["Barrage","Compile Driver"],"picked":"Auto Shields","floor":18},{"not_picked":["Hologram+1","Steam+1"],"picked":"Conserve Battery+1","floor":20}],"player_experience":485824,"relics_obtained":[{"floor":8,"key":"Omamori"},{"floor":9,"key":"Regal Pillow"}],"event_choices":[{"damage_healed":0,"gold_gain":75,"player_choice":"Gather Gold","damage_taken":11,"max_hp_gain":0,"max_hp_loss":0,"event_name":"World of Goop","floor":2,"gold_loss":0},{"damage_healed":0,"gold_gain":0,"player_choice":"Entered Light","damage_taken":15,"max_hp_gain":0,"max_hp_loss":0,"event_name":"Shining Light","floor":4,"gold_loss":0,"cards_upgraded":["Defend_B","Defragment"]},{"damage_healed":18,"gold_gain":0,"player_choice":"Healed","damage_taken":0,"max_hp_gain":0,"max_hp_loss":0,"event_name":"The Cleric","floor":5,"gold_loss":35},{"damage_healed":0,"gold_gain":0,"player_choice":"Joined the Cult","damage_taken":6,"max_hp_gain":0,"max_hp_loss":0,"event_name":"Nest","floor":19,"gold_loss":0,"cards_obtained":["RitualDagger"]},{"damage_healed":0,"gold_gain":0,"player_choice":"Ignored","damage_taken":0,"max_hp_gain":0,"max_hp_loss":0,"event_name":"Vampires","floor":22,"gold_loss":0}],"is_beta":false,"boss_relics":[{"not_picked":["Snecko Eye","Empty Cage"],"picked":"Sozu"}],"items_purged_floors":[21],"is_endless":false,"potions_floor_spawned":[1,8,11,16,20],"killed_by":"Gremlin Leader","ascension_level":4}