{"gold_per_floor":[118,129,142,142,108,139,139,154,154,166,199,214,0,26,26,129,129,148,182,202,3,3,3,28,28,28,61,74,74,174,190,190,293,293,309,309,309,45,267,595,627,661,661,661,689,689,709,719,719,719],"floor_reached":50,"playtime":8523,"items_purged":["Strike_B"],"score":841,"play_id":"0b093310-4974-44df-9c55-fcb76483aa23","local_time":"20181028225901","is_ascension_mode":false,"campfire_choices":[{"data":"Zap","floor":7,"key":"SMITH"},{"data":"Storm","floor":15,"key":"SMITH"},{"data":"Double Energy","floor":23,"key":"SMITH"},{"data":"Fission","floor":25,"key":"SMITH"},{"data":"White Noise","floor":29,"key":"SMITH"},{"data":"Amplify","floor":32,"key":"SMITH"},{"data":"Metamorphosis","floor":44,"key":"SMITH"},{"data":"1","floor":46,"key":"LIFT"},{"data":"2","floor":49,"key":"LIFT"}],"neow_cost":"NONE","seed_source_timestamp":187588435115471,"circlet_count":0,"master_deck":["Strike_B","Defend_B","Defend_B+1","Defend_B","Zap+1","Dualcast","Rip and Tear+1","Auto Shields","Auto Shields","Self Repair","Leap","White Noise+1","Chill","Storm+1","Skim","Self Repair","Heatsinks","Hello World","Machine Learning","Electrodynamics","Cold Snap+1","Undo+1","Compile Driver+1","Streamline","Lockon+1","Fission+1","Double Energy+1","Conserve Battery","Blizzard","FTL","Amplify+1","White Noise","Doom and Gloom","Defragment+1","Tempest+1","Echo Form","Chill+1","Madness","Madness","Violence","Madness","Chrysalis","Capacitor","Metamorphosis+1","Consume","BootSequence+1","Melter+1","Storm","FTL+1"],"relics":["Runic Pyramid","Bird Faced Urn","WingedGreaves","The Courier","Anchor","Astrolabe","Red Mask","Pear","Bottled Lightning","Strawberry","Thread and Needle","Question Card","Philosopher\u0027s Stone","Old Coin","Molten Egg 2","Nunchaku","Meat on the Bone","Girya"],"potions_floor_usage":[16,16,19,30,33,40,48,50],"damage_taken":[{"damage":1,"enemies":"Cultist","floor":1,"turns":4},{"damage":5,"enemies":"Small Slimes","floor":2,"turns":3},{"damage":7,"enemies":"2 Louse","floor":3,"turns":2},{"damage":1,"enemies":"Lagavulin","floor":6,"turns":7},{"damage":0,"enemies":"Large Slime","floor":8,"turns":5},{"damage":0,"enemies":"2 Fungi Beasts","floor":10,"turns":3},{"damage":1,"enemies":"3 Sentries","floor":11,"turns":8},{"damage":1,"enemies":"3 Louse","floor":12,"turns":2},{"damage":51,"enemies":"Gremlin Nob","floor":14,"turns":6},{"damage":2,"enemies":"The Guardian","floor":16,"turns":11},{"damage":0,"enemies":"Chosen","floor":18,"turns":4},{"damage":25,"enemies":"Masked Bandits","floor":19,"turns":5},{"damage":10,"enemies":"2 Thieves","floor":20,"turns":3},{"damage":18,"enemies":"Gremlin Leader","floor":24,"turns":7},{"damage":24,"enemies":"Slavers","floor":27,"turns":5},{"damage":5,"enemies":"Snake Plant","floor":28,"turns":3},{"damage":0,"enemies":"Colosseum Slavers","floor":30,"turns":4},{"damage":40,"enemies":"Colosseum Nobs","floor":30,"turns":4},{"damage":0,"enemies":"Chosen and Byrds","floor":31,"turns":3},{"damage":0,"enemies":"Automaton","floor":33,"turns":5},{"damage":0,"enemies":"3 Darklings","floor":35,"turns":3},{"damage":0,"enemies":"Giant Head","floor":40,"turns":7},{"damage":3,"enemies":"Nemesis","floor":41,"turns":5},{"damage":0,"enemies":"Giant Head","floor":42,"turns":5},{"damage":0,"enemies":"Reptomancer","floor":45,"turns":4},{"damage":0,"enemies":"Orb Walker","floor":47,"turns":4},{"damage":4,"enemies":"Maw","floor":48,"turns":6},{"damage":125,"enemies":"Awakened One","floor":50,"turns":8}],"seed_played":"6975935832992112419","potions_obtained":[{"floor":3,"key":"EssenceOfSteel"},{"floor":12,"key":"FocusPotion"},{"floor":14,"key":"FairyPotion"},{"floor":16,"key":"FearPotion"},{"floor":18,"key":"Fire Potion"},{"floor":24,"key":"GamblersBrew"},{"floor":30,"key":"Block Potion"},{"floor":31,"key":"AttackPotion"},{"floor":33,"key":"Weak Potion"},{"floor":45,"key":"Ancient Potion"}],"is_trial":false,"path_per_floor":["M","M","M","?","?","E","R","M","T","M","E","M","$","E","R","B",null,"M","?","M","$","?","R","E","R","T","E","M","R","?","M","R","B",null,"M","?","?","$","?","E","E","E","T","R","E","R","M","M","R"],"character_chosen":"DEFECT","items_purchased":["Skim","Self Repair","Heatsinks","Hello World","Double Energy","Conserve Battery","Blizzard","FTL","Capacitor","Metamorphosis"],"campfire_rested":0,"item_purchase_floors":[13,13,13,13,21,21,21,21,38,38],"current_hp_per_floor":[74,69,62,47,47,46,46,55,55,64,74,75,75,46,46,72,75,75,72,75,75,75,75,85,85,85,76,90,90,72,91,91,92,92,92,80,70,70,70,92,92,92,92,92,92,92,92,92,92,0],"gold":719,"neow_bonus":"BOSS_RELIC","is_prod":false,"is_daily":false,"chose_seed":false,"campfire_upgraded":7,"win_rate":0.0,"timestamp":1540792741,"path_taken":["M","?","M","?","?","E","R","?","T","M","E","M","$","E","R","BOSS","M","?","M","$","?","R","E","R","T","E","M","R","?","M","R","BOSS","M","?","?","$","?","E","E","E","T","R","E","R","M","M","R","BOSS"],"build_version":"2018-10-25v2","purchased_purges":1,"victory":false,"max_hp_per_floor":[75,75,75,75,75,75,75,75,75,75,75,75,75,75,75,75,75,75,75,75,75,75,75,85,85,85,92,92,92,92,92,92,92,92,92,92,92,92,92,92,92,92,92,92,92,92,92,92,92,92],"card_choices":[{"not_picked":["Compile Driver","Steam"],"picked":"Rip and Tear","floor":1},{"not_picked":["Redo","Steam"],"picked":"Auto Shields","floor":2},{"not_picked":["Turbo","Barrage"],"picked":"Auto Shields","floor":3},{"not_picked":["Chill","Conserve Battery"],"picked":"Self Repair","floor":6},{"not_picked":["Redo","Barrage"],"picked":"Leap","floor":8},{"not_picked":["Conserve Battery","Compile Driver"],"picked":"White Noise","floor":10},{"not_picked":["Beam Cell","Fission"],"picked":"Chill","floor":11},{"not_picked":["Conserve Battery","Barrage"],"picked":"Storm","floor":12},{"not_picked":["Tempest","Streamline"],"picked":"Machine Learning","floor":14},{"not_picked":["Multi-Cast","Meteor Strike"],"picked":"Electrodynamics","floor":16},{"not_picked":["Rebound+1","Gash"],"picked":"Streamline","floor":18},{"not_picked":["Coolheaded","Leap+1"],"picked":"Lockon+1","floor":19},{"not_picked":["Blizzard","Ball Lightning+1"],"picked":"Fission","floor":20},{"not_picked":["Tempest","Leap"],"picked":"Amplify","floor":24},{"not_picked":["Redo","Steam Power+1"],"picked":"White Noise","floor":27},{"not_picked":["Compile Driver","Steam"],"picked":"Doom and Gloom","floor":28},{"not_picked":["Stack","Barrage"],"picked":"Defragment+1","floor":30},{"not_picked":["Rebound","Heatsinks+1","Gash"],"picked":"Tempest+1","floor":31},{"not_picked":["Buffer","Machine Learning","All For One"],"picked":"Echo Form","floor":33},{"not_picked":["Sunder+1","Undo","Gash+1"],"picked":"Chill+1","floor":35},{"not_picked":["HandOfGreed","PanicButton","Good Instincts"],"picked":"Violence","floor":37},{"not_picked":["Transmutation","Magnetism","Secret Technique"],"picked":"Madness","floor":37},{"not_picked":["Secret Technique","Blind","Enlightenment"],"picked":"Chrysalis","floor":37},{"not_picked":["Heatsinks","Go for the Eyes+1","Ball Lightning"],"picked":"Consume","floor":40},{"not_picked":["Chill+1","Beam Cell+1","Steam"],"picked":"BootSequence+1","floor":41},{"not_picked":["Multi-Cast","Ball Lightning+1","Doom and Gloom+1"],"picked":"Melter+1","floor":42},{"not_picked":["Gash+1","Sweeping Beam+1","Redo+1","Steam"],"picked":"SKIP","floor":45},{"not_picked":["Coolheaded","Compile Driver+1","Genetic Algorithm+1"],"picked":"Storm","floor":47},{"not_picked":["Hologram+1","Sweeping Beam+1","Coolheaded+1"],"picked":"FTL+1","floor":48}],"player_experience":167699,"relics_obtained":[{"floor":6,"key":"Bird Faced Urn"},{"floor":9,"key":"WingedGreaves"},{"floor":11,"key":"The Courier"},{"floor":14,"key":"Anchor"},{"floor":19,"key":"Red Mask"},{"floor":24,"key":"Pear"},{"floor":26,"key":"Bottled Lightning"},{"floor":27,"key":"Strawberry"},{"floor":30,"key":"Thread and Needle"},{"floor":30,"key":"Question Card"},{"floor":40,"key":"Old Coin"},{"floor":41,"key":"Molten Egg 2"},{"floor":42,"key":"Nunchaku"},{"floor":43,"key":"Meat on the Bone"},{"floor":45,"key":"Girya"}],"event_choices":[{"damage_healed":0,"gold_gain":0,"player_choice":"Entered Light","damage_taken":15,"max_hp_gain":0,"max_hp_loss":0,"event_name":"Shining Light","floor":4,"gold_loss":0,"cards_upgraded":["Defend_B","Rip and Tear"]},{"damage_healed":0,"gold_gain":0,"player_choice":"Left Gold","damage_taken":0,"max_hp_gain":0,"max_hp_loss":0,"event_name":"World of Goop","floor":5,"gold_loss":34},{"damage_healed":0,"gold_gain":0,"player_choice":"Fought Bandits","damage_taken":0,"max_hp_gain":0,"max_hp_loss":0,"event_name":"Masked Bandits","floor":19,"gold_loss":0},{"damage_healed":0,"gold_gain":0,"player_choice":"Ignored","damage_taken":0,"max_hp_gain":0,"max_hp_loss":0,"event_name":"Vampires","floor":22,"gold_loss":0},{"damage_healed":0,"gold_gain":0,"player_choice":"Fight","damage_taken":0,"max_hp_gain":0,"max_hp_loss":0,"event_name":"Colosseum","floor":30,"gold_loss":0},{"damage_healed":0,"gold_gain":0,"player_choice":"Fought Nobs","damage_taken":0,"max_hp_gain":0,"max_hp_loss":0,"event_name":"Colosseum","floor":30,"gold_loss":0},{"damage_healed":0,"gold_gain":0,"player_choice":"Embrace Madness","damage_taken":12,"max_hp_gain":0,"max_hp_loss":0,"event_name":"Winding Halls","floor":36,"gold_loss":0,"cards_obtained":["Madness","Madness"]},{"damage_healed":0,"gold_gain":0,"player_choice":"Memory 3","damage_taken":10,"max_hp_gain":0,"max_hp_loss":0,"event_name":"SensoryStone","floor":37,"gold_loss":0},{"damage_healed":0,"gold_gain":222,"player_choice":"Wore Mask","damage_taken":0,"max_hp_gain":0,"max_hp_loss":0,"event_name":"Tomb of Lord Red Mask","floor":39,"gold_loss":0}],"is_beta":false,"boss_relics":[{"not_picked":["Orrery","Coffee Dripper"],"picked":"Astrolabe"},{"not_picked":["Snecko Eye","Pandora\u0027s Box"],"picked":"Philosopher\u0027s Stone"}],"items_purged_floors":[38],"is_endless":false,"potions_floor_spawned":[3,12,14,16,18,24,30,30,31,33,45],"killed_by":"Awakened One","ascension_level":0}