{"gold_per_floor":[15,31,31,49,49,49,79,254,279,317,339,351,375,402,414,530,542,570,14,26,44,44,44,71,71,94,122,141,169,169,181,181,283,283,299,299,32,46,63,94,44,44,114,114,127,152,152,152,152,152],"floor_reached":51,"playtime":5851,"items_purged":["Doubt","Defend_B","Defend_B"],"score":825,"play_id":"b6a79938-9343-4850-8520-c3941ec50399","local_time":"20181103234151","is_ascension_mode":false,"campfire_choices":[{"data":"Loop","floor":6,"key":"SMITH"},{"floor":12,"key":"REST"},{"floor":15,"key":"REST"},{"floor":23,"key":"REST"},{"data":"Recycle","floor":25,"key":"SMITH"},{"floor":32,"key":"REST"},{"data":"Storm","floor":42,"key":"SMITH"},{"data":"Electrodynamics","floor":44,"key":"SMITH"},{"data":"Zap","floor":47,"key":"SMITH"},{"data":"Dualcast","floor":49,"key":"SMITH"}],"neow_cost":"NO_GOLD","seed_source_timestamp":10529237834116,"circlet_count":0,"master_deck":["Defend_B+1","Defend_B+1","Zap+1","Dualcast+1","Rip and Tear+1","FTL","Electrodynamics+1","Loop+1","All For One","Storm","Genetic Algorithm","Streamline","Recycle+1","Echo Form","Static Discharge+1","Go for the Eyes","Seek","Dark Shackles","Capacitor","Self Repair","FTL","Storm+1","Reprogram","Force Field","Loop+1","Defragment","Amplify","Hello World","Go for the Eyes+1","Stack","Heatsinks+1","Parasite","Melter"],"relics":["Cracked Core","Smiling Mask","Unceasing Top","MawBank","War Paint","Philosopher\u0027s Stone","Strange Spoon","Centennial Puzzle","Orichalcum","Strawberry","Bag of Preparation","Kunai","Busted Crown","Medical Kit","Ancient Tea Set","Bottled Tornado","Whetstone"],"potions_floor_usage":[7,18,18,24,38,50,50,50],"damage_taken":[{"damage":1,"enemies":"2 Louse","floor":1,"turns":2},{"damage":1,"enemies":"Jaw Worm","floor":2,"turns":2},{"damage":0,"enemies":"Cultist","floor":4,"turns":2},{"damage":11,"enemies":"3 Sentries","floor":7,"turns":3},{"damage":27,"enemies":"Gremlin Nob","floor":10,"turns":4},{"damage":2,"enemies":"Looter","floor":11,"turns":2},{"damage":0,"enemies":"Blue Slaver","floor":13,"turns":3},{"damage":0,"enemies":"Lots of Slimes","floor":14,"turns":1},{"damage":0,"enemies":"Slime Boss","floor":16,"turns":5},{"damage":8,"enemies":"Shell Parasite","floor":18,"turns":4},{"damage":21,"enemies":"3 Byrds","floor":20,"turns":4},{"damage":23,"enemies":"Snake Plant","floor":21,"turns":3},{"damage":14,"enemies":"Gremlin Leader","floor":24,"turns":4},{"damage":15,"enemies":"Book of Stabbing","floor":27,"turns":4},{"damage":28,"enemies":"Sentry and Sphere","floor":28,"turns":5},{"damage":27,"enemies":"Gremlin Leader","floor":29,"turns":4},{"damage":24,"enemies":"Snecko","floor":31,"turns":5},{"damage":24,"enemies":"Automaton","floor":33,"turns":6},{"damage":2,"enemies":"Orb Walker","floor":35,"turns":3},{"damage":0,"enemies":"3 Darklings","floor":38,"turns":3},{"damage":24,"enemies":"Jaw Worm Horde","floor":39,"turns":2},{"damage":24,"enemies":"Reptomancer","floor":40,"turns":3},{"damage":0,"enemies":"Writhing Mass","floor":45,"turns":4},{"damage":0,"enemies":"Giant Head","floor":46,"turns":6},{"damage":48,"enemies":"Time Eater","floor":50,"turns":8}],"seed_played":"-7551992527337099023","potions_obtained":[{"floor":4,"key":"Dexterity Potion"},{"floor":7,"key":"FairyPotion"},{"floor":11,"key":"EssenceOfSteel"},{"floor":16,"key":"Energy Potion"},{"floor":18,"key":"FocusPotion"},{"floor":21,"key":"Weak Potion"},{"floor":29,"key":"Fire Potion"},{"floor":33,"key":"SteroidPotion"},{"floor":35,"key":"Block Potion"},{"floor":46,"key":"Strength Potion"}],"is_trial":false,"path_per_floor":["M","M","?","M","?","R","E","?","T","E","M","R","M","M","R","B",null,"M","$","M","M","?","R","E","R","T","E","M","E","?","M","R","B",null,"M","?","$","M","M","E","$","R","T","R","M","E","R","?","R","B",null],"character_chosen":"DEFECT","items_purchased":["Go for the Eyes","Strange Spoon","Seek","Dark Shackles","Capacitor","Medical Kit","Go for the Eyes"],"campfire_rested":4,"item_purchase_floors":[19,19,19,19,19,37,37],"current_hp_per_floor":[74,73,66,66,54,54,43,43,43,16,14,36,36,36,58,58,75,67,67,46,30,30,52,45,45,52,44,23,15,42,25,49,32,82,80,80,80,80,63,46,46,46,46,46,53,60,60,82,82,41],"gold":152,"neow_bonus":"TRANSFORM_TWO_CARDS","is_prod":false,"is_daily":false,"chose_seed":false,"campfire_upgraded":6,"win_rate":0.0,"timestamp":1541313711,"path_taken":["M","M","?","M","?","R","E","?","T","E","M","R","?","M","R","BOSS","M","$","M","M","?","R","E","R","T","E","?","E","?","M","R","BOSS","M","?","$","M","M","E","$","R","T","R","?","E","R","?","R","BOSS"],"build_version":"2018-11-01","purchased_purges":3,"victory":true,"max_hp_per_floor":[75,75,75,75,75,75,75,75,75,75,75,75,75,75,75,75,75,75,75,75,75,75,75,75,75,82,82,82,82,82,82,82,82,82,82,82,82,82,82,82,82,82,82,82,82,82,82,82,82,82],"card_choices":[{"not_picked":["Coolheaded","Steam Power"],"picked":"Rip and Tear","floor":1},{"not_picked":["Hologram","Steam"],"picked":"Electrodynamics","floor":2},{"not_picked":["Undo","Turbo"],"picked":"Loop","floor":4},{"not_picked":["Beam Cell","Rebound"],"picked":"All For One","floor":7},{"not_picked":["Go for the Eyes","Gash"],"picked":"Storm","floor":10},{"not_picked":["Hello World","Coolheaded"],"picked":"Genetic Algorithm","floor":11},{"not_picked":["Turbo","Steam Power"],"picked":"Streamline","floor":13},{"not_picked":["Barrage","Gash"],"picked":"Recycle","floor":14},{"not_picked":["Biased Cognition","Meteor Strike"],"picked":"Echo Form","floor":16},{"not_picked":["Hologram","Auto Shields+1"],"picked":"Static Discharge+1","floor":18},{"not_picked":["Steam","FTL"],"picked":"Self Repair","floor":20},{"not_picked":["Redo","Cold Snap"],"picked":"FTL","floor":21},{"not_picked":["Turbo","Streamline"],"picked":"Storm","floor":24},{"not_picked":["Blizzard+1","Leap+1"],"picked":"Reprogram","floor":27},{"not_picked":["Hologram+1","Lockon"],"picked":"Force Field","floor":28},{"not_picked":["FTL","Sweeping Beam+1"],"picked":"Loop+1","floor":29},{"not_picked":["Hologram","Stack"],"picked":"Defragment","floor":31},{"not_picked":["Echo Form","Machine Learning"],"picked":"Amplify","floor":33},{"not_picked":[],"picked":"Hello World","floor":35},{"not_picked":[],"picked":"Stack","floor":38},{"not_picked":["Rebound"],"picked":"SKIP","floor":39},{"not_picked":[],"picked":"Heatsinks+1","floor":40},{"not_picked":["Cold Snap"],"picked":"SKIP","floor":45},{"not_picked":[],"picked":"Melter","floor":46}],"player_experience":193133,"relics_obtained":[{"floor":7,"key":"Unceasing Top"},{"floor":9,"key":"MawBank"},{"floor":10,"key":"War Paint"},{"floor":24,"key":"Orichalcum"},{"floor":26,"key":"Strawberry"},{"floor":27,"key":"Bag of Preparation"},{"floor":29,"key":"Kunai"},{"floor":40,"key":"Ancient Tea Set"},{"floor":43,"key":"Bottled Tornado"},{"floor":46,"key":"Whetstone"}],"event_choices":[{"cards_removed":["Strike_B"],"damage_healed":0,"gold_gain":0,"player_choice":"Card Removal","damage_taken":7,"max_hp_gain":0,"max_hp_loss":0,"event_name":"Golden Wing","floor":3,"gold_loss":0},{"damage_healed":0,"gold_gain":0,"player_choice":"Success","damage_taken":12,"relics_obtained":["Smiling Mask"],"max_hp_gain":0,"max_hp_loss":0,"event_name":"Scrap Ooze","floor":5,"gold_loss":0},{"damage_healed":0,"gold_gain":175,"player_choice":"AGREE","damage_taken":0,"max_hp_gain":0,"max_hp_loss":0,"event_name":"Liars Game","floor":8,"gold_loss":0,"cards_obtained":["Doubt"]},{"damage_healed":0,"gold_gain":0,"player_choice":"Gave Potion","damage_taken":0,"relics_obtained":["Centennial Puzzle"],"max_hp_gain":0,"max_hp_loss":0,"event_name":"WeMeetAgain","floor":22,"gold_loss":0},{"damage_healed":27,"gold_gain":0,"player_choice":"Heal","damage_taken":0,"max_hp_gain":0,"max_hp_loss":0,"event_name":"The Library","floor":30,"gold_loss":0},{"cards_removed":["Strike_B"],"damage_healed":0,"gold_gain":0,"player_choice":"Purged","damage_taken":0,"max_hp_gain":0,"max_hp_loss":0,"event_name":"Purifier","floor":36,"gold_loss":0},{"cards_removed":["Rip and Tear"],"damage_healed":22,"gold_gain":0,"player_choice":"Offered Uncommon","damage_taken":0,"max_hp_gain":0,"max_hp_loss":0,"event_name":"Bonfire Elementals","floor":48,"gold_loss":0}],"is_beta":false,"boss_relics":[{"not_picked":["Tiny House","White Beast Statue"],"picked":"Philosopher\u0027s Stone"},{"not_picked":["Fusion Hammer","Sozu"],"picked":"Busted Crown"}],"items_purged_floors":[19,37,41],"is_endless":false,"potions_floor_spawned":[4,7,11,16,18,21,29,33,35,46],"ascension_level":0}