{"gold_per_floor":[119,136,136,146,160,160,195,195,195,207,219,231,256,300,312,426,438,466,488,512,541,573,585,597,627,687,699,731,743,772,819,831,843],"floor_reached":33,"playtime":3999,"items_purged":[],"score":381,"play_id":"0eeeea99-59b7-45dd-9a5a-d068200d892e","local_time":"20190109001722","is_ascension_mode":false,"campfire_choices":[{"data":"Slimebound:SpikyOuterGoop","floor":6,"key":"PURGE"},{"data":"Slimebound:GrowthPunch","floor":8,"key":"SMITH"},{"data":"Slimebound:QuickStudy","floor":12,"key":"SMITH"},{"data":"Slimebound:SplitAcid","floor":15,"key":"SMITH"},{"data":"Slimebound:MegaLick","floor":23,"key":"PURGE"},{"data":"Slimebound:SpikyOuterGoop","floor":27,"key":"PURGE"},{"data":"Slimebound:FormOfPuddle","floor":29,"key":"PURGE"},{"data":"Slimebound:LevelUp","floor":32,"key":"SMITH"}],"neow_cost":"CURSE","seed_source_timestamp":20983281946532,"circlet_count":0,"master_deck":["Slimebound:Strike_Slimebound","Slimebound:Strike_Slimebound","Slimebound:Defend_Slimebound","Slimebound:Defend_Slimebound","Slimebound:Defend_Slimebound","Slimebound:Defend_Slimebound","Slimebound:Split","Slimebound:CorrosiveSpit","Slimebound:PrepareCrush","Slimebound:SlimeBrawl","Slimebound:SplitAcid+1","Slimebound:GrowthPunch+1","Slimebound:QuickStudy+1","Iron Wave","Slimebound:LeechLife","Slimebound:Dissolve","Slimebound:AcidTongue","Slimebound:SplitBruiser+1","Slimebound:SplitAcid+1","Slimebound:ComboTackle","Slimebound:SlimeBarrage","Slimebound:FormOfPuddle","Slimebound:LevelUp+1","Slimebound:StrayGoop+1"],"special_seed":0,"relics":["Slimebound:AbsorbEndCombat","Slimebound:ScrapOozeRelic","Centennial Puzzle","MawBank","The Courier","Slimebound:StudyCardRelic","Nilry\u0027s Codex","Vajra","Anchor"],"potions_floor_usage":[7,33,33],"damage_taken":[{"damage":8,"enemies":"Small Slimes","floor":1,"turns":3},{"damage":13,"enemies":"Jaw Worm","floor":2,"turns":2},{"damage":2,"enemies":"Cultist","floor":4,"turns":2},{"damage":11,"enemies":"Blue Slaver","floor":5,"turns":4},{"damage":12,"enemies":"Lagavulin","floor":7,"turns":4},{"damage":4,"enemies":"2 Fungi Beasts","floor":13,"turns":3},{"damage":13,"enemies":"3 Sentries","floor":14,"turns":4},{"damage":44,"enemies":"Slime Boss","floor":16,"turns":8},{"damage":4,"enemies":"2 Thieves","floor":18,"turns":3},{"damage":13,"enemies":"Chosen","floor":19,"turns":2},{"damage":19,"enemies":"Snake Plant","floor":20,"turns":3},{"damage":21,"enemies":"Shelled Parasite and Fungi","floor":21,"turns":3},{"damage":4,"enemies":"Snecko","floor":22,"turns":2},{"damage":31,"enemies":"Centurion and Healer","floor":25,"turns":5},{"damage":13,"enemies":"Shelled Parasite and Fungi","floor":28,"turns":3},{"damage":13,"enemies":"Cultist and Chosen","floor":30,"turns":3},{"damage":38,"enemies":"Gremlin Leader","floor":31,"turns":6},{"damage":118,"enemies":"Automaton","floor":33,"turns":6}],"seed_played":"6661314642978222384","potions_obtained":[{"floor":1,"key":"Energy Potion"},{"floor":4,"key":"FearPotion"},{"floor":14,"key":"Slimebound:SpawnSlimePotion"},{"floor":18,"key":"Slimebound:SlimedPotion"},{"floor":22,"key":"Ancient Potion"}],"is_trial":false,"path_per_floor":["M","M","?","M","M","R","E","R","T","?","?","R","M","E","R","B",null,"M","M","M","M","M","R","?","M","T","R","M","R","M","E","R","B"],"character_chosen":"SLIMEBOUND","items_purchased":[],"campfire_rested":0,"item_purchase_floors":[],"current_hp_per_floor":[55,45,45,49,48,48,42,42,42,47,47,47,55,54,54,32,65,65,62,57,56,64,64,48,50,50,50,57,57,65,65,65,0],"gold":843,"neow_bonus":"TRANSFORM_TWO_CARDS","is_prod":false,"is_daily":false,"chose_seed":false,"campfire_upgraded":4,"win_rate":0.0,"timestamp":1547021842,"path_taken":["M","M","?","M","M","R","E","R","T","?","?","R","M","E","R","BOSS","M","?","M","M","M","R","?","M","T","R","M","R","M","E","R","BOSS"],"build_version":"2019-01-03v4","purchased_purges":0,"victory":false,"max_hp_per_floor":[60,60,60,60,60,60,60,60,60,65,65,65,65,65,65,65,65,65,65,65,65,65,65,65,65,65,65,65,65,65,65,65,65],"card_choices":[{"not_picked":["Slimebound:LeadByExample","Slimebound:VenomTackle"],"picked":"Slimebound:SpikyOuterGoop","floor":1},{"not_picked":["Slimebound:PoisonLick","Slimebound:MegaLick"],"picked":"Slimebound:SplitAcid","floor":2},{"not_picked":["Slimebound:RejuvenatingLick","Slimebound:PressTheAttack"],"picked":"Slimebound:GrowthPunch","floor":4},{"not_picked":["Slimebound:ComboTackle","Slimebound:SlimeSpikes"],"picked":"Slimebound:QuickStudy","floor":5},{"not_picked":["Slimebound:GoopSpray","Slimebound:FirmFortitude"],"picked":"Slimebound:MegaLick","floor":7},{"not_picked":["Slimebound:SamplingLick","Slimebound:SlimeSpikes"],"picked":"Slimebound:LeechLife","floor":13},{"not_picked":["Slimebound:RollThrough","Slimebound:GoopTackle"],"picked":"Slimebound:Dissolve","floor":14},{"not_picked":["Slimebound:WasteNot","Slimebound:OozeBath"],"picked":"Slimebound:AcidTongue","floor":16},{"not_picked":["Slimebound:Recollect","Slimebound:RainOfGoop"],"picked":"Slimebound:SplitBruiser+1","floor":18},{"not_picked":["Slimebound:SamplingLick","Slimebound:SplitLeeching+1"],"picked":"Slimebound:SplitAcid+1","floor":19},{"not_picked":["Slimebound:Replication","Slimebound:Lick"],"picked":"Slimebound:ComboTackle","floor":20},{"not_picked":["Slimebound:RollThrough+1","Slimebound:ViciousTackle"],"picked":"Slimebound:SlimeBarrage","floor":21},{"not_picked":["Slimebound:FlameTackle","Slimebound:LeechingTouch"],"picked":"Slimebound:FormOfPuddle","floor":22},{"not_picked":["Slimebound:GoopSpray","Slimebound:DivideAndConquer"],"picked":"Slimebound:SpikyOuterGoop","floor":25},{"not_picked":["Slimebound:PressTheAttack","Slimebound:RollThrough"],"picked":"Slimebound:FormOfPuddle","floor":28},{"not_picked":["Slimebound:Chomp","Slimebound:RejuvenatingLick"],"picked":"Slimebound:LevelUp","floor":30},{"not_picked":["Slimebound:SlimeBarrage","Slimebound:LeechingTouch+1"],"picked":"Slimebound:StrayGoop+1","floor":31}],"player_experience":219709,"relics_obtained":[{"floor":7,"key":"Centennial Puzzle"},{"floor":9,"key":"MawBank"},{"floor":14,"key":"The Courier"},{"floor":24,"key":"Nilry\u0027s Codex"},{"floor":26,"key":"Vajra"},{"floor":31,"key":"Anchor"}],"event_choices":[{"damage_healed":0,"gold_gain":0,"player_choice":"Donut","damage_taken":0,"max_hp_gain":5,"max_hp_loss":0,"event_name":"Big Fish","floor":10,"gold_loss":0},{"cards_removed":["Decay"],"damage_healed":0,"gold_gain":0,"player_choice":"Took Card","damage_taken":0,"max_hp_gain":0,"max_hp_loss":0,"event_name":"NoteForYourself","floor":11,"gold_loss":0,"cards_obtained":["Iron Wave"]},{"damage_healed":0,"gold_gain":0,"player_choice":"Obtained Book","damage_taken":16,"max_hp_gain":0,"max_hp_loss":0,"event_name":"Cursed Tome","floor":24,"gold_loss":0}],"is_beta":false,"boss_relics":[{"not_picked":["Fusion Hammer","Empty Cage"],"picked":"Slimebound:StudyCardRelic"}],"items_purged_floors":[],"is_endless":false,"potions_floor_spawned":[1,4,14,18,22,30],"killed_by":"Automaton","ascension_level":0}