{"gold_per_floor":[118,118,43,43,43,43,78,94,142,162,162,176,76,105,105,179,179,194,205,225,225,225],"floor_reached":22,"playtime":603,"items_purged":["Strike_B","Defend_B"],"score":438,"play_id":"659e8041-2207-459f-9b98-0d642a073696","local_time":"20190430160909","is_ascension_mode":true,"campfire_choices":[{"data":"Chill","floor":6.0,"key":"SMITH"},{"data":"Defragment","floor":11.0,"key":"SMITH"},{"data":"Double Energy","floor":15.0,"key":"SMITH"}],"neow_cost":"NONE","seed_source_timestamp":0,"circlet_count":0,"master_deck":["AscendersBane","Strike_B+1","Strike_B+1","Defend_B","Defend_B","Defend_B","Zap+1","Dualcast","Chill+1","Double Energy+1","Coolheaded","Defragment+1","Rebound","Hologram","Echo Form","Double Energy","Conserve Battery+1","Double Energy+1"],"special_seed":0,"relics":["Cracked Core","NeowsBlessing","Letter Opener","Whetstone","Regal Pillow","Philosopher\u0027s Stone"],"potions_floor_usage":[20],"damage_taken":[{"damage":0.0,"enemies":"2 Louse","floor":1.0,"turns":1.0},{"damage":0.0,"enemies":"Gremlin Nob","floor":7.0,"turns":1.0},{"damage":0.0,"enemies":"Jaw Worm","floor":8.0,"turns":1.0},{"damage":0.0,"enemies":"Cultist","floor":10.0,"turns":4.0},{"damage":6.0,"enemies":"Exordium Wildlife","floor":12.0,"turns":5.0},{"damage":6.0,"enemies":"3 Sentries","floor":14.0,"turns":6.0},{"damage":17.0,"enemies":"The Guardian","floor":16.0,"turns":10.0},{"damage":3.0,"enemies":"Spheric Guardian","floor":18.0,"turns":3.0},{"damage":27.0,"enemies":"2 Thieves","floor":19.0,"turns":4.0},{"damage":25,"enemies":"Snake Plant","floor":20,"turns":4},{"damage":11,"enemies":"Centurion and Healer","floor":22,"turns":2}],"seed_played":"-785790255156287681","potions_obtained":[{"floor":7.0,"key":"Regen Potion"},{"floor":8.0,"key":"SkillPotion"},{"floor":10.0,"key":"AttackPotion"},{"floor":19.0,"key":"GamblersBrew"}],"is_trial":false,"path_per_floor":["M","?","$","?","$","R","E","M","T","M","R","M","$","E","R","B",null,"M","M","M","?","M"],"character_chosen":"DEFECT","items_purchased":[],"campfire_rested":0,"item_purchase_floors":[],"current_hp_per_floor":[64,64,64,64,64,64,64,64,64,64,64,58,58,52,52,49,66,63,36,11,11,0],"gold":225,"neow_bonus":"THREE_ENEMY_KILL","is_prod":false,"is_daily":false,"chose_seed":false,"campfire_upgraded":3,"win_rate":0,"timestamp":1556636949,"path_taken":["M","?","$","?","?","R","E","M","T","M","R","M","?","E","R","BOSS","M","?","M","?","M"],"build_version":"2019-01-23","purchased_purges":2,"victory":false,"max_hp_per_floor":[71,71,71,71,71,71,71,71,71,71,71,71,71,71,71,71,71,71,71,71,71,71],"card_choices":[{"not_picked":["Redo","Turbo"],"picked":"Chill","floor":1.0},{"not_picked":["FTL","Reboot"],"picked":"Double Energy","floor":7.0},{"not_picked":["Hologram","Steam Power"],"picked":"Coolheaded","floor":8.0},{"not_picked":["Force Field","Cold Snap"],"picked":"Defragment","floor":10.0},{"not_picked":["Streamline","Barrage"],"picked":"Rebound","floor":12.0},{"not_picked":["Stack","Coolheaded"],"picked":"Hologram","floor":14.0},{"not_picked":["Multi-Cast","Biased Cognition"],"picked":"Echo Form","floor":16.0},{"not_picked":["Sweeping Beam","Heatsinks"],"picked":"Double Energy","floor":18.0},{"not_picked":["Sweeping Beam","Reboot"],"picked":"Conserve Battery+1","floor":19.0},{"not_picked":["Beam Cell","Heatsinks"],"picked":"Double Energy+1","floor":20}],"player_experience":1323621,"relics_obtained":[{"floor":7.0,"key":"Letter Opener"},{"floor":9.0,"key":"Whetstone"},{"floor":14.0,"key":"Regal Pillow"}],"event_choices":[{"damage_healed":0.0,"max_hp_gain":0.0,"max_hp_loss":0.0,"gold_gain":0.0,"event_name":"Living Wall","player_choice":"Grow","floor":2.0,"gold_loss":0.0,"damage_taken":0.0,"cards_upgraded":["Zap"]},{"damage_healed":0.0,"max_hp_gain":0.0,"max_hp_loss":0.0,"gold_gain":0.0,"event_name":"Golden Idol","player_choice":"Ignored","floor":4.0,"gold_loss":0.0,"damage_taken":0.0},{"cards_removed":["Strike_B"],"damage_healed":0,"gold_gain":0,"player_choice":"Card Removal","damage_taken":0,"max_hp_gain":0,"max_hp_loss":0,"event_name":"Wheel of Change","floor":21,"gold_loss":0}],"is_beta":false,"boss_relics":[{"not_picked":["Eternal Feather","Empty Cage"],"picked":"Philosopher\u0027s Stone"}],"items_purged_floors":[3,13],"is_endless":false,"potions_floor_spawned":[7,8,10,19],"killed_by":"Centurion and Healer","ascension_level":20}