{"gold_per_floor":[116,133,152,152,169,169,198,198,247,247,266,276,302,321,321,398,398,408,408,333,352,352,352,352,384,384,394,427,427,443,21,21,95,95,115,126,139,139,157,157,137,152,228,248,262,262,291,301,301,301,301],"floor_reached":51,"playtime":1977,"items_purged":["Defend_R"],"score":1466,"play_id":"e117ec49-cfd9-4498-bca9-ac2dc0fe6721","local_time":"20190422135128","is_ascension_mode":true,"campfire_choices":[{"data":"Bash","floor":6.0,"key":"SMITH"},{"data":"Armaments","floor":8.0,"key":"SMITH"},{"data":"Iron Wave","floor":10.0,"key":"SMITH"},{"floor":15.0,"key":"REST"},{"floor":23.0,"key":"REST"},{"floor":32.0,"key":"REST"},{"data":"Limit Break","floor":40.0,"key":"SMITH"},{"data":"J.A.X.","floor":46,"key":"SMITH"},{"floor":49,"key":"RECALL"}],"neow_cost":"NONE","seed_source_timestamp":1041290843825300,"circlet_count":0,"master_deck":["AscendersBane","Strike_R","Defend_R","Defend_R","Defend_R","Bash+1","Twin Strike","Armaments+1","Iron Wave+1","Dropkick","Dropkick","Flex","True Grit","Cleave","Inflame","Limit Break+1","Shockwave+1","Uppercut+1","Fiend Fire+1","Necronomicurse","RitualDagger","J.A.X.+1","Clothesline","Carnage+1","Sentinel+1","Impervious+1","Reaper","Body Slam+1","Heavy Blade+1","Inflame","Sentinel+1"],"special_seed":0,"relics":["Burning Blood","Pear","Anchor","Ancient Tea Set","Astrolabe","Necronomicon","Paper Frog","Toxic Egg 2","Pen Nib","Gremlin Horn","Lantern","Busted Crown","PreservedInsect"],"potions_floor_usage":[45,51],"damage_taken":[{"damage":7.0,"enemies":"Jaw Worm","floor":1.0,"turns":5.0},{"damage":8.0,"enemies":"2 Louse","floor":2.0,"turns":3.0},{"damage":10.0,"enemies":"Small Slimes","floor":3.0,"turns":3.0},{"damage":14.0,"enemies":"2 Fungi Beasts","floor":5.0,"turns":4.0},{"damage":27.0,"enemies":"Gremlin Nob","floor":7.0,"turns":4.0},{"damage":8.0,"enemies":"Large Slime","floor":11.0,"turns":6.0},{"damage":0.0,"enemies":"Blue Slaver","floor":12.0,"turns":2.0},{"damage":31.0,"enemies":"3 Sentries","floor":13.0,"turns":10.0},{"damage":6.0,"enemies":"Exordium Wildlife","floor":14.0,"turns":3.0},{"damage":34.0,"enemies":"Slime Boss","floor":16.0,"turns":9.0},{"damage":28.0,"enemies":"Shell Parasite","floor":18.0,"turns":5.0},{"damage":17.0,"enemies":"Spheric Guardian","floor":21.0,"turns":4.0},{"damage":40.0,"enemies":"Slavers","floor":25.0,"turns":5.0},{"damage":0.0,"enemies":"Snecko","floor":27.0,"turns":2.0},{"damage":6.0,"enemies":"Gremlin Leader","floor":28.0,"turns":3.0},{"damage":9.0,"enemies":"Shelled Parasite and Fungi","floor":30.0,"turns":3.0},{"damage":30.0,"enemies":"Automaton","floor":33.0,"turns":5.0},{"damage":3.0,"enemies":"3 Shapes","floor":35.0,"turns":2.0},{"damage":0.0,"enemies":"3 Darklings","floor":36.0,"turns":3.0},{"damage":29.0,"enemies":"4 Shapes","floor":37.0,"turns":4.0},{"damage":26.0,"enemies":"Jaw Worm Horde","floor":39.0,"turns":4.0},{"damage":30.0,"enemies":"Transient","floor":42.0,"turns":6.0},{"damage":0,"enemies":"Sphere and 2 Shapes","floor":44,"turns":3},{"damage":15,"enemies":"Writhing Mass","floor":45,"turns":4},{"damage":3,"enemies":"Reptomancer","floor":47,"turns":2},{"damage":24,"enemies":"4 Shapes","floor":48,"turns":4},{"damage":43,"enemies":"Time Eater","floor":50,"turns":6},{"damage":29,"enemies":"Donu and Deca","floor":51,"turns":2}],"seed_played":"-3671913051243112264","potions_obtained":[{"floor":3.0,"key":"Strength Potion"},{"floor":7.0,"key":"Weak Potion"},{"floor":25.0,"key":"SneckoOil"},{"floor":30.0,"key":"BloodPotion"},{"floor":35.0,"key":"Weak Potion"},{"floor":45,"key":"SmokeBomb"}],"is_trial":false,"path_per_floor":["M","M","M","?","M","R","E","R","T","R","M","M","E","M","R","B",null,"M","?","?","M","?","R","?","E","T","M","E","T","M","$","R","B",null,"M","M","M","?","M","R","?","M","T","M","M","R","E","M","R","B","B"],"character_chosen":"IRONCLAD","items_purchased":["Lantern","Impervious+1"],"campfire_rested":3,"item_purchase_floors":[31,31],"current_hp_per_floor":[74,72,68,68,60,60,49,49,49,49,47,53,28,28,55,27,76,54,33,33,22,16,43,43,9,9,15,15,15,12,12,39,15,73,92,92,70,70,58,58,58,54,54,60,60,60,63,45,45,8,0],"gold":301,"neow_bonus":"TEN_PERCENT_HP_BONUS","is_prod":false,"is_daily":false,"chose_seed":false,"campfire_upgraded":5,"win_rate":0,"timestamp":1555937488,"path_taken":["M","M","M","?","M","R","E","R","T","R","M","M","E","M","R","BOSS","M","?","?","M","?","R","?","E","T","?","E","?","M","$","R","BOSS","M","M","M","?","M","R","?","M","T","M","M","R","E","M","R","BOSS","BOSS"],"build_version":"2019-01-23","purchased_purges":1,"victory":false,"max_hp_per_floor":[82,82,82,82,82,82,92,92,92,92,92,92,92,92,92,92,92,92,92,92,92,92,92,92,92,92,92,92,92,92,92,92,92,92,92,92,92,92,92,92,92,92,92,92,92,92,92,92,92,92,92],"card_choices":[{"not_picked":["Shrug It Off","Flex"],"picked":"Twin Strike","floor":1.0},{"not_picked":["Wild Strike","Havoc"],"picked":"Armaments","floor":2.0},{"not_picked":["Clothesline","Second Wind"],"picked":"Iron Wave","floor":3.0},{"not_picked":["Thunderclap","Spot Weakness"],"picked":"Dropkick","floor":5.0},{"not_picked":["Carnage","Ghostly Armor"],"picked":"Dropkick","floor":7.0},{"not_picked":["Dual Wield","Armaments"],"picked":"Flex","floor":11.0},{"not_picked":["Juggernaut","Wild Strike"],"picked":"True Grit","floor":12.0},{"not_picked":["Intimidate","Searing Blow"],"picked":"Cleave","floor":13.0},{"not_picked":["Whirlwind","Shrug It Off"],"picked":"Inflame","floor":14.0},{"not_picked":["Berserk","Feed"],"picked":"Limit Break","floor":16.0},{"not_picked":["Heavy Blade","Armaments","Flex"],"picked":"SKIP","floor":18.0},{"not_picked":["Havoc","Corruption","Anger"],"picked":"SKIP","floor":21.0},{"not_picked":["Fire Breathing","Rage"],"picked":"Clothesline","floor":25.0},{"not_picked":["Heavy Blade","Shockwave+1"],"picked":"Carnage+1","floor":27.0},{"not_picked":["Bludgeon","Uppercut","Clothesline"],"picked":"SKIP","floor":28.0},{"not_picked":["Headbutt","Burning Pact+1"],"picked":"Sentinel+1","floor":30.0},{"not_picked":["Dark Embrace","Feed"],"picked":"Reaper","floor":33.0},{"not_picked":[],"picked":"Body Slam+1","floor":35.0},{"not_picked":["Shockwave+1"],"picked":"SKIP","floor":36.0},{"not_picked":[],"picked":"Heavy Blade+1","floor":37.0},{"not_picked":[],"picked":"Inflame","floor":39.0},{"not_picked":["Shockwave+1"],"picked":"SKIP","floor":42.0},{"not_picked":["Carnage"],"picked":"SKIP","floor":44},{"not_picked":["Uppercut"],"picked":"SKIP","floor":45},{"not_picked":[],"picked":"Sentinel+1","floor":47},{"not_picked":["Iron Wave"],"picked":"SKIP","floor":48}],"player_experience":1310925,"relics_obtained":[{"floor":7.0,"key":"Pear"},{"floor":9.0,"key":"Anchor"},{"floor":13.0,"key":"Ancient Tea Set"},{"floor":19.0,"key":"Necronomicon"},{"floor":25.0,"key":"Paper Frog"},{"floor":26.0,"key":"Toxic Egg 2"},{"floor":28.0,"key":"Pen Nib"},{"floor":29.0,"key":"Gremlin Horn"},{"floor":47,"key":"PreservedInsect"}],"event_choices":[{"damage_healed":0.0,"max_hp_gain":0.0,"max_hp_loss":0.0,"gold_gain":0.0,"event_name":"Liars Game","player_choice":"Ignored","floor":4.0,"gold_loss":0.0,"damage_taken":0.0},{"damage_healed":0.0,"max_hp_gain":0.0,"max_hp_loss":0.0,"gold_gain":0.0,"event_name":"Cursed Tome","player_choice":"Obtained Book","floor":19.0,"gold_loss":0.0,"damage_taken":21.0},{"cards_removed":["Strike_R"],"damage_healed":0.0,"max_hp_gain":0.0,"max_hp_loss":0.0,"gold_gain":0.0,"event_name":"Beggar","player_choice":"Gave Gold","floor":20.0,"gold_loss":75.0,"damage_taken":0.0},{"damage_healed":0.0,"max_hp_gain":0.0,"max_hp_loss":0.0,"gold_gain":0.0,"event_name":"Nest","player_choice":"Joined the Cult","floor":22.0,"gold_loss":0.0,"damage_taken":6.0,"cards_obtained":["RitualDagger"]},{"damage_healed":0.0,"max_hp_gain":0.0,"max_hp_loss":0.0,"gold_gain":0.0,"event_name":"Drug Dealer","player_choice":"Obtain J.A.X.","floor":24.0,"gold_loss":0.0,"damage_taken":0.0,"cards_obtained":["J.A.X."]},{"damage_healed":0.0,"max_hp_gain":0.0,"max_hp_loss":0.0,"gold_gain":0.0,"event_name":"SensoryStone","player_choice":"Memory 1","floor":38.0,"gold_loss":0.0,"damage_taken":0.0},{"damage_healed":0.0,"max_hp_gain":0.0,"max_hp_loss":0.0,"gold_gain":0.0,"event_name":"The Woman in Blue","player_choice":"Bought 1 Potion","floor":41.0,"gold_loss":0.0,"damage_taken":0.0}],"is_beta":false,"boss_relics":[{"not_picked":["Runic Cube","Mark of Pain"],"picked":"Astrolabe"},{"not_picked":["Lizard Tail","Pandora\u0027s Box"],"picked":"Busted Crown"}],"items_purged_floors":[31],"is_endless":false,"potions_floor_spawned":[3,7,12,14,21,25,27,30,35,39,45],"killed_by":"Donu and Deca","ascension_level":20}