{"gold_per_floor":[113,127,202,217,197,197,225,243,243,2,17,34,34,15,15,86,86,104,114,34,34,34],"floor_reached":22,"playtime":692,"items_purged":["Strike_G"],"score":372,"play_id":"824c8186-bcce-43b1-97c7-8fb1fa3f8184","local_time":"20190305190137","is_ascension_mode":true,"campfire_choices":[{"data":"Neutralize","floor":6.0,"key":"SMITH"},{"floor":13.0,"key":"REST"},{"floor":15,"key":"REST"}],"neow_cost":"NONE","seed_source_timestamp":375918741074700,"circlet_count":0,"master_deck":["AscendersBane","Defend_G","Defend_G","Defend_G","Defend_G","Defend_G","Strike_G","Strike_G","Strike_G","Strike_G","Survivor","Neutralize+1","Deadly Poison","Dash","All Out Attack","Bane","Slice","Dash+1","Cloak And Dagger","Flying Knee+1","Bouncing Flask","Storm of Steel","Dash+1","Footwork","Decay"],"special_seed":0,"relics":["Ring of the Snake","NeowsBlessing","Bag of Preparation","Molten Egg 2","Membership Card","Runic Pyramid"],"potions_floor_usage":[16,22],"damage_taken":[{"damage":0.0,"enemies":"Small Slimes","floor":1.0,"turns":1.0},{"damage":0.0,"enemies":"Jaw Worm","floor":2.0,"turns":1.0},{"damage":0.0,"enemies":"Cultist","floor":4.0,"turns":1.0},{"damage":17.0,"enemies":"Lagavulin","floor":7.0,"turns":7.0},{"damage":12.0,"enemies":"Gremlin Gang","floor":8.0,"turns":3.0},{"damage":0.0,"enemies":"3 Louse","floor":11.0,"turns":3.0},{"damage":0.0,"enemies":"2 Fungi Beasts","floor":12.0,"turns":3.0},{"damage":47,"enemies":"Hexaghost","floor":16,"turns":10},{"damage":18,"enemies":"Spheric Guardian","floor":18,"turns":4},{"damage":12,"enemies":"Shell Parasite","floor":19,"turns":5},{"damage":27,"enemies":"3 Cultists","floor":22,"turns":4}],"seed_played":"-709431158224317425","potions_obtained":[{"floor":1.0,"key":"GamblersBrew"},{"floor":2.0,"key":"Block Potion"},{"floor":5.0,"key":"EssenceOfSteel"},{"floor":7.0,"key":"LiquidBronze"},{"floor":8.0,"key":"Dexterity Potion"},{"floor":18,"key":"Energy Potion"},{"floor":19,"key":"GhostInAJar"}],"is_trial":false,"path_per_floor":["M","M","?","M","?","R","E","M","T","$","M","M","R","$","R","B",null,"M","M","$","?","M"],"character_chosen":"THE_SILENT","items_purchased":["Membership Card","Dash+1","Bouncing Flask","GhostInAJar"],"campfire_rested":2,"item_purchase_floors":[10,10,14,20],"current_hp_per_floor":[59,59,48,48,48,48,31,19,19,19,19,19,38,38,57,10,52,34,22,22,22,0],"gold":34,"neow_bonus":"THREE_ENEMY_KILL","is_prod":false,"is_daily":false,"chose_seed":false,"campfire_upgraded":1,"win_rate":0,"timestamp":1551812497,"path_taken":["M","M","?","M","?","R","E","?","T","$","M","M","R","$","R","BOSS","M","?","$","?","?"],"build_version":"2019-01-23","purchased_purges":1,"victory":false,"max_hp_per_floor":[66,66,66,66,66,66,66,66,66,66,66,66,66,66,66,66,66,66,66,66,66,66],"card_choices":[{"not_picked":["Prepared","Finisher"],"picked":"Deadly Poison","floor":1.0},{"not_picked":["Backflip","Accuracy"],"picked":"Dash","floor":2.0},{"not_picked":["Distraction","Dodge and Roll"],"picked":"All Out Attack","floor":4.0},{"not_picked":["Concentrate","Venomology"],"picked":"Bane","floor":7.0},{"not_picked":["Backflip","PiercingWail"],"picked":"Slice","floor":8.0},{"not_picked":["Reflex","Blade Dance"],"picked":"Cloak And Dagger","floor":11.0},{"not_picked":["Terror","Acrobatics"],"picked":"Flying Knee+1","floor":12.0},{"not_picked":["Grand Finale+1","Envenom"],"picked":"Storm of Steel","floor":16},{"not_picked":["Poisoned Stab+1","Outmaneuver"],"picked":"Dash+1","floor":18},{"not_picked":["Dodge and Roll","Bane+1"],"picked":"Footwork","floor":19}],"player_experience":1232999,"relics_obtained":[{"floor":7.0,"key":"Bag of Preparation"},{"floor":9.0,"key":"Molten Egg 2"}],"event_choices":[{"damage_healed":0.0,"max_hp_gain":0.0,"max_hp_loss":0.0,"gold_gain":75.0,"event_name":"World of Goop","player_choice":"Gather Gold","floor":3.0,"gold_loss":0.0,"damage_taken":11.0},{"damage_healed":0.0,"max_hp_gain":0.0,"max_hp_loss":0.0,"gold_gain":0.0,"event_name":"The Woman in Blue","player_choice":"Bought 1 Potion","floor":5.0,"gold_loss":0.0,"damage_taken":0.0},{"damage_healed":0,"gold_gain":0,"player_choice":"Cursed","damage_taken":0,"max_hp_gain":0,"max_hp_loss":0,"event_name":"Wheel of Change","floor":21,"gold_loss":0,"cards_obtained":["Decay"]}],"is_beta":false,"boss_relics":[{"not_picked":["Lizard Tail","Empty Cage"],"picked":"Runic Pyramid"}],"items_purged_floors":[20],"is_endless":false,"potions_floor_spawned":[1,2,7,8,18,19],"killed_by":"3 Cultists","ascension_level":20}