{"gold_per_floor":[118,118,138,188,204,204,237,237,285,312,385,385,443,357,357,430,430,442,453,473,473,473,499,499,499],"floor_reached":25,"playtime":1058,"items_purged":[],"score":454,"play_id":"bec4916a-2d42-4d61-aead-4b6afc6b0a96","local_time":"20190507174721","is_ascension_mode":true,"campfire_choices":[{"data":"Wraith Form v2","floor":6.0,"key":"SMITH"},{"data":"Night Terror","floor":8.0,"key":"SMITH"},{"data":"Noxious Fumes","floor":12.0,"key":"SMITH"},{"data":"Neutralize","floor":15.0,"key":"SMITH"},{"data":"Tools of the Trade","floor":24,"key":"SMITH"}],"neow_cost":"NONE","seed_source_timestamp":172431694879500,"circlet_count":0,"master_deck":["AscendersBane","Survivor","Neutralize+1","Night Terror+1","Caltrops","Deflect","Predator+1","Tools of the Trade+1","Slice","Wraith Form v2+1","Deflect","Unload","Slice","Noxious Fumes+1","Backflip","Die Die Die+1","Unload","Backflip","Deflect","Unload"],"special_seed":0,"relics":["Pandora\u0027s Box","Juzu Bracelet","Whetstone","Meat on the Bone","Matryoshka","Sozu","Vajra"],"potions_floor_usage":[23,25],"damage_taken":[{"damage":4.0,"enemies":"Jaw Worm","floor":1.0,"turns":3.0},{"damage":0.0,"enemies":"Cultist","floor":3.0,"turns":3.0},{"damage":0.0,"enemies":"2 Louse","floor":5.0,"turns":2.0},{"damage":1.0,"enemies":"Lagavulin","floor":7.0,"turns":7.0},{"damage":3.0,"enemies":"3 Sentries","floor":10.0,"turns":6.0},{"damage":3.0,"enemies":"Lagavulin Event","floor":13.0,"turns":6.0},{"damage":18.0,"enemies":"Slime Boss","floor":16.0,"turns":7.0},{"damage":24,"enemies":"3 Byrds","floor":18,"turns":4},{"damage":11,"enemies":"Spheric Guardian","floor":19,"turns":6},{"damage":10,"enemies":"Centurion and Healer","floor":20,"turns":8},{"damage":27,"enemies":"Slavers","floor":23,"turns":6},{"damage":37,"enemies":"Book of Stabbing","floor":25,"turns":3}],"seed_played":"7329945705568908962","potions_obtained":[{"floor":5.0,"key":"GhostInAJar"},{"floor":7.0,"key":"SpeedPotion"},{"floor":13.0,"key":"SteroidPotion"}],"is_trial":false,"path_per_floor":["M","$","M","?","M","R","E","R","T","E","?","R","?","$","R","B",null,"M","M","M","?","?","E","R","E"],"character_chosen":"THE_SILENT","items_purchased":["GhostInAJar"],"campfire_rested":0,"item_purchase_floors":[14],"current_hp_per_floor":[55,55,55,55,55,55,54,54,54,51,51,51,48,48,48,42,60,36,37,39,39,52,37,37,0],"gold":499,"neow_bonus":"BOSS_RELIC","is_prod":false,"is_daily":false,"chose_seed":false,"campfire_upgraded":5,"win_rate":0,"timestamp":1557247641,"path_taken":["M","$","M","?","?","R","E","R","T","E","?","R","?","?","R","BOSS","M","M","M","?","?","E","R","E"],"build_version":"2019-01-23","purchased_purges":0,"victory":false,"max_hp_per_floor":[66,66,66,66,66,66,66,66,66,66,66,66,66,66,66,66,66,66,66,66,66,66,66,66,66],"card_choices":[{"not_picked":["PiercingWail","Poisoned Stab"],"picked":"Slice","floor":1.0},{"not_picked":["Terror","Quick Slash"],"picked":"Noxious Fumes","floor":3.0},{"not_picked":["Outmaneuver","Quick Slash"],"picked":"Backflip","floor":5.0},{"not_picked":["Expertise","Poisoned Stab"],"picked":"Die Die Die","floor":7.0},{"not_picked":["Flying Knee","Poisoned Stab","Setup"],"picked":"SKIP","floor":10.0},{"not_picked":["Wraith Form v2","Malaise"],"picked":"Unload","floor":16.0},{"not_picked":["Outmaneuver","Dagger Spray"],"picked":"Backflip","floor":18},{"not_picked":["Cloak And Dagger","Flechettes","Skewer"],"picked":"SKIP","floor":19},{"not_picked":["Underhanded Strike","PiercingWail"],"picked":"Deflect","floor":20},{"not_picked":["All Out Attack","Masterful Stab"],"picked":"Unload","floor":23}],"player_experience":1343893,"relics_obtained":[{"floor":7.0,"key":"Juzu Bracelet"},{"floor":9.0,"key":"Whetstone"},{"floor":10.0,"key":"Meat on the Bone"},{"floor":13.0,"key":"Matryoshka"},{"floor":23,"key":"Vajra"}],"event_choices":[{"damage_healed":0.0,"max_hp_gain":0.0,"max_hp_loss":0.0,"gold_gain":50.0,"event_name":"Golden Shrine","player_choice":"Pray","floor":4.0,"gold_loss":0.0,"damage_taken":0.0},{"damage_healed":0.0,"max_hp_gain":0.0,"max_hp_loss":0.0,"gold_gain":73.0,"event_name":"Golden Wing","player_choice":"Gained Gold","floor":11.0,"gold_loss":0.0,"damage_taken":0.0},{"damage_healed":0.0,"max_hp_gain":0.0,"max_hp_loss":0.0,"gold_gain":0.0,"event_name":"Dead Adventurer","player_choice":"Searched \u00272\u0027 times","floor":13.0,"gold_loss":0.0,"damage_taken":0.0},{"cards_removed":["Calculated Gamble"],"damage_healed":0,"gold_gain":0,"player_choice":"Elegance","damage_taken":0,"max_hp_gain":0,"max_hp_loss":0,"event_name":"Back to Basics","floor":21,"gold_loss":0},{"damage_healed":13,"gold_gain":0,"player_choice":"Heal","damage_taken":0,"max_hp_gain":0,"max_hp_loss":0,"event_name":"The Library","floor":22,"gold_loss":0}],"is_beta":false,"boss_relics":[{"not_picked":["Ectoplasm","Black Star"],"picked":"Sozu"}],"items_purged_floors":[],"is_endless":false,"potions_floor_spawned":[5,7,10,13,16,19,20],"killed_by":"Book of Stabbing","ascension_level":20}