{"gold_per_floor":[110,129,129,204,54,92,92,131,131,131,152,188,204,268,268,389,389,407,407,420,441,194,194,235,235,282,282,321,321,342,441,441,570,570,588,387,405,421,421,421,455,468,468,378,328,343,343,363,363,363],"floor_reached":51,"playtime":2275,"items_purged":["Strike_R","Strike_R","Strike_R"],"score":905,"play_id":"fc413262-5f6d-4508-aad4-afac43d2b48c","local_time":"20190130212526","is_ascension_mode":true,"campfire_choices":[{"floor":7.0,"key":"REST"},{"floor":10.0,"key":"REST"},{"data":"Corruption","floor":15.0,"key":"SMITH"},{"data":"Feed","floor":23.0,"key":"SMITH"},{"data":"Demon Form","floor":25.0,"key":"SMITH"},{"data":"Bash","floor":29.0,"key":"SMITH"},{"data":"Pommel Strike","floor":32.0,"key":"SMITH"},{"floor":40.0,"key":"RECALL"},{"floor":49.0,"key":"REST"}],"neow_cost":"NONE","seed_source_timestamp":120189294675016,"circlet_count":0,"master_deck":["Strike_R","Defend_R+1","Defend_R","Defend_R","Defend_R+1","Bash+1","Feed+1","Shrug It Off","Twin Strike+1","Battle Trance+1","Flex+1","Ghostly Armor+1","Exhume+1","Corruption+1","Spot Weakness+1","Demon Form+1","Pommel Strike+1","Entrench+1","Apotheosis+1","Pommel Strike+1","Heavy Blade+1","Shrug It Off+1","Demon Form","Inflame+1","Pummel","Flex+1","Heavy Blade+1","Headbutt+1","Disarm+1"],"special_seed":0,"relics":["Burning Blood","Golden Idol","Oddly Smooth Stone","Toxic Egg 2","Happy Flower","Centennial Puzzle","Boot","Tiny Chest","Runic Pyramid","Ancient Tea Set","Smiling Mask","FossilizedHelix","Fusion Hammer","Vajra","War Paint","Kunai"],"potions_floor_usage":[50,50],"damage_taken":[{"damage":2.0,"enemies":"2 Louse","floor":1.0,"turns":2.0},{"damage":1.0,"enemies":"Cultist","floor":2.0,"turns":4.0},{"damage":39.0,"enemies":"3 Sentries","floor":6.0,"turns":10.0},{"damage":22.0,"enemies":"Gremlin Nob","floor":8.0,"turns":4.0},{"damage":1.0,"enemies":"Small Slimes","floor":11.0,"turns":2.0},{"damage":15.0,"enemies":"3 Sentries","floor":12.0,"turns":8.0},{"damage":0.0,"enemies":"Looter","floor":13.0,"turns":3.0},{"damage":9.0,"enemies":"Gremlin Nob","floor":14.0,"turns":3.0},{"damage":36.0,"enemies":"Hexaghost","floor":16.0,"turns":9.0},{"damage":17.0,"enemies":"3 Byrds","floor":18.0,"turns":6.0},{"damage":1.0,"enemies":"Spheric Guardian","floor":20.0,"turns":3.0},{"damage":9.0,"enemies":"Snake Plant","floor":21.0,"turns":3.0},{"damage":8.0,"enemies":"Gremlin Leader","floor":24.0,"turns":5.0},{"damage":12.0,"enemies":"Book of Stabbing","floor":28.0,"turns":5.0},{"damage":0.0,"enemies":"Chosen and Byrds","floor":30.0,"turns":3.0},{"damage":30.0,"enemies":"Automaton","floor":33.0,"turns":10.0},{"damage":3.0,"enemies":"3 Shapes","floor":35.0,"turns":5.0},{"damage":17.0,"enemies":"3 Darklings","floor":37.0,"turns":6.0},{"damage":0.0,"enemies":"Sphere and 2 Shapes","floor":38.0,"turns":4.0},{"damage":0.0,"enemies":"Nemesis","floor":41.0,"turns":5.0},{"damage":0.0,"enemies":"Transient","floor":42.0,"turns":5.0},{"damage":2.0,"enemies":"Writhing Mass","floor":46.0,"turns":5.0},{"damage":0.0,"enemies":"Spire Growth","floor":48.0,"turns":3.0},{"damage":51,"enemies":"Awakened One","floor":50,"turns":8}],"seed_played":"-4484294900755544025","potions_obtained":[{"floor":8.0,"key":"Strength Potion"},{"floor":11.0,"key":"Fire Potion"},{"floor":13.0,"key":"Fruit Juice"},{"floor":14.0,"key":"Explosive Potion"},{"floor":16.0,"key":"EssenceOfSteel"},{"floor":20.0,"key":"AttackPotion"},{"floor":33.0,"key":"SpeedPotion"},{"floor":41.0,"key":"AttackPotion"}],"is_trial":false,"path_per_floor":["M","M","?","?","$","E","R","E","T","R","M","E","M","E","R","B",null,"M","?","M","M","$","R","E","R","T","?","E","R","M","?","R","B",null,"M","$","M","M","?","R","E","M","T","?","$","M","?","M","R","B",null],"character_chosen":"IRONCLAD","items_purchased":["Oddly Smooth Stone","Apotheosis+1","Vajra"],"campfire_rested":3,"item_purchase_floors":[5,22,36],"current_hp_per_floor":[83,86,65,54,54,21,46,30,30,55,63,57,66,68,68,38,100,95,95,103,103,103,103,105,105,105,105,103,103,113,113,113,93,128,132,132,121,131,131,131,136,136,136,136,136,136,136,136,136,91],"gold":363,"neow_bonus":"ONE_RANDOM_RARE_CARD","is_prod":false,"is_daily":false,"chose_seed":false,"campfire_upgraded":5,"win_rate":0,"timestamp":1548883526,"path_taken":["M","M","?","?","$","E","R","E","T","R","M","E","M","E","R","BOSS","M","?","?","M","$","R","E","R","T","?","E","R","M","?","R","BOSS","BOSS","M","$","M","M","?","R","E","M","T","?","$","?","?","M","R","BOSS"],"build_version":"2019-01-23","purchased_purges":3,"victory":true,"max_hp_per_floor":[83,86,86,86,86,86,86,86,86,86,89,92,95,100,100,100,100,106,106,109,112,112,112,116,116,116,116,120,120,124,124,124,128,128,132,132,132,136,136,136,136,136,136,136,136,136,136,136,136,136],"card_choices":[{"not_picked":["Perfected Strike","Fire Breathing"],"picked":"Shrug It Off","floor":1.0},{"not_picked":["Body Slam","Headbutt"],"picked":"Twin Strike","floor":2.0},{"not_picked":["Carnage","Bloodletting"],"picked":"Battle Trance","floor":6.0},{"not_picked":["Wild Strike","Clash"],"picked":"Flex+1","floor":8.0},{"not_picked":["Perfected Strike","Juggernaut"],"picked":"Ghostly Armor+1","floor":11.0},{"not_picked":["Twin Strike","Havoc+1"],"picked":"Exhume+1","floor":12.0},{"not_picked":["Sever Soul","Wild Strike"],"picked":"Corruption","floor":13.0},{"not_picked":["Metallicize","Armaments+1"],"picked":"Spot Weakness+1","floor":14.0},{"not_picked":["Immolate","Double Tap+1"],"picked":"Demon Form","floor":16.0},{"not_picked":["Clothesline","Thunderclap+1"],"picked":"Pommel Strike+1","floor":18.0},{"not_picked":["Inflame","Whirlwind"],"picked":"Entrench+1","floor":20.0},{"not_picked":["Perfected Strike","True Grit+1","Sword Boomerang"],"picked":"SKIP","floor":21.0},{"not_picked":["Evolve+1","Carnage"],"picked":"Pommel Strike","floor":24.0},{"not_picked":["Dual Wield+1","Pommel Strike"],"picked":"Heavy Blade+1","floor":28.0},{"not_picked":["Pummel","Heavy Blade"],"picked":"Shrug It Off+1","floor":30.0},{"not_picked":["Immolate","Juggernaut"],"picked":"Demon Form","floor":33.0},{"not_picked":["Armaments+1","Wild Strike"],"picked":"Inflame+1","floor":35.0},{"not_picked":["Power Through+1","Infernal Blade+1"],"picked":"Pummel","floor":37.0},{"not_picked":["Heavy Blade","Anger+1"],"picked":"Flex+1","floor":38.0},{"not_picked":["Infernal Blade+1","Spot Weakness+1"],"picked":"Heavy Blade+1","floor":41.0},{"not_picked":["Carnage+1","Havoc+1"],"picked":"Headbutt+1","floor":42.0},{"not_picked":["Bludgeon","Heavy Blade","Flex+1"],"picked":"SKIP","floor":46.0},{"not_picked":["Wild Strike+1","Flex+1"],"picked":"Disarm+1","floor":48.0}],"player_experience":1173489,"relics_obtained":[{"floor":6.0,"key":"Toxic Egg 2"},{"floor":8.0,"key":"Happy Flower"},{"floor":9.0,"key":"Centennial Puzzle"},{"floor":12.0,"key":"Boot"},{"floor":14.0,"key":"Tiny Chest"},{"floor":24.0,"key":"Ancient Tea Set"},{"floor":26.0,"key":"Smiling Mask"},{"floor":28.0,"key":"FossilizedHelix"},{"floor":41.0,"key":"War Paint"},{"floor":43.0,"key":"Kunai"}],"event_choices":[{"damage_healed":0.0,"max_hp_gain":0.0,"max_hp_loss":0.0,"gold_gain":0.0,"event_name":"Golden Idol","player_choice":"Take Damage","floor":3.0,"gold_loss":0.0,"damage_taken":21.0,"relics_obtained":["Golden Idol"]},{"damage_healed":0.0,"max_hp_gain":0.0,"max_hp_loss":0.0,"gold_gain":75.0,"event_name":"World of Goop","player_choice":"Gather Gold","floor":4.0,"gold_loss":0.0,"damage_taken":11.0},{"damage_healed":0.0,"max_hp_gain":0.0,"max_hp_loss":0.0,"gold_gain":0.0,"event_name":"NoteForYourself","player_choice":"Ignored","floor":19.0,"gold_loss":0.0,"damage_taken":0.0},{"damage_healed":0.0,"max_hp_gain":0.0,"max_hp_loss":0.0,"gold_gain":0.0,"event_name":"Vampires","player_choice":"Ignored","floor":27.0,"gold_loss":0.0,"damage_taken":0.0},{"damage_healed":0.0,"max_hp_gain":0.0,"max_hp_loss":0.0,"gold_gain":99.0,"event_name":"Nest","player_choice":"Stole From Cult","floor":31.0,"gold_loss":0.0,"damage_taken":0.0},{"damage_healed":0.0,"max_hp_gain":0.0,"max_hp_loss":0.0,"gold_gain":0.0,"event_name":"The Moai Head","player_choice":"Ignored","floor":39.0,"gold_loss":0.0,"damage_taken":0.0},{"cards_removed":["Strike_R"],"damage_healed":0.0,"max_hp_gain":0.0,"max_hp_loss":0.0,"gold_gain":0.0,"event_name":"Designer","player_choice":"Upgrade and Remove","floor":44.0,"gold_loss":90.0,"damage_taken":0.0,"cards_upgraded":["Twin Strike"]},{"damage_healed":0.0,"max_hp_gain":0.0,"max_hp_loss":0.0,"gold_gain":0.0,"event_name":"Tomb of Lord Red Mask","player_choice":"Ignored","floor":47.0,"gold_loss":0.0,"damage_taken":0.0}],"is_beta":false,"boss_relics":[{"not_picked":["Ectoplasm","Busted Crown"],"picked":"Runic Pyramid"},{"not_picked":["Runic Dome","Mark of Pain"],"picked":"Fusion Hammer"}],"items_purged_floors":[22,36,45],"is_endless":false,"potions_floor_spawned":[8,11,13,14,16,20,24,28,33,41,42],"ascension_level":1}