{"gold_per_floor":[116,131,145,145,145,170,170,170,197,225,195,210,210,221,221,321,371,389,389,401,326,54,82,82,82],"floor_reached":25,"playtime":2228,"items_purged":[],"score":334,"play_id":"a07f6c15-54b9-4283-a265-0a300fde8064","local_time":"20181229192010","is_ascension_mode":true,"campfire_choices":[{"floor":8,"key":"REST"},{"data":"Dualcast","floor":13,"key":"SMITH"},{"floor":15,"key":"REST"},{"floor":24,"key":"REST"}],"neow_cost":"PERCENT_DAMAGE","seed_source_timestamp":7505675968958,"circlet_count":0,"master_deck":["Strike_B","Strike_B+1","Strike_B","Strike_B","Defend_B","Defend_B","Defend_B","Defend_B","Zap+1","Dualcast+1","Auto Shields","Ball Lightning","Undo","Consume","Skim","Go for the Eyes","Leap","Ball Lightning","Machine Learning","Glacier","Capacitor+1","Conserve Battery","Capacitor","Conserve Battery","Seek","Hologram+1"],"relics":["Cracked Core","Orichalcum","Happy Flower","Bag of Marbles","Dream Catcher","Kunai","Tiny House","PreservedInsect","Ancient Tea Set"],"potions_floor_usage":[10,16,16,18,23],"damage_taken":[{"damage":1,"enemies":"Jaw Worm","floor":1,"turns":4},{"damage":3,"enemies":"2 Louse","floor":2,"turns":3},{"damage":2,"enemies":"Small Slimes","floor":3,"turns":3},{"damage":5,"enemies":"3 Sentries","floor":6,"turns":7},{"damage":13,"enemies":"Lagavulin","floor":10,"turns":5},{"damage":0,"enemies":"Red Slaver","floor":12,"turns":3},{"damage":9,"enemies":"Blue Slaver","floor":14,"turns":2},{"damage":37,"enemies":"The Guardian","floor":16,"turns":10},{"damage":8,"enemies":"2 Thieves","floor":18,"turns":4},{"damage":9,"enemies":"Shell Parasite","floor":20,"turns":7},{"damage":66,"enemies":"Slavers","floor":23,"turns":5},{"damage":39,"enemies":"Gremlin Leader","floor":25,"turns":3}],"seed_played":"-7089605357941092677","potions_obtained":[{"floor":3,"key":"Swift Potion"},{"floor":6,"key":"Strength Potion"},{"floor":11,"key":"FairyPotion"},{"floor":11,"key":"LiquidBronze"},{"floor":12,"key":"PowerPotion"},{"floor":14,"key":"Regen Potion"},{"floor":17,"key":"Block Potion"},{"floor":18,"key":"PowerPotion"},{"floor":20,"key":"SteroidPotion"}],"is_trial":false,"path_per_floor":["M","M","M","?","?","E","?","R","T","E","?","M","R","M","R","B",null,"M","?","M","?","$","E","R","E"],"character_chosen":"DEFECT","items_purchased":["PreservedInsect","Capacitor","Conserve Battery"],"campfire_rested":3,"item_purchase_floors":[22,22,22],"current_hp_per_floor":[63,60,58,55,55,50,50,76,76,63,63,63,63,54,80,58,86,78,59,50,50,50,9,38,0],"gold":82,"neow_bonus":"TWENTY_PERCENT_HP_BONUS","is_prod":false,"is_daily":false,"chose_seed":false,"campfire_upgraded":1,"win_rate":0,"timestamp":1546140010,"path_taken":["M","M","M","?","?","E","?","R","T","E","?","?","R","M","R","BOSS","M","?","M","?","?","E","R","E"],"build_version":"2018-12-25","purchased_purges":0,"victory":false,"max_hp_per_floor":[89,89,89,89,89,89,89,89,89,89,89,89,89,89,89,89,94,94,99,99,99,99,99,99,99],"card_choices":[{"not_picked":["Barrage","Turbo"],"picked":"Auto Shields","floor":1},{"not_picked":["Leap","Static Discharge"],"picked":"Ball Lightning","floor":2},{"not_picked":["Reprogram","Rebound"],"picked":"Undo","floor":3},{"not_picked":["Streamline","Conserve Battery"],"picked":"Consume","floor":6},{"not_picked":["Barrage","Stack"],"picked":"Skim","floor":10},{"not_picked":["Leap","Rebound"],"picked":"Go for the Eyes","floor":12},{"not_picked":["Turbo","Compile Driver"],"picked":"Leap","floor":14},{"not_picked":["Multi-Cast","Leap"],"picked":"Ball Lightning","floor":15},{"not_picked":["Reboot","Meteor Strike"],"picked":"Machine Learning","floor":16},{"not_picked":["Undo","Leap"],"picked":"Glacier","floor":17},{"not_picked":["Sweeping Beam","BootSequence+1"],"picked":"Capacitor+1","floor":18},{"not_picked":["Recycle","Steam Power+1"],"picked":"Conserve Battery","floor":20},{"not_picked":["Coolheaded+1","Redo"],"picked":"Seek","floor":23},{"not_picked":["Steam Power+1","Skim"],"picked":"Hologram+1","floor":24}],"player_experience":348369,"relics_obtained":[{"floor":6,"key":"Happy Flower"},{"floor":9,"key":"Dream Catcher"},{"floor":10,"key":"Kunai"},{"floor":23,"key":"Ancient Tea Set"}],"event_choices":[{"damage_healed":0,"gold_gain":0,"player_choice":"Success","damage_taken":3,"relics_obtained":["Orichalcum"],"max_hp_gain":0,"max_hp_loss":0,"event_name":"Scrap Ooze","floor":4,"gold_loss":0},{"damage_healed":0,"gold_gain":0,"player_choice":"Grow","damage_taken":0,"max_hp_gain":0,"max_hp_loss":0,"event_name":"Living Wall","floor":5,"gold_loss":0,"cards_upgraded":["Zap"]},{"damage_healed":0,"gold_gain":0,"player_choice":"Box","damage_taken":0,"relics_obtained":["Bag of Marbles"],"max_hp_gain":0,"max_hp_loss":0,"event_name":"Big Fish","floor":7,"gold_loss":0,"cards_obtained":["Regret"]},{"damage_healed":0,"gold_gain":0,"player_choice":"Bought 2 Potions","damage_taken":0,"max_hp_gain":0,"max_hp_loss":0,"event_name":"The Woman in Blue","floor":11,"gold_loss":0},{"damage_healed":0,"gold_gain":0,"player_choice":"Shed Blood","damage_taken":24,"max_hp_gain":5,"max_hp_loss":0,"event_name":"Forgotten Altar","floor":19,"gold_loss":0},{"cards_removed":["Regret"],"damage_healed":0,"gold_gain":0,"player_choice":"Gave Gold","damage_taken":0,"max_hp_gain":0,"max_hp_loss":0,"event_name":"Beggar","floor":21,"gold_loss":75}],"is_beta":true,"boss_relics":[{"not_picked":["Runic Pyramid","Fusion Hammer"],"picked":"Tiny House"}],"items_purged_floors":[],"is_endless":false,"potions_floor_spawned":[3,6,12,14,18,20],"killed_by":"Gremlin Leader","ascension_level":7}