{"gold_per_floor":[109,121,46,65,82,82,102,102,102,130,130,142,175,175,175,275,275,286,211,223,173,184,184,218,230,267,279,311,341,385,397,409,523,535,558,570,2,12,12,12],"floor_reached":40,"playtime":3655,"items_purged":["Doubt","Defend_B"],"score":458,"play_id":"b5e11538-8d31-4f84-9b67-353abbc15fce","local_time":"20190518012225","is_ascension_mode":true,"campfire_choices":[{"data":"Zap","floor":6,"key":"SMITH"},{"data":"Dualcast","floor":8,"key":"SMITH"},{"floor":11,"key":"REST"},{"data":"Hyperbeam","floor":15,"key":"SMITH"},{"data":"Conserve Battery","floor":23,"key":"SMITH"},{"data":"Go for the Eyes","floor":25,"key":"SMITH"},{"data":"Creative AI","floor":32,"key":"SMITH"}],"neow_cost":"CURSE","seed_source_timestamp":625905595395906,"circlet_count":0,"master_deck":["Strike_B","Strike_B","Defend_B","Defend_B","Defend_B","Zap+1","Dualcast+1","BootSequence","Conserve Battery+1","Coolheaded","Self Repair","Ball Lightning","Hyperbeam+1","Biased Cognition","Compile Driver","Streamline","Go for the Eyes+1","Self Repair+1","Leap","Creative AI+1","Machine Learning","Leap+1","Hologram","Redo+1"],"relics":["Cracked Core","Unceasing Top","Orichalcum","Omamori","Pear","Strawberry","Velvet Choker","MawBank","Juzu Bracelet","Emotion Chip","Enchiridion","Black Star","Question Card","Runic Capacitor"],"potions_floor_usage":[10,24,33,35],"damage_taken":[{"damage":6,"enemies":"Jaw Worm","floor":1,"turns":3},{"damage":0,"enemies":"2 Louse","floor":2,"turns":3},{"damage":0,"enemies":"Cultist","floor":4,"turns":3},{"damage":2,"enemies":"2 Fungi Beasts","floor":5,"turns":3},{"damage":3,"enemies":"Looter","floor":7,"turns":3},{"damage":29,"enemies":"Gremlin Nob","floor":10,"turns":6},{"damage":1,"enemies":"3 Louse","floor":12,"turns":4},{"damage":10,"enemies":"3 Sentries","floor":13,"turns":8},{"damage":64,"enemies":"Hexaghost","floor":16,"turns":12},{"damage":0,"enemies":"3 Byrds","floor":18,"turns":3},{"damage":8,"enemies":"2 Thieves","floor":20,"turns":3},{"damage":5,"enemies":"Shelled Parasite and Fungi","floor":22,"turns":6},{"damage":22,"enemies":"Gremlin Leader","floor":24,"turns":6},{"damage":6,"enemies":"3 Cultists","floor":28,"turns":4},{"damage":4,"enemies":"Centurion and Healer","floor":29,"turns":4},{"damage":25,"enemies":"Slavers","floor":30,"turns":4},{"damage":61,"enemies":"Champ","floor":33,"turns":9},{"damage":3,"enemies":"3 Darklings","floor":35,"turns":4},{"damage":8,"enemies":"Orb Walker","floor":38,"turns":4},{"damage":90,"enemies":"Nemesis","floor":40,"turns":14}],"seed_played":"-1076270986235268591","potions_obtained":[{"floor":2,"key":"Ancient Potion"},{"floor":4,"key":"SneckoOil"},{"floor":16,"key":"Swift Potion"},{"floor":18,"key":"AttackPotion"},{"floor":24,"key":"Strength Potion"},{"floor":30,"key":"Regen Potion"},{"floor":33,"key":"EssenceOfSteel"},{"floor":38,"key":"Fire Potion"}],"is_trial":false,"path_per_floor":["M","M","$","M","M","R","M","R","T","E","R","M","E","?","R","B",null,"M","?","M","?","M","R","E","R","T","?","M","M","E","?","R","B",null,"M","?","$","M","?","E"],"character_chosen":"DEFECT","items_purchased":["Hologram","Question Card","Runic Capacitor"],"campfire_rested":1,"item_purchase_floors":[37,37,37],"current_hp_per_floor":[69,69,69,69,67,67,64,64,64,35,57,63,70,70,70,13,92,92,92,91,91,92,92,77,77,77,77,78,91,76,60,60,21,92,92,87,87,87,87,0],"gold":12,"neow_bonus":"ONE_RARE_RELIC","is_prod":false,"is_daily":false,"chose_seed":false,"campfire_upgraded":6,"win_rate":0,"timestamp":1558156945,"path_taken":["M","M","$","M","M","R","M","R","T","E","R","M","E","?","R","BOSS","M","?","M","?","?","R","E","R","T","?","M","M","E","?","R","BOSS","M","?","$","M","?","E"],"build_version":"2019-01-23","purchased_purges":2,"victory":false,"max_hp_per_floor":[75,75,75,75,75,75,75,75,75,75,75,75,85,92,92,92,92,92,92,92,92,92,92,92,92,92,92,92,92,92,92,92,92,92,92,87,87,87,87,87],"card_choices":[{"not_picked":["Conserve Battery","Scrape"],"picked":"BootSequence","floor":1},{"not_picked":["Blizzard","Auto Shields"],"picked":"Conserve Battery","floor":2},{"not_picked":["Streamline","Leap","Static Discharge"],"picked":"SKIP","floor":4},{"not_picked":["Blizzard","Aggregate","Barrage"],"picked":"SKIP","floor":5},{"not_picked":["Aggregate","Compile Driver"],"picked":"Coolheaded","floor":7},{"not_picked":["Lockon","Cold Snap"],"picked":"Self Repair","floor":10},{"not_picked":["BootSequence","Scrape"],"picked":"Ball Lightning","floor":12},{"not_picked":["Gash","Chill"],"picked":"Hyperbeam","floor":13},{"not_picked":["Reboot","Seek"],"picked":"Biased Cognition","floor":16},{"not_picked":["Turbo","Steam Power+1","Cold Snap"],"picked":"SKIP","floor":18},{"not_picked":["Conserve Battery","Reprogram"],"picked":"Compile Driver","floor":20},{"not_picked":["Lockon","Compile Driver"],"picked":"Streamline","floor":22},{"not_picked":["Thunder Strike","Consume"],"picked":"Go for the Eyes","floor":24},{"not_picked":["Gash+1","Sweeping Beam+1"],"picked":"Self Repair+1","floor":28},{"not_picked":["Blizzard+1","Static Discharge+1"],"picked":"Leap","floor":29},{"not_picked":["Biased Cognition","Conserve Battery"],"picked":"Creative AI","floor":30},{"not_picked":["Creative AI","Fission"],"picked":"Machine Learning","floor":33},{"not_picked":["Aggregate","Barrage+1"],"picked":"Leap+1","floor":35},{"not_picked":["Hologram+1","Sweeping Beam","Aggregate+1"],"picked":"Redo+1","floor":38}],"player_experience":213570,"relics_obtained":[{"floor":9,"key":"Orichalcum"},{"floor":10,"key":"Omamori"},{"floor":13,"key":"Pear"},{"floor":24,"key":"MawBank"},{"floor":26,"key":"Juzu Bracelet"},{"floor":30,"key":"Emotion Chip"},{"floor":31,"key":"Enchiridion"}],"event_choices":[{"damage_healed":0,"gold_gain":0,"player_choice":"Success","damage_taken":7,"relics_obtained":["Strawberry"],"max_hp_gain":0,"max_hp_loss":0,"event_name":"Scrap Ooze","floor":14,"gold_loss":0},{"cards_removed":["Strike_B"],"damage_healed":0,"gold_gain":0,"player_choice":"Gave Gold","damage_taken":0,"max_hp_gain":0,"max_hp_loss":0,"event_name":"Beggar","floor":19,"gold_loss":75},{"damage_healed":0,"gold_gain":0,"player_choice":"Bet on Owner","damage_taken":0,"max_hp_gain":0,"max_hp_loss":0,"event_name":"The Joust","floor":21,"gold_loss":50},{"damage_healed":0,"gold_gain":0,"player_choice":"Smashed Altar","damage_taken":0,"max_hp_gain":0,"max_hp_loss":0,"event_name":"Forgotten Altar","floor":27,"gold_loss":0,"cards_obtained":["Decay"]},{"damage_healed":0,"gold_gain":0,"player_choice":"Obtained Book","damage_taken":16,"max_hp_gain":0,"max_hp_loss":0,"event_name":"Cursed Tome","floor":31,"gold_loss":0},{"damage_healed":0,"gold_gain":0,"player_choice":"Max HP","damage_taken":0,"max_hp_gain":0,"max_hp_loss":5,"event_name":"Winding Halls","floor":36,"gold_loss":0},{"cards_removed":["Strike_B"],"damage_healed":0,"gold_gain":0,"player_choice":"Removed Attack","damage_taken":0,"max_hp_gain":0,"max_hp_loss":0,"event_name":"Falling","floor":39,"gold_loss":0}],"is_beta":false,"boss_relics":[{"not_picked":["Runic Dome","Ectoplasm"],"picked":"Velvet Choker"},{"not_picked":["Eternal Feather","Sozu"],"picked":"Black Star"}],"items_purged_floors":[3,37],"is_endless":false,"potions_floor_spawned":[2,4,16,18,24,30,33,38],"killed_by":"Nemesis","ascension_level":1}