{"gold_per_floor":[112,112,127,127,52,52,63,78,108,108,108,133,133,168,168,241,241,253,253,253,253,253,253,282,294,318,331,351,351,361,361],"floor_reached":31,"playtime":1015,"items_purged":["Strike_G"],"score":530,"play_id":"93a77044-f855-4073-b094-2f8bc4213da7","local_time":"20190310211942","is_ascension_mode":true,"campfire_choices":[{"floor":6.0,"key":"REST"},{"data":"Quick Slash","floor":11.0,"key":"SMITH"},{"floor":13.0,"key":"REST"},{"floor":15.0,"key":"REST"},{"floor":23.0,"key":"REST"},{"floor":29.0,"key":"REST"}],"neow_cost":"NONE","seed_source_timestamp":28246062107600,"circlet_count":0,"master_deck":["AscendersBane","Defend_G","Defend_G","Defend_G","Defend_G","Defend_G","Strike_G+1","Strike_G+1","Strike_G","Strike_G","Survivor","Neutralize+1","Flying Knee","Deflect","Quick Slash+1","Footwork","Backflip","Quick Slash+1","Corpse Explosion","Cloak And Dagger","Backstab","Heel Hook+1","Dodge and Roll","Calculated Gamble+1","Distraction+1"],"special_seed":0,"relics":["Ring of the Snake","Tiny Chest","Ornamental Fan","Darkstone Periapt","Shuriken","Sozu","Bottled Tornado","Whetstone"],"potions_floor_usage":[],"damage_taken":[{"damage":2.0,"enemies":"2 Louse","floor":1.0,"turns":4.0},{"damage":13.0,"enemies":"Small Slimes","floor":3.0,"turns":4.0},{"damage":0.0,"enemies":"Jaw Worm","floor":7.0,"turns":4.0},{"damage":14.0,"enemies":"Red Slaver","floor":8.0,"turns":6.0},{"damage":7.0,"enemies":"Lagavulin","floor":12.0,"turns":8.0},{"damage":46.0,"enemies":"Gremlin Nob","floor":14.0,"turns":5.0},{"damage":22.0,"enemies":"Hexaghost","floor":16.0,"turns":11.0},{"damage":8.0,"enemies":"Spheric Guardian","floor":18.0,"turns":5.0},{"damage":0.0,"enemies":"2 Thieves","floor":21.0,"turns":1.0},{"damage":22.0,"enemies":"Slavers","floor":24.0,"turns":4.0},{"damage":14.0,"enemies":"Cultist and Chosen","floor":25.0,"turns":7.0},{"damage":0.0,"enemies":"Centurion and Healer","floor":27.0,"turns":5.0},{"damage":0.0,"enemies":"Snecko","floor":28.0,"turns":6.0},{"damage":0.0,"enemies":"3 Cultists","floor":30.0,"turns":5.0},{"damage":42,"enemies":"Book of Stabbing","floor":31,"turns":5}],"seed_played":"-4852245366608847778","potions_obtained":[{"floor":8.0,"key":"Fire Potion"},{"floor":14.0,"key":"Explosive Potion"},{"floor":16.0,"key":"SmokeBomb"}],"is_trial":false,"path_per_floor":["M","?","M","?","$","R","M","M","T","?","R","E","R","E","R","B",null,"M","?","?","M","?","R","E","M","T","M","M","R","M","E"],"character_chosen":"THE_SILENT","items_purchased":[],"campfire_rested":5,"item_purchase_floors":[],"current_hp_per_floor":[63,63,50,28,28,49,49,35,35,35,35,28,49,3,24,2,55,47,27,27,27,27,50,28,14,14,14,14,37,37,0],"gold":361,"neow_bonus":"TEN_PERCENT_HP_BONUS","is_prod":false,"is_daily":false,"chose_seed":false,"campfire_upgraded":1,"win_rate":0,"timestamp":1552252782,"path_taken":["M","?","M","?","?","R","?","M","T","?","R","E","R","E","R","BOSS","M","?","?","M","?","R","E","M","T","M","M","R","?","E"],"build_version":"2019-01-23","purchased_purges":1,"victory":false,"max_hp_per_floor":[72,72,72,72,72,72,72,72,72,72,72,72,72,72,72,72,72,72,77,77,77,77,77,77,77,77,77,77,77,77,77],"card_choices":[{"not_picked":["Cloak And Dagger","Outmaneuver"],"picked":"Flying Knee","floor":1.0},{"not_picked":["Underhanded Strike","Endless Agony"],"picked":"Deflect","floor":3.0},{"not_picked":["Deadly Poison","Bane"],"picked":"Quick Slash","floor":7.0},{"not_picked":["Slice","Bane"],"picked":"Footwork","floor":8.0},{"not_picked":["Finisher","Venomology"],"picked":"Backflip","floor":12.0},{"not_picked":["Choke","Riddle With Holes"],"picked":"Quick Slash","floor":14.0},{"not_picked":["Night Terror","Phantasmal Killer"],"picked":"Corpse Explosion","floor":16.0},{"not_picked":["Dagger Throw","Outmaneuver"],"picked":"Cloak And Dagger","floor":18.0},{"not_picked":["Sucker Punch","Terror"],"picked":"Backstab","floor":24.0},{"not_picked":["Cloak And Dagger","Masterful Stab"],"picked":"Heel Hook+1","floor":25.0},{"not_picked":["PiercingWail","Dagger Spray"],"picked":"Dodge and Roll","floor":27.0},{"not_picked":["Outmaneuver","Masterful Stab"],"picked":"Calculated Gamble+1","floor":28.0},{"not_picked":["Masterful Stab","Underhanded Strike"],"picked":"Distraction+1","floor":30.0}],"player_experience":1260842,"relics_obtained":[{"floor":9.0,"key":"Tiny Chest"},{"floor":12.0,"key":"Darkstone Periapt"},{"floor":14.0,"key":"Shuriken"},{"floor":24.0,"key":"Bottled Tornado"},{"floor":26.0,"key":"Whetstone"}],"event_choices":[{"damage_healed":0.0,"max_hp_gain":0.0,"max_hp_loss":0.0,"gold_gain":0.0,"event_name":"Scrap Ooze","player_choice":"Fled","floor":2.0,"gold_loss":0.0,"damage_taken":0.0},{"damage_healed":0.0,"max_hp_gain":0.0,"max_hp_loss":0.0,"gold_gain":0.0,"event_name":"Shining Light","player_choice":"Entered Light","floor":4.0,"gold_loss":0.0,"damage_taken":22.0,"cards_upgraded":["Strike_G","Neutralize"]},{"damage_healed":0.0,"max_hp_gain":0.0,"max_hp_loss":0.0,"gold_gain":0.0,"event_name":"Dead Adventurer","player_choice":"Searched \u00271\u0027 times","floor":10.0,"gold_loss":0.0,"damage_taken":0.0,"relics_obtained":["Ornamental Fan"]},{"damage_healed":0.0,"max_hp_gain":5.0,"max_hp_loss":0.0,"gold_gain":0.0,"event_name":"Forgotten Altar","player_choice":"Shed Blood","floor":19.0,"gold_loss":0.0,"damage_taken":25.0},{"damage_healed":0.0,"max_hp_gain":0.0,"max_hp_loss":0.0,"gold_gain":0.0,"event_name":"Ghosts","player_choice":"Ignored","floor":20.0,"gold_loss":0.0,"damage_taken":0.0},{"damage_healed":0.0,"max_hp_gain":0.0,"max_hp_loss":0.0,"gold_gain":0.0,"event_name":"Lab","player_choice":"Got Potions","floor":22.0,"gold_loss":0.0,"damage_taken":0.0}],"is_beta":false,"boss_relics":[{"not_picked":["HoveringKite","Runic Pyramid"],"picked":"Sozu"}],"items_purged_floors":[5],"is_endless":false,"potions_floor_spawned":[8,14,16,24,27,30],"killed_by":"Book of Stabbing","ascension_level":20}