{"gold_per_floor":[119,119,130,144,155,155,170,188,188,219,294,324,324,324,324,399,399,412,327,327,342,44,44,44,54,81,98,98,132,132,162,162,241,241,260,280,290,390,390,420,432,499,511,552,582,614,637,662,674,686,698,710,722,244,278,278],"floor_reached":57,"playtime":3790,"items_purged":["Defend_B","Defend_B"],"score":3303,"play_id":"c9ee1115-0b8b-4a60-a9f6-e31e1923ab2f","local_time":"20190519211753","is_ascension_mode":true,"campfire_choices":[{"data":"Zap","floor":6.0,"key":"SMITH"},{"data":"Defragment","floor":13.0,"key":"SMITH"},{"data":"Creative AI","floor":15.0,"key":"SMITH"},{"data":"Turbo","floor":24.0,"key":"SMITH"},{"data":"Coolheaded","floor":30.0,"key":"SMITH"},{"data":"Skim","floor":32.0,"key":"SMITH"},{"data":"Heatsinks","floor":41.0,"key":"SMITH"},{"floor":49.0,"key":"RECALL"},{"data":"Fission","floor":53.0,"key":"SMITH"}],"neow_cost":"NONE","seed_source_timestamp":2167918620200,"circlet_count":0,"master_deck":["AscendersBane","Defend_B","Defend_B","Zap+1","Dualcast","FTL+1","BootSequence","Self Repair","Coolheaded+1","Coolheaded","Creative AI+1","Skim+1","Defragment+1","Buffer","Darkness+1","Genetic Algorithm+1","Electrodynamics+1","Turbo+1","Capacitor+1","Turbo","Defragment+1","Fission+1","Hologram","Heatsinks+1","Seek","Chaos+1","Loop","Coolheaded+1","Storm+1","Discovery","Loop","Echo Form"],"special_seed":0,"relics":["Cracked Core","NeowsBlessing","Regal Pillow","Astrolabe","Strawberry","OrangePellets","Bag of Preparation","Bottled Tornado","Cables","Sozu","Pocketwatch","MawBank","Peace Pipe","Sundial","Whetstone","Membership Card","DataDisk","Art of War","Anchor"],"potions_floor_usage":[],"damage_taken":[{"damage":0.0,"enemies":"Small Slimes","floor":1.0,"turns":1.0},{"damage":0.0,"enemies":"Cultist","floor":3.0,"turns":1.0},{"damage":0.0,"enemies":"2 Louse","floor":4.0,"turns":1.0},{"damage":1.0,"enemies":"Exordium Wildlife","floor":5.0,"turns":4.0},{"damage":1.0,"enemies":"3 Louse","floor":7.0,"turns":4.0},{"damage":3.0,"enemies":"Large Slime","floor":8.0,"turns":6.0},{"damage":30.0,"enemies":"3 Sentries","floor":10.0,"turns":10.0},{"damage":0.0,"enemies":"Lagavulin","floor":12.0,"turns":7.0},{"damage":0.0,"enemies":"The Guardian","floor":16.0,"turns":11.0},{"damage":18.0,"enemies":"Spheric Guardian","floor":18.0,"turns":5.0},{"damage":8.0,"enemies":"Shell Parasite","floor":21.0,"turns":4.0},{"damage":0.0,"enemies":"Snecko","floor":25.0,"turns":5.0},{"damage":9.0,"enemies":"Centurion and Healer","floor":27.0,"turns":5.0},{"damage":30.0,"enemies":"Slavers","floor":29.0,"turns":3.0},{"damage":0.0,"enemies":"Gremlin Leader","floor":31.0,"turns":5.0},{"damage":0.0,"enemies":"Automaton","floor":33.0,"turns":7.0},{"damage":22.0,"enemies":"Orb Walker","floor":35.0,"turns":4.0},{"damage":0.0,"enemies":"3 Darklings","floor":36.0,"turns":2.0},{"damage":0.0,"enemies":"Sphere and 2 Shapes","floor":37.0,"turns":4.0},{"damage":0.0,"enemies":"Mind Bloom Boss Battle","floor":38.0,"turns":7.0},{"damage":29.0,"enemies":"Giant Head","floor":40.0,"turns":9.0},{"damage":0.0,"enemies":"2 Orb Walkers","floor":42.0,"turns":3.0},{"damage":0.0,"enemies":"Nemesis","floor":44.0,"turns":7.0},{"damage":1.0,"enemies":"4 Shapes","floor":45.0,"turns":2.0},{"damage":28.0,"enemies":"Writhing Mass","floor":46.0,"turns":4.0},{"damage":0.0,"enemies":"Spire Growth","floor":47.0,"turns":3.0},{"damage":0.0,"enemies":"4 Shapes","floor":48.0,"turns":2.0},{"damage":39.0,"enemies":"Awakened One","floor":50.0,"turns":9.0},{"damage":0.0,"enemies":"Time Eater","floor":51.0,"turns":17.0},{"damage":11.0,"enemies":"Shield and Spear","floor":55.0,"turns":4.0},{"damage":36,"enemies":"The Heart","floor":56,"turns":9}],"seed_played":"-9010475114058407054","potions_obtained":[{"floor":1.0,"key":"Block Potion"},{"floor":4.0,"key":"Strength Potion"},{"floor":18.0,"key":"Block Potion"},{"floor":31.0,"key":"SkillPotion"}],"is_trial":false,"path_per_floor":["M","?","M","M","M","R","M","M","T","E","?","E","R","?","R","B",null,"M","?","?","M","$","?","R","M","T","M","?","E","R","E","R","B",null,"M","M","M","?","?","E","R","?","T","E","M","M","M","M","R","B","B",null,"R","$","E","B",null],"character_chosen":"DEFECT","items_purchased":["OrangePellets","Membership Card","DataDisk","Art of War","Discovery","Loop"],"campfire_rested":0,"item_purchase_floors":[22,54,54,54,54,54],"current_hp_per_floor":[64,64,64,64,70,70,71,71,71,48,37,44,44,44,44,51,66,55,62,62,54,54,54,54,61,61,59,59,36,36,43,43,50,71,56,56,63,77,77,55,55,62,62,69,75,54,61,68,68,36,50,71,71,71,67,38],"gold":278,"neow_bonus":"THREE_ENEMY_KILL","is_prod":false,"is_daily":false,"chose_seed":false,"campfire_upgraded":8,"win_rate":0,"timestamp":1558271873,"path_taken":["M","?","M","?","M","R","M","M","T","E","?","E","R","?","R","BOSS","M","?","?","M","$","?","R","M","T","M","?","E","R","E","R","BOSS","M","M","M","?","?","E","R","?","T","E","M","M","?","M","R","BOSS","BOSS","R","$","E","BOSS"],"build_version":"2019-01-23","purchased_purges":2,"victory":true,"max_hp_per_floor":[71,71,71,71,71,71,71,71,71,71,71,71,71,71,71,71,71,71,78,78,78,78,78,78,78,78,78,78,78,78,78,78,78,78,78,78,78,78,78,78,78,78,78,78,78,78,78,78,78,78,78,78,78,78,78,78],"card_choices":[{"not_picked":["Genetic Algorithm","Steam"],"picked":"FTL","floor":1.0},{"not_picked":["Rebound","Loop"],"picked":"Self Repair","floor":3.0},{"not_picked":["Conserve Battery","Genetic Algorithm"],"picked":"Coolheaded","floor":4.0},{"not_picked":["Recycle","Conserve Battery"],"picked":"Coolheaded","floor":5.0},{"not_picked":["Conserve Battery","Beam Cell"],"picked":"Barrage","floor":7.0},{"not_picked":["Steam","Gash"],"picked":"Creative AI","floor":8.0},{"not_picked":["Chaos","Rip and Tear"],"picked":"Skim","floor":10.0},{"not_picked":["Reprogram","Sunder"],"picked":"Defragment","floor":12.0},{"not_picked":["Thunder Strike","Meteor Strike"],"picked":"Buffer","floor":16.0},{"not_picked":["Sweeping Beam","Melter","Leap"],"picked":"SKIP","floor":18.0},{"not_picked":["BootSequence","Lockon"],"picked":"Turbo","floor":21.0},{"not_picked":["Storm","Leap+1"],"picked":"Capacitor+1","floor":25.0},{"not_picked":["Sweeping Beam","Cold Snap"],"picked":"Turbo","floor":27.0},{"not_picked":["Stack","Genetic Algorithm","Compile Driver+1"],"picked":"SKIP","floor":29.0},{"not_picked":["Steam","Ball Lightning","Auto Shields"],"picked":"SKIP","floor":31.0},{"not_picked":["Creative AI","Machine Learning"],"picked":"Fission","floor":33.0},{"not_picked":["Cold Snap","Sweeping Beam+1"],"picked":"Hologram","floor":35.0},{"not_picked":["Rebound","Steam"],"picked":"Heatsinks","floor":36.0},{"not_picked":["Barrage","Redo+1","Rebound"],"picked":"SKIP","floor":37.0},{"not_picked":["Streamline","Ball Lightning"],"picked":"Seek","floor":38.0},{"not_picked":["Leap","Consume","Sweeping Beam+1"],"picked":"SKIP","floor":40.0},{"not_picked":["Hello World+1","Streamline+1"],"picked":"Chaos+1","floor":42.0},{"not_picked":["Leap+1","Hologram","Melter+1"],"picked":"SKIP","floor":44.0},{"not_picked":["Streamline","Coolheaded","Reprogram"],"picked":"SKIP","floor":45.0},{"not_picked":["Hologram","BootSequence"],"picked":"Loop","floor":46.0},{"not_picked":["FTL","Conserve Battery"],"picked":"Coolheaded+1","floor":47.0},{"not_picked":["Sweeping Beam","Ball Lightning"],"picked":"Storm+1","floor":48.0},{"not_picked":["Skim+1","Consume"],"picked":"Echo Form","floor":55.0}],"player_experience":3111163,"relics_obtained":[{"floor":10.0,"key":"Regal Pillow"},{"floor":26.0,"key":"Bag of Preparation"},{"floor":29.0,"key":"Bottled Tornado"},{"floor":31.0,"key":"Cables"},{"floor":38.0,"key":"Pocketwatch"},{"floor":40.0,"key":"MawBank"},{"floor":42.0,"key":"Peace Pipe"},{"floor":43.0,"key":"Sundial"},{"floor":44.0,"key":"Whetstone"},{"floor":55.0,"key":"Anchor"}],"event_choices":[{"damage_healed":0.0,"max_hp_gain":0.0,"max_hp_loss":0.0,"gold_gain":0.0,"cards_transformed":["Strike_B"],"event_name":"Transmorgrifier","player_choice":"Transformed","floor":2.0,"gold_loss":0.0,"damage_taken":0.0,"cards_obtained":["BootSequence"]},{"damage_healed":0.0,"max_hp_gain":0.0,"max_hp_loss":0.0,"gold_gain":75.0,"event_name":"World of Goop","player_choice":"Gather Gold","floor":11.0,"gold_loss":0.0,"damage_taken":11.0},{"damage_healed":0.0,"max_hp_gain":0.0,"max_hp_loss":0.0,"gold_gain":0.0,"event_name":"Liars Game","player_choice":"Ignored","floor":14.0,"gold_loss":0.0,"damage_taken":0.0},{"damage_healed":0.0,"max_hp_gain":0.0,"max_hp_loss":0.0,"gold_gain":0.0,"event_name":"Addict","player_choice":"Obtained Relic","floor":19.0,"gold_loss":85.0,"damage_taken":0.0,"relics_obtained":["Strawberry"]},{"damage_healed":0.0,"max_hp_gain":0.0,"max_hp_loss":0.0,"gold_gain":0.0,"event_name":"Vampires","player_choice":"Ignored","floor":20.0,"gold_loss":0.0,"damage_taken":0.0},{"damage_healed":0.0,"max_hp_gain":0.0,"max_hp_loss":0.0,"gold_gain":0.0,"event_name":"Ghosts","player_choice":"Ignored","floor":23.0,"gold_loss":0.0,"damage_taken":0.0},{"damage_healed":0.0,"max_hp_gain":0.0,"max_hp_loss":0.0,"gold_gain":0.0,"event_name":"Duplicator","player_choice":"Copied","floor":28.0,"gold_loss":0.0,"damage_taken":0.0,"cards_obtained":["Defragment"]},{"damage_healed":0.0,"max_hp_gain":0.0,"max_hp_loss":0.0,"gold_gain":0.0,"event_name":"MindBloom","player_choice":"Fight","floor":38.0,"gold_loss":0.0,"damage_taken":0.0},{"cards_removed":["Barrage"],"damage_healed":0.0,"max_hp_gain":0.0,"max_hp_loss":0.0,"gold_gain":0.0,"event_name":"Falling","player_choice":"Removed Attack","floor":39.0,"gold_loss":0.0,"damage_taken":0.0},{"damage_healed":0.0,"max_hp_gain":0.0,"max_hp_loss":0.0,"gold_gain":0.0,"event_name":"Mysterious Sphere","player_choice":"Fight","floor":42.0,"gold_loss":0.0,"damage_taken":0.0}],"is_beta":false,"boss_relics":[{"not_picked":["Snecko Eye","Inserter"],"picked":"Astrolabe"},{"not_picked":["Eternal Feather","Philosopher\u0027s Stone"],"picked":"Sozu"}],"items_purged_floors":[22,54],"is_endless":false,"potions_floor_spawned":[1,4,5,7,18,31,36,40,44,45,46,48,55],"ascension_level":20}