{"gold_per_floor":[18,193,212,212,225,258,258,39,39,58,58,69,69,99,99,201,201,212,127,127,4,18,18,49,49,117,117,150,165,165,181,181,279,279,297,312,312,322,322,322,357,382,408,408,408,408,408,440,440,440],"floor_reached":51,"playtime":7677,"items_purged":["Doubt"],"score":1153,"play_id":"a4714790-07c8-44bf-9256-9f6c759bc289","local_time":"20181230140553","is_ascension_mode":true,"campfire_choices":[{"data":"Defragment","floor":7,"key":"SMITH"},{"floor":13,"key":"REST"},{"floor":15,"key":"REST"},{"data":"Zap","floor":23,"key":"SMITH"},{"data":"Dualcast","floor":25,"key":"SMITH"},{"data":"1","floor":27,"key":"LIFT"},{"data":"Go for the Eyes","floor":30,"key":"SMITH"},{"data":"2","floor":32,"key":"LIFT"},{"data":"3","floor":40,"key":"LIFT"},{"floor":44,"key":"DIG"},{"floor":45,"key":"DIG"},{"floor":49,"key":"DIG"}],"neow_cost":"NO_GOLD","seed_source_timestamp":16953918075122,"circlet_count":0,"master_deck":["Strike_B+1","Strike_B","Defend_B","Defend_B","Defend_B","Defend_B","Zap+1","Dualcast+1","Self Repair","Go for the Eyes+1","Cold Snap","Defragment+1","Glacier+1","Steam+1","Conserve Battery+1","Self Repair","Electrodynamics","Force Field+1","Consume+1","Coolheaded+1","Chill+1","Hologram+1","Echo Form+1","Streamline+1","Self Repair+1","Zap+1","Deep Breath+1","Chrysalis+1","Master of Strategy+1","All For One","FTL+1","Madness+1","Madness+1","Glacier+1"],"relics":["FrozenCore","Girya","Toxic Egg 2","Boot","Cables","Pocketwatch","WingedGreaves","Bird Faced Urn","CultistMask","Anchor","Frozen Egg 2","Calipers","Inserter","Dream Catcher","Shovel","Bronze Scales","Dead Branch","Du-Vu Doll","Whetstone","Pantograph"],"potions_floor_usage":[10,42,42,50,50],"damage_taken":[{"damage":2,"enemies":"Small Slimes","floor":1,"turns":4},{"damage":8,"enemies":"Jaw Worm","floor":3,"turns":4},{"damage":6,"enemies":"Cultist","floor":5,"turns":4},{"damage":16,"enemies":"Lagavulin","floor":6,"turns":8},{"damage":28,"enemies":"Exordium Thugs","floor":10,"turns":8},{"damage":4,"enemies":"Red Slaver","floor":12,"turns":3},{"damage":11,"enemies":"3 Sentries","floor":14,"turns":7},{"damage":17,"enemies":"Hexaghost","floor":16,"turns":10},{"damage":5,"enemies":"Chosen","floor":18,"turns":7},{"damage":12,"enemies":"Spheric Guardian","floor":22,"turns":6},{"damage":2,"enemies":"Gremlin Leader","floor":24,"turns":7},{"damage":0,"enemies":"Book of Stabbing","floor":28,"turns":8},{"damage":0,"enemies":"Snake Plant","floor":29,"turns":4},{"damage":0,"enemies":"Snecko","floor":31,"turns":5},{"damage":0,"enemies":"Collector","floor":33,"turns":12},{"damage":26,"enemies":"3 Shapes","floor":35,"turns":4},{"damage":0,"enemies":"3 Darklings","floor":36,"turns":4},{"damage":0,"enemies":"4 Shapes","floor":38,"turns":4},{"damage":3,"enemies":"Nemesis","floor":41,"turns":7},{"damage":46,"enemies":"Reptomancer","floor":42,"turns":6},{"damage":3,"enemies":"Nemesis","floor":48,"turns":7},{"damage":0,"enemies":"Awakened One","floor":50,"turns":13}],"seed_played":"-2328817033800167871","potions_obtained":[{"floor":1,"key":"Ancient Potion"},{"floor":6,"key":"Block Potion"},{"floor":28,"key":"EssenceOfSteel"},{"floor":42,"key":"FocusPotion"}],"is_trial":false,"path_per_floor":["M","?","M","?","M","E","R","$","T","M","T","M","R","E","R","B",null,"M","?","?","$","M","R","E","R","T","R","E","M","R","M","R","B",null,"M","M","?","M","?","R","E","E","T","R","R","?","?","E","R","B",null],"character_chosen":"DEFECT","items_purchased":["Boot","Glacier+1","PowerPotion"],"campfire_rested":2,"item_purchase_floors":[8,8,21],"current_hp_per_floor":[66,66,65,53,54,45,45,45,45,24,24,20,42,38,60,57,71,75,75,75,75,75,75,75,75,75,75,75,75,75,75,75,75,75,61,75,75,75,65,65,75,40,40,40,40,31,31,68,68,75],"gold":440,"neow_bonus":"REMOVE_TWO","is_prod":false,"is_daily":false,"chose_seed":false,"campfire_upgraded":4,"win_rate":0,"timestamp":1546207553,"path_taken":["M","?","M","?","M","E","R","?","T","?","?","M","R","E","R","BOSS","M","?","?","$","M","R","E","R","T","R","E","M","R","M","R","BOSS","M","M","?","?","?","R","E","E","T","R","R","?","?","E","R","BOSS"],"build_version":"2018-12-25","purchased_purges":1,"victory":true,"max_hp_per_floor":[75,75,75,75,75,75,75,75,75,75,75,75,75,75,75,75,75,75,75,75,75,75,75,75,75,75,75,75,75,75,75,75,75,75,75,75,75,75,75,75,75,75,75,75,75,75,75,75,75,75],"card_choices":[{"not_picked":["Stack","Recycle"],"picked":"Self Repair","floor":1},{"not_picked":["Ball Lightning","Steam"],"picked":"Go for the Eyes","floor":3},{"not_picked":["Skim","Static Discharge"],"picked":"Cold Snap","floor":5},{"not_picked":["Compile Driver","Coolheaded"],"picked":"Defragment","floor":6},{"not_picked":["Heatsinks","Aggregate+1"],"picked":"Steam+1","floor":10},{"not_picked":["Rebound","Streamline"],"picked":"Conserve Battery+1","floor":12},{"not_picked":["Sweeping Beam","Ball Lightning"],"picked":"Self Repair","floor":14},{"not_picked":["Meteor Strike","Rainbow+1"],"picked":"Electrodynamics","floor":16},{"not_picked":["Steam+1","Beam Cell"],"picked":"Force Field+1","floor":18},{"not_picked":["Doom and Gloom","Storm"],"picked":"Consume+1","floor":22},{"not_picked":["Barrage","Hello World+1"],"picked":"Coolheaded+1","floor":24},{"not_picked":["Steam Power+1","Static Discharge+1"],"picked":"Chill+1","floor":28},{"not_picked":["Beam Cell+1","Hello World+1"],"picked":"Hologram+1","floor":29},{"not_picked":["Barrage","Chill+1","Beam Cell"],"picked":"SKIP","floor":31},{"not_picked":["Reboot+1","Amplify+1"],"picked":"Echo Form+1","floor":33},{"not_picked":["Redo+1","Ball Lightning"],"picked":"Streamline+1","floor":35},{"not_picked":["Reprogram+1","Steam+1"],"picked":"Self Repair+1","floor":36},{"not_picked":["Chaos+1","Beam Cell"],"picked":"Melter","floor":38},{"not_picked":["Impatience+1","PanicButton+1"],"picked":"Deep Breath+1","floor":39},{"not_picked":["The Bomb+1","Discovery+1"],"picked":"Chrysalis+1","floor":39},{"not_picked":["PanicButton+1","Jack Of All Trades+1"],"picked":"Master of Strategy+1","floor":39},{"not_picked":["FTL+1","Coolheaded+1"],"picked":"All For One","floor":41},{"not_picked":["Sweeping Beam+1","Electrodynamics+1"],"picked":"FTL","floor":42},{"not_picked":["Sunder","Undo+1"],"picked":"Glacier+1","floor":48}],"player_experience":357003,"relics_obtained":[{"floor":6,"key":"Toxic Egg 2"},{"floor":9,"key":"Cables"},{"floor":11,"key":"Pocketwatch"},{"floor":14,"key":"WingedGreaves"},{"floor":24,"key":"Anchor"},{"floor":26,"key":"Frozen Egg 2"},{"floor":28,"key":"Calipers"},{"floor":41,"key":"Dream Catcher"},{"floor":42,"key":"Shovel"},{"floor":43,"key":"Bronze Scales"},{"floor":44,"key":"Dead Branch"},{"floor":45,"key":"Du-Vu Doll"},{"floor":48,"key":"Whetstone"},{"floor":49,"key":"Pantograph"}],"event_choices":[{"damage_healed":0,"gold_gain":175,"player_choice":"AGREE","damage_taken":0,"max_hp_gain":0,"max_hp_loss":0,"event_name":"Liars Game","floor":2,"gold_loss":0,"cards_obtained":["Doubt"]},{"damage_healed":0,"gold_gain":0,"player_choice":"Success","damage_taken":12,"relics_obtained":["Girya"],"max_hp_gain":0,"max_hp_loss":0,"event_name":"Scrap Ooze","floor":4,"gold_loss":0},{"damage_healed":0,"gold_gain":0,"player_choice":"Obtained Relic","damage_taken":0,"relics_obtained":["Bird Faced Urn"],"max_hp_gain":0,"max_hp_loss":0,"event_name":"Addict","floor":19,"gold_loss":85},{"damage_healed":0,"gold_gain":0,"player_choice":"Trade","damage_taken":0,"relics_obtained":["CultistMask"],"max_hp_gain":0,"max_hp_loss":0,"event_name":"FaceTrader","floor":20,"gold_loss":0},{"damage_healed":0,"gold_gain":0,"player_choice":"1 cards matched","damage_taken":0,"max_hp_gain":0,"max_hp_loss":0,"event_name":"Match and Keep!","floor":37,"gold_loss":0,"cards_obtained":["Zap"]},{"damage_healed":0,"gold_gain":0,"player_choice":"Memory 3","damage_taken":10,"max_hp_gain":0,"max_hp_loss":0,"event_name":"SensoryStone","floor":39,"gold_loss":0},{"damage_healed":0,"gold_gain":0,"player_choice":"Embrace Madness","damage_taken":9,"max_hp_gain":0,"max_hp_loss":0,"event_name":"Winding Halls","floor":46,"gold_loss":0,"cards_obtained":["Madness","Madness"]},{"cards_removed":["Melter"],"damage_healed":0,"gold_gain":0,"player_choice":"Removed Attack","damage_taken":0,"max_hp_gain":0,"max_hp_loss":0,"event_name":"Falling","floor":47,"gold_loss":0}],"is_beta":true,"boss_relics":[{"not_picked":["Runic Pyramid","Eternal Feather"],"picked":"FrozenCore"},{"not_picked":["Busted Crown","Nuclear Battery"],"picked":"Inserter"}],"items_purged_floors":[21],"is_endless":false,"potions_floor_spawned":[1,6,28,29,33,35,42],"ascension_level":7}