{"gold_per_floor":[113,288,42,42,42,42,70,82,108,124,124,138,173,230,242,354,366,389,326,27,41,72,102,102,121,421,432,432,449,482,482,482,584,584,597,56,56,56,75,105,105,134,157,175,188,239,239,259,259,259,259,259,24,56,56],"floor_reached":55,"playtime":3657,"items_purged":["Doubt"],"score":853,"play_id":"3ae078ae-4dd3-4586-b067-a6dfedce373e","local_time":"20181130164153","is_ascension_mode":false,"campfire_choices":[{"floor":6.0,"key":"RECALL"},{"data":"Accuracy","floor":11.0,"key":"SMITH"},{"data":"Cloak And Dagger","floor":15.0,"key":"SMITH"},{"data":"1","floor":24.0,"key":"LIFT"},{"floor":28.0,"key":"REST"},{"data":"2","floor":32.0,"key":"LIFT"},{"data":"3","floor":41.0,"key":"LIFT"},{"floor":49.0,"key":"DIG"},{"data":"After Image","floor":52.0,"key":"SMITH"}],"neow_cost":"NONE","seed_source_timestamp":0,"circlet_count":0,"master_deck":["Defend_G+1","Defend_G+1","Defend_G+1","Defend_G+1","Defend_G+1","Strike_G+1","Strike_G+1","Strike_G+1","Strike_G+1","Survivor","Neutralize","Blade Dance","Accuracy+1","Madness+1","Quick Slash","Cloak And Dagger+1","Cloak And Dagger","Dagger Spray","After Image+1","Prepared","Footwork","Die Die Die","Backflip+1","Backstab","Cloak And Dagger","Infinite Blades","Escape Plan","Adrenaline","Cloak And Dagger+1","Infinite Blades","Bandage Up","Iron Wave","Prepared+1","Backstab","Madness","Madness","Magnetism","Caltrops","Skewer+1"],"special_seed":0,"relics":["Ring of the Snake","NeowsBlessing","Turnip","Prayer Wheel","MawBank","Black Star","Girya","Red Mask","Shovel","FossilizedHelix","Old Coin","Pantograph","Bottled Flame","WristBlade","Medical Kit","Bottled Tornado","Mummified Hand","Happy Flower","Regal Pillow","Vajra","Unceasing Top","Calipers","Thread and Needle","Ginger"],"potions_floor_usage":[55,55,55],"damage_taken":[{"damage":0.0,"enemies":"Small Slimes","floor":1.0,"turns":1.0},{"damage":0.0,"enemies":"3 Sentries","floor":7.0,"turns":1.0},{"damage":0.0,"enemies":"Jaw Worm","floor":8.0,"turns":1.0},{"damage":0.0,"enemies":"2 Louse","floor":10.0,"turns":2.0},{"damage":8.0,"enemies":"2 Fungi Beasts","floor":12.0,"turns":3.0},{"damage":21.0,"enemies":"Gremlin Nob","floor":13.0,"turns":5.0},{"damage":1.0,"enemies":"3 Sentries","floor":14.0,"turns":3.0},{"damage":36.0,"enemies":"The Guardian","floor":16.0,"turns":13.0},{"damage":1.0,"enemies":"Chosen","floor":18.0,"turns":5.0},{"damage":0.0,"enemies":"3 Byrds","floor":21.0,"turns":5.0},{"damage":0.0,"enemies":"Masked Bandits","floor":22.0,"turns":2.0},{"damage":51.0,"enemies":"Slavers","floor":23.0,"turns":9.0},{"damage":3.0,"enemies":"Sentry and Sphere","floor":25.0,"turns":7.0},{"damage":0.0,"enemies":"Centurion and Healer","floor":27.0,"turns":7.0},{"damage":0.0,"enemies":"Cultist and Chosen","floor":29.0,"turns":9.0},{"damage":1.0,"enemies":"Book of Stabbing","floor":30.0,"turns":5.0},{"damage":34.0,"enemies":"Collector","floor":33.0,"turns":12.0},{"damage":0.0,"enemies":"3 Shapes","floor":35.0,"turns":2.0},{"damage":0.0,"enemies":"Orb Walker","floor":39.0,"turns":3.0},{"damage":3.0,"enemies":"Giant Head","floor":40.0,"turns":8.0},{"damage":11.0,"enemies":"Nemesis","floor":42.0,"turns":5.0},{"damage":0.0,"enemies":"3 Darklings","floor":44.0,"turns":4.0},{"damage":0.0,"enemies":"Writhing Mass","floor":45.0,"turns":5.0},{"damage":0.0,"enemies":"2 Orb Walkers","floor":46.0,"turns":4.0},{"damage":0.0,"enemies":"Transient","floor":48.0,"turns":5.0},{"damage":9.0,"enemies":"Awakened One","floor":50.0,"turns":11.0},{"damage":2.0,"enemies":"Shield and Spear","floor":54.0,"turns":5.0},{"damage":90,"enemies":"The Heart","floor":55,"turns":6}],"seed_played":"-4839598305062906014","potions_obtained":[{"floor":7.0,"key":"SteroidPotion"},{"floor":10.0,"key":"SkillPotion"},{"floor":12.0,"key":"Regen Potion"},{"floor":14.0,"key":"GhostInAJar"},{"floor":21.0,"key":"SteroidPotion"},{"floor":25.0,"key":"SkillPotion"},{"floor":27.0,"key":"Regen Potion"},{"floor":30.0,"key":"GhostInAJar"},{"floor":40.0,"key":"PowerPotion"},{"floor":42.0,"key":"Fire Potion"},{"floor":44.0,"key":"Regen Potion"},{"floor":54.0,"key":"Fire Potion"}],"is_trial":false,"path_per_floor":["M","?","$","?","$","R","E","M","T","M","R","M","E","?","R","B",null,"M","?","$","M","?","E","R","M","T","M","R","M","E","?","R","B",null,"M","$","?","$","M","E","R","E","T","M","M","?","?","M","R","B",null,"R","$","E","B"],"character_chosen":"THE_SILENT","items_purchased":["Accuracy","Madness","Girya","Medical Kit","Infinite Blades","Magnetism","Bandage Up","Magnetism","Caltrops"],"campfire_rested":1,"item_purchase_floors":[3,3,20,36,36,36,36,53,53],"current_hp_per_floor":[70,70,70,70,70,70,70,70,70,70,70,62,41,49,49,13,70,69,69,69,69,69,18,18,15,15,15,36,51,50,50,50,36,70,70,70,70,70,70,70,70,63,63,67,70,70,61,65,65,65,70,70,70,68,0],"gold":56,"neow_bonus":"THREE_ENEMY_KILL","is_prod":false,"is_daily":false,"chose_seed":false,"campfire_upgraded":3,"win_rate":0,"timestamp":1543624913,"path_taken":["M","?","$","?","?","R","E","M","T","?","R","M","E","?","R","BOSS","M","?","$","M","?","E","R","M","T","M","R","M","E","?","R","BOSS","M","$","?","?","M","E","R","E","T","M","M","?","?","?","R","BOSS","R","$","E","BOSS"],"build_version":"2018-11-15","purchased_purges":1,"victory":false,"max_hp_per_floor":[70,70,70,70,70,70,70,70,70,70,70,70,70,70,70,70,70,70,70,70,70,70,70,70,70,70,70,70,70,70,70,70,70,70,70,70,70,70,70,70,70,70,70,70,70,70,70,70,70,70,70,70,70,70,70],"card_choices":[{"not_picked":["Poisoned Stab","Bane"],"picked":"Blade Dance","floor":1.0},{"not_picked":["Predator","Tactician"],"picked":"Quick Slash","floor":7.0},{"not_picked":["Deadly Poison","Poisoned Stab","Predator"],"picked":"SKIP","floor":8.0},{"not_picked":["Deflect","Poisoned Stab","Quick Slash"],"picked":"SKIP","floor":10.0},{"not_picked":["Crippling Poison","Terror"],"picked":"Cloak And Dagger","floor":12.0},{"not_picked":["Flying Knee","Blade Dance"],"picked":"Cloak And Dagger","floor":13.0},{"not_picked":["PiercingWail","Crippling Poison"],"picked":"Dagger Spray","floor":14.0},{"not_picked":["Grand Finale","Venomology"],"picked":"After Image","floor":16.0},{"not_picked":["Deadly Poison","PiercingWail","Deflect+1"],"picked":"SKIP","floor":18.0},{"not_picked":["Outmaneuver+1","Eviscerate","Deadly Poison"],"picked":"SKIP","floor":18.0},{"not_picked":["Quick Slash+1","Underhanded Strike"],"picked":"Prepared","floor":21.0},{"not_picked":["Bouncing Flask","Deflect"],"picked":"Footwork","floor":21.0},{"not_picked":["Cloak And Dagger","Skewer"],"picked":"Die Die Die","floor":22.0},{"not_picked":["Reflex","Calculated Gamble"],"picked":"Backflip+1","floor":23.0},{"not_picked":["Prepared","Dagger Spray"],"picked":"Backstab","floor":25.0},{"not_picked":["Outmaneuver","Leg Sweep"],"picked":"Cloak And Dagger","floor":25.0},{"not_picked":["PiercingWail","Escape Plan"],"picked":"Infinite Blades","floor":27.0},{"not_picked":["Outmaneuver","All Out Attack"],"picked":"Escape Plan","floor":27.0},{"not_picked":["Blur","Dagger Throw","Concentrate"],"picked":"SKIP","floor":29.0},{"not_picked":["Bullet Time","Bane","Finisher"],"picked":"SKIP","floor":29.0},{"not_picked":["Poisoned Stab+1","Flying Knee+1","Riddle With Holes"],"picked":"SKIP","floor":30.0},{"not_picked":["After Image","Venomology"],"picked":"Adrenaline","floor":33.0},{"not_picked":["Bane+1","Sucker Punch"],"picked":"Cloak And Dagger+1","floor":35.0},{"not_picked":["Setup","Slice+1","Noxious Fumes"],"picked":"SKIP","floor":35.0},{"not_picked":["Eviscerate","Bane+1"],"picked":"Prepared+1","floor":39.0},{"not_picked":["Poisoned Stab","Tactician+1","PiercingWail+1"],"picked":"SKIP","floor":39.0},{"not_picked":["Tools of the Trade","Underhanded Strike"],"picked":"Backstab","floor":40.0},{"not_picked":["Finisher+1","Deadly Poison+1","Reflex"],"picked":"SKIP","floor":42.0},{"not_picked":["Dodge and Roll","Deadly Poison+1","Catalyst"],"picked":"SKIP","floor":44.0},{"not_picked":["Eviscerate+1","Flying Knee","Tactician+1"],"picked":"SKIP","floor":44.0},{"not_picked":["PiercingWail","Reflex+1","Prepared+1"],"picked":"SKIP","floor":45.0},{"not_picked":["Endless Agony","Heel Hook+1","Calculated Gamble"],"picked":"SKIP","floor":45.0},{"not_picked":["Acrobatics","PiercingWail","Deflect+1"],"picked":"SKIP","floor":48.0},{"not_picked":["Sucker Punch+1","Flechettes+1","Deflect+1"],"picked":"SKIP","floor":48.0},{"not_picked":["Die Die Die","Poisoned Stab+1"],"picked":"Skewer+1","floor":54.0}],"player_experience":372189,"relics_obtained":[{"floor":7.0,"key":"Turnip"},{"floor":13.0,"key":"Prayer Wheel"},{"floor":14.0,"key":"MawBank"},{"floor":22.0,"key":"Red Mask"},{"floor":23.0,"key":"Shovel"},{"floor":23.0,"key":"FossilizedHelix"},{"floor":26.0,"key":"Old Coin"},{"floor":30.0,"key":"Pantograph"},{"floor":30.0,"key":"Bottled Flame"},{"floor":40.0,"key":"Bottled Tornado"},{"floor":40.0,"key":"Mummified Hand"},{"floor":42.0,"key":"Happy Flower"},{"floor":42.0,"key":"Regal Pillow"},{"floor":43.0,"key":"Vajra"},{"floor":46.0,"key":"Unceasing Top"},{"floor":49.0,"key":"Calipers"},{"floor":54.0,"key":"Thread and Needle"},{"floor":54.0,"key":"Ginger"}],"event_choices":[{"damage_healed":0.0,"max_hp_gain":0.0,"max_hp_loss":0.0,"gold_gain":175.0,"event_name":"Liars Game","player_choice":"AGREE","floor":2.0,"gold_loss":0.0,"damage_taken":0.0,"cards_obtained":["Doubt"]},{"damage_healed":0.0,"max_hp_gain":0.0,"max_hp_loss":0.0,"gold_gain":0.0,"event_name":"Living Wall","player_choice":"Grow","floor":4.0,"gold_loss":0.0,"damage_taken":0.0,"cards_upgraded":["Madness"]},{"damage_healed":0.0,"max_hp_gain":0.0,"max_hp_loss":0.0,"gold_gain":0.0,"event_name":"Dead Adventurer","player_choice":"Searched \u00271\u0027 times","floor":14.0,"gold_loss":0.0,"damage_taken":0.0},{"cards_removed":["Strike_G"],"damage_healed":0.0,"max_hp_gain":0.0,"max_hp_loss":0.0,"gold_gain":0.0,"event_name":"Beggar","player_choice":"Gave Gold","floor":19.0,"gold_loss":75.0,"damage_taken":0.0},{"damage_healed":0.0,"max_hp_gain":0.0,"max_hp_loss":0.0,"gold_gain":0.0,"event_name":"Masked Bandits","player_choice":"Fought Bandits","floor":22.0,"gold_loss":0.0,"damage_taken":0.0},{"damage_healed":0.0,"max_hp_gain":0.0,"max_hp_loss":0.0,"gold_gain":0.0,"event_name":"Back to Basics","player_choice":"Simplicity","floor":31.0,"gold_loss":0.0,"damage_taken":0.0,"cards_upgraded":["Defend_G","Defend_G","Defend_G","Defend_G","Defend_G","Strike_G","Strike_G","Strike_G","Strike_G"]},{"cards_removed":["Magnetism"],"damage_healed":0.0,"max_hp_gain":0.0,"max_hp_loss":0.0,"gold_gain":0.0,"event_name":"NoteForYourself","player_choice":"Took Card","floor":37.0,"gold_loss":0.0,"damage_taken":0.0,"cards_obtained":["Iron Wave"]},{"damage_healed":0.0,"max_hp_gain":0.0,"max_hp_loss":0.0,"gold_gain":0.0,"event_name":"Mysterious Sphere","player_choice":"Fight","floor":46.0,"gold_loss":0.0,"damage_taken":0.0},{"damage_healed":0.0,"max_hp_gain":0.0,"max_hp_loss":0.0,"gold_gain":0.0,"event_name":"Winding Halls","player_choice":"Embrace Madness","floor":47.0,"gold_loss":0.0,"damage_taken":9.0,"cards_obtained":["Madness","Madness"]}],"is_beta":false,"boss_relics":[{"not_picked":["Pandora\u0027s Box","Runic Pyramid"],"picked":"Black Star"},{"not_picked":["Tiny House","Orrery"],"picked":"WristBlade"}],"items_purged_floors":[3],"is_endless":false,"potions_floor_spawned":[7,10,12,14,21,25,27,30,40,42,44,54],"killed_by":"The Heart","ascension_level":0}