{"gold_per_floor":[114,114,129,129,129,129,159,159,159,159,174,204,234,249,249,349,349,364,364,379,409,324,324],"floor_reached":23,"playtime":2838,"items_purged":[],"score":277,"play_id":"f35c8bf5-c7e3-41b1-8f43-316188b21732","local_time":"20181111121845","daily_mods":["Insanity","Diverse","DeadlyEvents"],"is_ascension_mode":false,"campfire_choices":[{"data":"Infinite Blades","floor":6,"key":"SMITH"},{"data":"Evolve","floor":8,"key":"SMITH"},{"data":"Armaments","floor":10,"key":"SMITH"},{"floor":15,"key":"REST"}],"neow_cost":"","seed_source_timestamp":0,"circlet_count":0,"master_deck":["Dagger Spray","Acrobatics","Auto Shields","Cloak And Dagger","Streamline","Iron Wave","Cleave","Battle Trance","Infinite Blades+1","Cloak And Dagger","Leap","Reflex","Blizzard","Cloak And Dagger","Entrench","Clothesline","Skim","Sever Soul","Compile Driver","Disarm","Sword Boomerang","Iron Wave","Evolve+1","Stack","Perfected Strike","FTL","Gash","Lockon","Chaos","Heavy Blade","Clash","Armaments+1","Reinforced Body","Intimidate","Deflect","Flechettes","Deflect","Hologram","Outmaneuver","Hemokinesis","Blood for Blood","Go for the Eyes","Thunderclap","Flex","Reckless Charge","Deadly Poison","Well Laid Plans","Finisher","Sucker Punch","Quick Slash","Fusion","Fusion","Trip","Regret","Prepared","Corpse Explosion","Distraction","Setup","Rage","Bullet Time","Accuracy","Self Repair","Demon Form"],"special_seed":17846,"relics":["Ring of the Snake","Bird Faced Urn","Molten Egg 2","Bronze Scales","Happy Flower","Regal Pillow","Lantern","WristBlade","The Specimen","Incense Burner"],"potions_floor_usage":[16,16,20],"damage_taken":[{"damage":0,"enemies":"Jaw Worm","floor":1,"turns":2},{"damage":0,"enemies":"Cultist","floor":3,"turns":3},{"damage":18,"enemies":"Lagavulin","floor":7,"turns":7},{"damage":0,"enemies":"Small Slimes","floor":11,"turns":3},{"damage":14,"enemies":"3 Sentries","floor":12,"turns":3},{"damage":20,"enemies":"Lagavulin","floor":13,"turns":4},{"damage":4,"enemies":"Looter","floor":14,"turns":2},{"damage":49,"enemies":"The Guardian","floor":16,"turns":7},{"damage":15,"enemies":"2 Thieves","floor":18,"turns":3},{"damage":3,"enemies":"Shell Parasite","floor":20,"turns":3},{"damage":21,"enemies":"Book of Stabbing","floor":21,"turns":5},{"damage":48,"enemies":"Gremlin Leader","floor":23,"turns":5}],"seed_played":"4248358927187569089","potions_obtained":[{"floor":7,"key":"SpeedPotion"},{"floor":12,"key":"PowerPotion"},{"floor":14,"key":"FearPotion"},{"floor":18,"key":"PowerPotion"}],"is_trial":false,"path_per_floor":["M","?","M","?","T","R","E","R","T","R","M","E","E","M","R","B",null,"M","?","M","E","?","E"],"character_chosen":"THE_SILENT","items_purchased":[],"campfire_rested":1,"item_purchase_floors":[],"current_hp_per_floor":[70,70,70,70,70,70,54,54,54,54,56,48,32,30,66,25,70,55,48,49,39,39,0],"gold":324,"neow_bonus":"","is_prod":false,"is_daily":true,"chose_seed":false,"campfire_upgraded":3,"win_rate":0,"timestamp":1541967525,"path_taken":["M","?","?","?","?","R","E","R","T","R","M","?","E","M","R","BOSS","M","?","M","?","?","E"],"build_version":"2018-11-08","purchased_purges":0,"victory":false,"max_hp_per_floor":[70,70,70,70,70,70,70,70,70,70,70,70,70,70,70,70,70,70,70,70,70,70,70],"card_choices":[{"not_picked":["Go for the Eyes","Flex"],"picked":"Fusion","floor":1},{"not_picked":["Ball Lightning","Acrobatics","Barrage"],"picked":"SKIP","floor":3},{"not_picked":["True Grit","Acrobatics"],"picked":"Prepared","floor":7},{"not_picked":["Choke+1","Thunderclap+1"],"picked":"Corpse Explosion","floor":11},{"not_picked":["Havoc","Iron Wave+1"],"picked":"Distraction","floor":12},{"not_picked":["Rebound+1","Redo"],"picked":"Setup","floor":13},{"not_picked":["Perfected Strike+1","Hello World"],"picked":"Rage","floor":14},{"not_picked":["Buffer","Biased Cognition"],"picked":"Bullet Time","floor":16},{"not_picked":["Barrage+1","Dagger Spray+1"],"picked":"Accuracy","floor":18},{"not_picked":["Quick Slash+1","Searing Blow+1"],"picked":"Self Repair","floor":20},{"not_picked":["Bloodletting+1","Impervious"],"picked":"Demon Form","floor":21}],"player_experience":211775,"relics_obtained":[{"floor":5,"key":"Molten Egg 2"},{"floor":7,"key":"Bronze Scales"},{"floor":9,"key":"Happy Flower"},{"floor":12,"key":"Regal Pillow"},{"floor":13,"key":"Lantern"},{"floor":21,"key":"The Specimen"}],"event_choices":[{"damage_healed":0,"gold_gain":0,"player_choice":"2 cards matched","damage_taken":0,"max_hp_gain":0,"max_hp_loss":0,"event_name":"Match and Keep!","floor":2,"gold_loss":0,"cards_obtained":["Fusion","Trip"]},{"damage_healed":0,"gold_gain":0,"player_choice":"Box","damage_taken":0,"relics_obtained":["Bird Faced Urn"],"max_hp_gain":0,"max_hp_loss":0,"event_name":"Big Fish","floor":4,"gold_loss":0,"cards_obtained":["Regret"]},{"damage_healed":0,"gold_gain":0,"player_choice":"Damaged","damage_taken":7,"max_hp_gain":0,"max_hp_loss":0,"event_name":"Wheel of Change","floor":19,"gold_loss":0},{"damage_healed":0,"gold_gain":0,"player_choice":"Obtained Relic","damage_taken":0,"relics_obtained":["Incense Burner"],"max_hp_gain":0,"max_hp_loss":0,"event_name":"Addict","floor":22,"gold_loss":85}],"is_beta":true,"boss_relics":[{"not_picked":["Runic Pyramid","Lizard Tail"],"picked":"WristBlade"}],"items_purged_floors":[],"is_endless":false,"potions_floor_spawned":[7,12,14,18],"killed_by":"Gremlin Leader","ascension_level":0}