{"gold_per_floor":[112,162,173,12,25,25,59,75,75,95,95,95,125,125,125,200,200,213,232,132,132,132,132],"floor_reached":23,"playtime":767,"items_purged":["Strike_G","Strike_G"],"score":398,"play_id":"2daf6dff-ad8a-4a45-b2c1-f014d1b5e697","local_time":"20190311170500","is_ascension_mode":true,"campfire_choices":[{"data":"Neutralize","floor":6.0,"key":"SMITH"},{"floor":15.0,"key":"REST"}],"neow_cost":"NONE","seed_source_timestamp":21658874574500,"circlet_count":0,"master_deck":["AscendersBane","Defend_G","Defend_G","Defend_G","Defend_G","Defend_G","Strike_G","Strike_G","Survivor","Neutralize+1","Dash","Flying Knee","Choke","Corpse Explosion","Slice","Footwork","After Image","Noxious Fumes","Sucker Punch","RitualDagger"],"special_seed":0,"relics":["Black Star","PreservedInsect","Darkstone Periapt","Happy Flower","Bag of Preparation","Bottled Lightning","Cursed Key"],"potions_floor_usage":[],"damage_taken":[{"damage":11.0,"enemies":"Small Slimes","floor":1.0,"turns":5.0},{"damage":1.0,"enemies":"Cultist","floor":3.0,"turns":4.0},{"damage":3.0,"enemies":"2 Louse","floor":5.0,"turns":3.0},{"damage":34.0,"enemies":"Gremlin Nob","floor":7.0,"turns":6.0},{"damage":4.0,"enemies":"Blue Slaver","floor":8.0,"turns":4.0},{"damage":4.0,"enemies":"Large Slime","floor":10.0,"turns":4.0},{"damage":13.0,"enemies":"Lagavulin","floor":13.0,"turns":7.0},{"damage":10.0,"enemies":"The Guardian","floor":16.0,"turns":15.0},{"damage":19.0,"enemies":"Spheric Guardian","floor":18.0,"turns":8.0},{"damage":16.0,"enemies":"Shell Parasite","floor":19.0,"turns":7.0},{"damage":13,"enemies":"Slavers","floor":23,"turns":2}],"seed_played":"4520376714516231142","potions_obtained":[{"floor":5.0,"key":"Ancient Potion"}],"is_trial":false,"path_per_floor":["M","?","M","$","M","R","E","M","T","M","?","?","E","?","R","B",null,"M","M","$","?","?","E"],"character_chosen":"THE_SILENT","items_purchased":["GhostInAJar"],"campfire_rested":1,"item_purchase_floors":[4],"current_hp_per_floor":[48,48,47,47,44,44,10,6,6,2,24,24,11,4,23,13,53,34,18,18,12,12,0],"gold":132,"neow_bonus":"BOSS_RELIC","is_prod":false,"is_daily":false,"chose_seed":false,"campfire_upgraded":1,"win_rate":0,"timestamp":1552323900,"path_taken":["M","?","M","?","M","R","E","?","T","M","?","?","E","?","R","BOSS","M","M","$","?","?","E"],"build_version":"2019-01-23","purchased_purges":2,"victory":false,"max_hp_per_floor":[66,66,66,66,66,66,66,66,66,66,66,66,66,66,66,66,66,66,66,66,66,66,66],"card_choices":[{"not_picked":["Quick Slash","Sucker Punch"],"picked":"Dash","floor":1.0},{"not_picked":["Backflip","Bane"],"picked":"Flying Knee","floor":3.0},{"not_picked":["Flechettes","Reflex","Underhanded Strike"],"picked":"SKIP","floor":5.0},{"not_picked":["Concentrate","Bane"],"picked":"Choke","floor":7.0},{"not_picked":["Blade Dance","Deflect"],"picked":"Corpse Explosion","floor":8.0},{"not_picked":["Dagger Throw","PiercingWail"],"picked":"Slice","floor":10.0},{"not_picked":["Deflect","Masterful Stab"],"picked":"Footwork","floor":13.0},{"not_picked":["A Thousand Cuts","Burst"],"picked":"After Image","floor":16.0},{"not_picked":["Flying Knee","Quick Slash"],"picked":"Noxious Fumes","floor":18.0},{"not_picked":["Deflect","Underhanded Strike"],"picked":"Sucker Punch","floor":19.0}],"player_experience":1267502,"relics_obtained":[{"floor":7.0,"key":"PreservedInsect"},{"floor":7.0,"key":"Darkstone Periapt"},{"floor":9.0,"key":"Happy Flower"},{"floor":13.0,"key":"Bag of Preparation"},{"floor":13.0,"key":"Bottled Lightning"}],"event_choices":[{"damage_healed":0.0,"max_hp_gain":0.0,"max_hp_loss":0.0,"gold_gain":50.0,"event_name":"Golden Shrine","player_choice":"Pray","floor":2.0,"gold_loss":0.0,"damage_taken":0.0},{"damage_healed":22.0,"max_hp_gain":0.0,"max_hp_loss":0.0,"gold_gain":0.0,"event_name":"Big Fish","player_choice":"Banana","floor":11.0,"gold_loss":0.0,"damage_taken":0.0},{"damage_healed":0.0,"max_hp_gain":0.0,"max_hp_loss":0.0,"gold_gain":0.0,"event_name":"Dead Adventurer","player_choice":"Searched \u00270\u0027 times","floor":12.0,"gold_loss":0.0,"damage_taken":0.0},{"cards_removed":["Strike_G"],"damage_healed":0.0,"max_hp_gain":0.0,"max_hp_loss":0.0,"gold_gain":0.0,"event_name":"Golden Wing","player_choice":"Card Removal","floor":14.0,"gold_loss":0.0,"damage_taken":7.0},{"damage_healed":0.0,"max_hp_gain":0.0,"max_hp_loss":0.0,"gold_gain":0.0,"event_name":"Nest","player_choice":"Joined the Cult","floor":21.0,"gold_loss":0.0,"damage_taken":6.0,"cards_obtained":["RitualDagger"]},{"damage_healed":0.0,"max_hp_gain":0.0,"max_hp_loss":0.0,"gold_gain":0.0,"event_name":"Cursed Tome","player_choice":"Ignored","floor":22.0,"gold_loss":0.0,"damage_taken":0.0}],"is_beta":false,"boss_relics":[{"not_picked":["Pandora\u0027s Box","Coffee Dripper"],"picked":"Cursed Key"}],"items_purged_floors":[4,20],"is_endless":false,"potions_floor_spawned":[5,7],"killed_by":"Slavers","ascension_level":20}