{"gold_per_floor":[114,128,128,144,144,144,163,183,207,207,235,235,250,264,264,335,335,355,375,387,97,97,97,131,131,212,224,224,224,224,234,234,234],"floor_reached":33,"playtime":991,"items_purged":["Strike_G"],"score":538,"play_id":"a8816285-d6f5-415d-b0ee-7c87917fa21b","local_time":"20190505203657","is_ascension_mode":true,"campfire_choices":[{"data":"Neutralize","floor":6.0,"key":"SMITH"},{"data":"Endless Agony","floor":10.0,"key":"SMITH"},{"data":"All Out Attack","floor":12.0,"key":"SMITH"},{"data":"Dash","floor":15,"key":"SMITH"},{"floor":23,"key":"REST"},{"data":"Wraith Form v2","floor":25,"key":"SMITH"},{"floor":30,"key":"REST"},{"floor":32,"key":"REST"}],"neow_cost":"NONE","seed_source_timestamp":9948424211300,"circlet_count":0,"master_deck":["AscendersBane","Defend_G","Defend_G+1","Defend_G","Defend_G","Defend_G","Strike_G","Strike_G","Strike_G","Strike_G","Survivor","Neutralize+1","All Out Attack+1","Endless Agony+1","Poisoned Stab","Flying Knee","Deadly Poison+1","Dagger Spray","Cloak And Dagger","Dash+1","Die Die Die","Deflect","Crippling Poison","Poisoned Stab+1","Deflect","Wraith Form v2+1","PiercingWail"],"special_seed":0,"relics":["Ring of the Snake","NeowsBlessing","Omamori","War Paint","Boot","Cursed Key","Orichalcum","Art of War","Gremlin Horn"],"potions_floor_usage":[16,33],"damage_taken":[{"damage":0.0,"enemies":"Cultist","floor":1.0,"turns":1.0},{"damage":0.0,"enemies":"2 Louse","floor":2.0,"turns":1.0},{"damage":0.0,"enemies":"Small Slimes","floor":4.0,"turns":1.0},{"damage":0.0,"enemies":"Looter","floor":7.0,"turns":3.0},{"damage":0.0,"enemies":"Exordium Wildlife","floor":8.0,"turns":2.0},{"damage":8.0,"enemies":"Gremlin Nob","floor":11.0,"turns":3.0},{"damage":0.0,"enemies":"Lots of Slimes","floor":13.0,"turns":1.0},{"damage":0,"enemies":"Looter","floor":14,"turns":3},{"damage":24,"enemies":"Hexaghost","floor":16,"turns":9},{"damage":1,"enemies":"3 Byrds","floor":18,"turns":3},{"damage":10,"enemies":"Chosen","floor":19,"turns":4},{"damage":11,"enemies":"Snecko","floor":20,"turns":6},{"damage":30,"enemies":"Gremlin Leader","floor":24,"turns":8},{"damage":3,"enemies":"3 Cultists","floor":27,"turns":3},{"damage":3,"enemies":"Colosseum Slavers","floor":29,"turns":4},{"damage":0,"enemies":"Snake Plant","floor":31,"turns":4},{"damage":76,"enemies":"Champ","floor":33,"turns":15}],"seed_played":"4722058070428682612","potions_obtained":[{"floor":1.0,"key":"LiquidBronze"},{"floor":2.0,"key":"AttackPotion"},{"floor":7.0,"key":"Dexterity Potion"},{"floor":13.0,"key":"Ancient Potion"},{"floor":14,"key":"Fire Potion"},{"floor":20,"key":"Explosive Potion"}],"is_trial":false,"path_per_floor":["M","M","?","M","?","R","M","M","T","R","E","R","M","M","R","B",null,"M","M","M","$","?","R","E","R","T","M","?","?","R","M","R","B"],"character_chosen":"THE_SILENT","items_purchased":["Orichalcum","Deflect"],"campfire_rested":3,"item_purchase_floors":[21,21],"current_hp_per_floor":[59,59,59,59,59,59,59,59,59,59,51,51,51,51,51,27,56,55,45,34,34,34,53,23,23,23,20,20,17,36,36,55,0],"gold":234,"neow_bonus":"THREE_ENEMY_KILL","is_prod":false,"is_daily":false,"chose_seed":false,"campfire_upgraded":5,"win_rate":0,"timestamp":1557085017,"path_taken":["M","M","?","M","?","R","M","M","T","R","E","R","?","?","R","BOSS","M","M","M","$","?","R","E","R","T","M","?","?","R","M","R","BOSS"],"build_version":"2019-01-23","purchased_purges":1,"victory":false,"max_hp_per_floor":[66,66,66,66,66,66,66,66,66,66,66,66,66,66,66,66,66,66,66,66,66,66,66,66,66,66,66,66,66,66,66,66,66],"card_choices":[{"not_picked":["Flechettes","Choke"],"picked":"All Out Attack","floor":1.0},{"not_picked":["Expertise","Prepared"],"picked":"Endless Agony","floor":2.0},{"not_picked":["Backflip","Setup"],"picked":"Poisoned Stab","floor":4.0},{"not_picked":["Backflip","Deflect"],"picked":"Flying Knee","floor":7.0},{"not_picked":["Leg Sweep","Deflect"],"picked":"Deadly Poison","floor":8.0},{"not_picked":["Choke","Dagger Throw"],"picked":"Dagger Spray","floor":11.0},{"not_picked":["Dodge and Roll","Acrobatics"],"picked":"Cloak And Dagger","floor":13.0},{"not_picked":["Eviscerate","Tools of the Trade"],"picked":"Dash","floor":14},{"not_picked":["Wraith Form v2","Venomology"],"picked":"Die Die Die","floor":16},{"not_picked":["Blade Dance","Choke"],"picked":"Deflect","floor":18},{"not_picked":["Dagger Throw","Bane"],"picked":"Crippling Poison","floor":19},{"not_picked":["Dagger Throw","Prepared"],"picked":"Poisoned Stab+1","floor":20},{"not_picked":["Night Terror","Underhanded Strike"],"picked":"Wraith Form v2","floor":24},{"not_picked":["Calculated Gamble","Infinite Blades"],"picked":"PiercingWail","floor":27},{"not_picked":["Masterful Stab","Accuracy","Dagger Throw"],"picked":"SKIP","floor":31}],"player_experience":1337729,"relics_obtained":[{"floor":9.0,"key":"War Paint"},{"floor":11.0,"key":"Boot"},{"floor":24,"key":"Art of War"},{"floor":26,"key":"Gremlin Horn"}],"event_choices":[{"damage_healed":0.0,"max_hp_gain":0.0,"max_hp_loss":0.0,"gold_gain":0.0,"event_name":"Golden Idol","player_choice":"Ignored","floor":3.0,"gold_loss":0.0,"damage_taken":0.0},{"damage_healed":0.0,"max_hp_gain":0.0,"max_hp_loss":0.0,"gold_gain":0.0,"event_name":"WeMeetAgain","player_choice":"Gave Potion","floor":5.0,"gold_loss":0.0,"damage_taken":0.0,"relics_obtained":["Omamori"]},{"damage_healed":0,"gold_gain":0,"player_choice":"Ignored","damage_taken":0,"max_hp_gain":0,"max_hp_loss":0,"event_name":"Ghosts","floor":22,"gold_loss":0},{"damage_healed":0,"gold_gain":0,"player_choice":"Ignored","damage_taken":0,"max_hp_gain":0,"max_hp_loss":0,"event_name":"Cursed Tome","floor":28,"gold_loss":0},{"damage_healed":0,"gold_gain":0,"player_choice":"Fight","damage_taken":0,"max_hp_gain":0,"max_hp_loss":0,"event_name":"Colosseum","floor":29,"gold_loss":0},{"damage_healed":0,"gold_gain":0,"player_choice":"Fled From Nobs","damage_taken":0,"max_hp_gain":0,"max_hp_loss":0,"event_name":"Colosseum","floor":29,"gold_loss":0}],"is_beta":false,"boss_relics":[{"not_picked":["Eternal Feather","Coffee Dripper"],"picked":"Cursed Key"}],"items_purged_floors":[21],"is_endless":false,"potions_floor_spawned":[1,2,7,13,14,20,31],"killed_by":"Champ","ascension_level":20}