{"gold_per_floor":[111,286,236,6,21,56,56,83,83,83,103,136,136,147,147,243,243,253,267,280,294,15,44,44,70,70,98,298,329,329,343,343,442,442,461,472,472,45,58,58,104,104,104,115,115,148,166,186,186,186],"floor_reached":51,"playtime":5428,"items_purged":[],"score":1090,"play_id":"7e61005e-84d9-476e-af2f-64d88abc5c23","local_time":"20181221172401","is_ascension_mode":true,"campfire_choices":[{"data":"Zap","floor":7.0,"key":"SMITH"},{"data":"Dualcast","floor":10.0,"key":"SMITH"},{"data":"White Noise","floor":13.0,"key":"SMITH"},{"data":"Sunder","floor":15.0,"key":"SMITH"},{"floor":24,"key":"REST"},{"data":"Double Energy","floor":30,"key":"SMITH"},{"data":"Chill","floor":32,"key":"SMITH"},{"floor":40,"key":"REST"},{"data":"Forethought","floor":42,"key":"SMITH"},{"data":"Thunder Strike","floor":49,"key":"SMITH"}],"neow_cost":"NONE","seed_source_timestamp":0,"circlet_count":0,"master_deck":["Zap+1","Dualcast+1","Stack","Glacier","Sunder+1","Self Repair","Compile Driver","Core Surge","FTL","Auto Shields","White Noise+1","Buffer+1","Echo Form+1","Heatsinks+1","Thunder Strike+1","Tempest","Storm+1","Conserve Battery","Thunder Strike","Conserve Battery","Aggregate","Gash","BootSequence","FTL","White Noise+1","Chill+1","Self Repair+1","FTL","Self Repair+1","Self Repair+1","Double Energy+1","White Noise+1","BootSequence+1","Seek","Gash+1","Madness","Madness","FTL","Forethought+1","Glacier+1","Machine Learning+1","Defragment+1","Self Repair+1","Force Field+1","Defragment+1"],"special_seed":0,"relics":["Cracked Core","NeowsBlessing","WingedGreaves","Gremlin Horn","Letter Opener","Frozen Egg 2","Pandora\u0027s Box","Bottled Lightning","Omamori","Sundial","Potion Belt","Anchor","Philosopher\u0027s Stone","HandDrill","Calipers","Blue Candle","Emotion Chip","Ginger"],"potions_floor_usage":[18,19,20,23,27,33,33,39,41,50,50,50,50,50],"damage_taken":[{"damage":0.0,"enemies":"2 Louse","floor":1.0,"turns":1.0},{"damage":0.0,"enemies":"Small Slimes","floor":5.0,"turns":1.0},{"damage":0.0,"enemies":"Lagavulin","floor":6.0,"turns":1.0},{"damage":13.0,"enemies":"Gremlin Nob","floor":8.0,"turns":4.0},{"damage":0.0,"enemies":"Jaw Worm","floor":11.0,"turns":1.0},{"damage":5.0,"enemies":"3 Sentries","floor":12.0,"turns":5.0},{"damage":0.0,"enemies":"Lots of Slimes","floor":14.0,"turns":2.0},{"damage":0.0,"enemies":"Slime Boss","floor":16.0,"turns":7.0},{"damage":18,"enemies":"Spheric Guardian","floor":18,"turns":4},{"damage":0,"enemies":"Chosen","floor":19,"turns":3},{"damage":0,"enemies":"Snecko","floor":20,"turns":4},{"damage":22,"enemies":"Sentry and Sphere","floor":21,"turns":5},{"damage":30,"enemies":"Book of Stabbing","floor":23,"turns":4},{"damage":0,"enemies":"Gremlin Leader","floor":25,"turns":3},{"damage":39,"enemies":"Slavers","floor":27,"turns":4},{"damage":25,"enemies":"Book of Stabbing","floor":29,"turns":4},{"damage":4,"enemies":"Snake Plant","floor":31,"turns":3},{"damage":3,"enemies":"Automaton","floor":33,"turns":8},{"damage":9,"enemies":"3 Shapes","floor":35,"turns":3},{"damage":0,"enemies":"Orb Walker","floor":36,"turns":3},{"damage":53,"enemies":"Writhing Mass","floor":39,"turns":4},{"damage":0,"enemies":"2 Orb Walkers","floor":41,"turns":5},{"damage":15,"enemies":"Maw","floor":44,"turns":6},{"damage":3,"enemies":"Nemesis","floor":46,"turns":5},{"damage":0,"enemies":"Transient","floor":47,"turns":5},{"damage":0,"enemies":"Jaw Worm Horde","floor":48,"turns":3},{"damage":38,"enemies":"Awakened One","floor":50,"turns":6}],"seed_played":"1479238006553267009","potions_obtained":[{"floor":6.0,"key":"Block Potion"},{"floor":12.0,"key":"SpeedPotion"},{"floor":14.0,"key":"Regen Potion"},{"floor":16.0,"key":"GamblersBrew"},{"floor":18,"key":"GamblersBrew"},{"floor":20,"key":"Poison Potion"},{"floor":27,"key":"FocusPotion"},{"floor":31,"key":"PowerPotion"},{"floor":33,"key":"Strength Potion"},{"floor":41,"key":"FocusPotion"},{"floor":44,"key":"PowerPotion"},{"floor":46,"key":"Block Potion"},{"floor":47,"key":"Swift Potion"}],"is_trial":false,"path_per_floor":["M","?","?","$","M","E","R","E","T","R","M","E","R","M","R","B",null,"M","M","M","M","$","E","R","E","T","E","?","E","R","M","R","B",null,"M","M","?","$","M","R","?","R","T","M","T","E","M","M","R","B",null],"character_chosen":"DEFECT","items_purchased":["Glacier","Sunder","Self Repair","PowerPotion","Chill","Self Repair+1","FTL","GamblersBrew","HandDrill","FTL","Forethought","Fire Potion","Block Potion"],"campfire_rested":2,"item_purchase_floors":[4,4,4,4,22,22,22,22,38,38,38,38,38],"current_hp_per_floor":[75,75,75,75,75,75,75,69,69,69,69,71,71,75,75,75,75,64,73,75,60,60,47,69,75,75,73,73,68,68,75,75,75,75,75,75,66,66,30,52,75,75,75,75,75,75,75,75,75,75],"gold":186,"neow_bonus":"THREE_ENEMY_KILL","is_prod":false,"is_daily":false,"chose_seed":false,"campfire_upgraded":8,"win_rate":0,"timestamp":1545431041,"path_taken":["M","?","?","?","M","E","R","E","T","R","M","E","R","M","R","BOSS","M","M","M","M","?","E","R","E","T","E","?","E","R","?","R","BOSS","M","M","?","$","M","R","?","R","T","M","?","E","M","M","R","BOSS"],"build_version":"2018-12-20","purchased_purges":0,"victory":true,"max_hp_per_floor":[75,75,75,75,75,75,75,75,75,75,75,75,75,75,75,75,75,75,75,75,75,75,75,75,75,75,75,75,75,75,75,75,75,75,75,75,75,75,75,75,75,75,75,75,75,75,75,75,75,75],"card_choices":[{"not_picked":["Rebound","Redo"],"picked":"Stack","floor":1.0},{"not_picked":["Gash","Sweeping Beam"],"picked":"Compile Driver","floor":5.0},{"not_picked":["Recycle","Leap"],"picked":"Core Surge","floor":6.0},{"not_picked":["Multi-Cast","Go for the Eyes"],"picked":"FTL","floor":8.0},{"not_picked":["Redo","Streamline"],"picked":"Auto Shields","floor":11.0},{"not_picked":["Redo","Beam Cell"],"picked":"White Noise","floor":12.0},{"not_picked":["Coolheaded","Static Discharge+1"],"picked":"Buffer+1","floor":14.0},{"not_picked":["Electrodynamics+1","Machine Learning+1"],"picked":"Echo Form+1","floor":16.0},{"not_picked":["Fusion","Rebound+1"],"picked":"Gash","floor":18},{"not_picked":["Heatsinks+1","Ball Lightning"],"picked":"BootSequence","floor":19},{"not_picked":["Undo+1","Gash"],"picked":"FTL","floor":20},{"not_picked":["Compile Driver+1","Steam Power"],"picked":"White Noise+1","floor":21},{"not_picked":["Streamline","Beam Cell"],"picked":"Self Repair+1","floor":23},{"not_picked":["Ball Lightning+1","Thunder Strike"],"picked":"Self Repair+1","floor":25},{"not_picked":["Auto Shields","Darkness"],"picked":"Double Energy","floor":27},{"not_picked":["Stack","Recycle"],"picked":"White Noise+1","floor":29},{"not_picked":["Reprogram+1","Gash"],"picked":"BootSequence+1","floor":31},{"not_picked":["Amplify","Fission"],"picked":"Seek","floor":33},{"not_picked":["Compile Driver","Rebound+1"],"picked":"Gash+1","floor":35},{"not_picked":["Turbo","Leap","White Noise"],"picked":"SKIP","floor":36},{"not_picked":["Gash+1","White Noise"],"picked":"Glacier+1","floor":39},{"not_picked":["Streamline","Redo"],"picked":"Machine Learning+1","floor":41},{"not_picked":["Barrage","Rebound+1"],"picked":"Defragment+1","floor":44},{"not_picked":["Streamline+1","Steam Power"],"picked":"Self Repair+1","floor":46},{"not_picked":["Doom and Gloom+1","Beam Cell+1"],"picked":"Force Field+1","floor":47},{"not_picked":["Doom and Gloom+1","Coolheaded"],"picked":"Defragment+1","floor":48}],"player_experience":325252,"relics_obtained":[{"floor":6.0,"key":"WingedGreaves"},{"floor":8.0,"key":"Gremlin Horn"},{"floor":9.0,"key":"Letter Opener"},{"floor":12.0,"key":"Frozen Egg 2"},{"floor":23,"key":"Bottled Lightning"},{"floor":25,"key":"Omamori"},{"floor":26,"key":"Sundial"},{"floor":27,"key":"Potion Belt"},{"floor":29,"key":"Anchor"},{"floor":41,"key":"Calipers"},{"floor":43,"key":"Blue Candle"},{"floor":45,"key":"Emotion Chip"},{"floor":46,"key":"Ginger"}],"event_choices":[{"damage_healed":0.0,"max_hp_gain":0.0,"max_hp_loss":0.0,"gold_gain":175.0,"event_name":"Liars Game","player_choice":"AGREE","floor":2.0,"gold_loss":0.0,"damage_taken":0.0,"cards_obtained":["Doubt"]},{"cards_removed":["Doubt"],"damage_healed":0.0,"max_hp_gain":0.0,"max_hp_loss":0.0,"gold_gain":0.0,"event_name":"The Cleric","player_choice":"Card Removal","floor":3.0,"gold_loss":50.0,"damage_taken":0.0},{"damage_healed":0,"gold_gain":200,"player_choice":"Gold","damage_taken":0,"max_hp_gain":0,"max_hp_loss":0,"event_name":"Wheel of Change","floor":28,"gold_loss":0},{"damage_healed":0,"gold_gain":0,"player_choice":"Embrace Madness","damage_taken":9,"max_hp_gain":0,"max_hp_loss":0,"event_name":"Winding Halls","floor":37,"gold_loss":0,"cards_obtained":["Madness","Madness"]},{"damage_healed":0,"gold_gain":0,"player_choice":"Fight","damage_taken":0,"max_hp_gain":0,"max_hp_loss":0,"event_name":"Mysterious Sphere","floor":41,"gold_loss":0}],"is_beta":true,"boss_relics":[{"not_picked":["Tiny House","Busted Crown"],"picked":"Pandora\u0027s Box"},{"not_picked":["Runic Pyramid","Eternal Feather"],"picked":"Philosopher\u0027s Stone"}],"items_purged_floors":[],"is_endless":false,"potions_floor_spawned":[6,12,14,16,18,20,27,31,33,41,44,46,47],"ascension_level":4}