{"gold_per_floor":[117,42,57,57,73,106,106,138,207,217,236,236,206,226,226,328,328,347,55,67,87,106,138,138,151,225,239,239,239,251,264,264,365,365,382,396,414,426,196,223,223],"floor_reached":41,"playtime":3423,"items_purged":["Strike_B","Strike_B","Streamline"],"score":461,"play_id":"7ffa3481-a678-4542-8902-fc9c33bebbcd","local_time":"20190408174643","is_ascension_mode":false,"campfire_choices":[{"data":"Dualcast","floor":7,"key":"SMITH"},{"floor":12,"key":"REST"},{"floor":15,"key":"REST"},{"data":"Storm","floor":24,"key":"SMITH"},{"floor":28,"key":"REST"},{"floor":32,"key":"REST"}],"neow_cost":"NONE","seed_source_timestamp":183978603068662,"circlet_count":0,"master_deck":["Strike_B","Strike_B","Defend_B","Defend_B","Defend_B","Defend_B","Zap","Dualcast+1","Multi-Cast","Gash","Chill","Cold Snap","Capacitor","Fusion","Cold Snap","Glacier","Self Repair","Machine Learning","Sweeping Beam","Storm+1","White Noise+1","Streamline","Leap","Electrodynamics","Beam Cell+1","Static Discharge+1","Heatsinks","Heatsinks+1","Consume"],"relics":["Cracked Core","Incense Burner","Anchor","Mummified Hand","Velvet Choker","Membership Card","Lantern","Bottled Flame","Cursed Key","Frozen Egg 2","Prayer Wheel"],"potions_floor_usage":[6,22,23,23,31,33,33,37,41],"damage_taken":[{"damage":1,"enemies":"Cultist","floor":1,"turns":4},{"damage":0,"enemies":"2 Louse","floor":3,"turns":1},{"damage":1,"enemies":"Small Slimes","floor":5,"turns":4},{"damage":35,"enemies":"Gremlin Nob","floor":6,"turns":6},{"damage":36,"enemies":"Lagavulin","floor":8,"turns":11},{"damage":1,"enemies":"3 Louse","floor":10,"turns":5},{"damage":0,"enemies":"Lots of Slimes","floor":11,"turns":5},{"damage":0,"enemies":"Looter","floor":13,"turns":4},{"damage":0,"enemies":"Blue Slaver","floor":14,"turns":5},{"damage":24,"enemies":"Slime Boss","floor":16,"turns":10},{"damage":0,"enemies":"3 Byrds","floor":18,"turns":8},{"damage":12,"enemies":"Chosen","floor":20,"turns":6},{"damage":12,"enemies":"3 Cultists","floor":21,"turns":6},{"damage":20,"enemies":"Shelled Parasite and Fungi","floor":22,"turns":7},{"damage":6,"enemies":"Gremlin Leader","floor":23,"turns":10},{"damage":18,"enemies":"Centurion and Healer","floor":25,"turns":8},{"damage":1,"enemies":"Cultist and Chosen","floor":27,"turns":5},{"damage":20,"enemies":"Snake Plant","floor":30,"turns":4},{"damage":40,"enemies":"3 Cultists","floor":31,"turns":6},{"damage":45,"enemies":"Champ","floor":33,"turns":19},{"damage":22,"enemies":"3 Darklings","floor":35,"turns":4},{"damage":0,"enemies":"3 Shapes","floor":36,"turns":4},{"damage":1,"enemies":"3 Darklings","floor":37,"turns":5},{"damage":9,"enemies":"Jaw Worm Horde","floor":38,"turns":4},{"damage":10,"enemies":"Reptomancer","floor":40,"turns":4},{"damage":61,"enemies":"2 Orb Walkers","floor":41,"turns":3}],"seed_played":"-6887601376685413010","potions_obtained":[{"floor":5,"key":"Energy Potion"},{"floor":8,"key":"EssenceOfSteel"},{"floor":10,"key":"FocusPotion"},{"floor":16,"key":"EssenceOfSteel"},{"floor":20,"key":"FocusPotion"},{"floor":23,"key":"SkillPotion"},{"floor":25,"key":"GamblersBrew"},{"floor":30,"key":"EssenceOfSteel"},{"floor":36,"key":"SkillPotion"},{"floor":40,"key":"Explosive Potion"}],"is_trial":false,"path_per_floor":["M","$","M","?","M","E","R","E","T","M","M","R","M","M","R","B",null,"M","$","M","M","M","E","R","M","T","M","R","?","M","M","R","B",null,"M","M","M","M","$","E","?"],"character_chosen":"DEFECT","items_purchased":["Membership Card","Storm","Frozen Egg 2","Heatsinks+1"],"campfire_rested":4,"item_purchase_floors":[19,19,39,39],"current_hp_per_floor":[74,74,74,74,73,38,38,2,2,1,1,23,23,23,45,28,75,75,75,70,65,52,53,53,42,42,48,70,70,57,24,46,8,75,60,60,66,64,64,61,0],"gold":223,"neow_bonus":"ONE_RANDOM_RARE_CARD","is_prod":false,"is_daily":false,"chose_seed":false,"campfire_upgraded":2,"win_rate":0.0,"timestamp":1554742003,"path_taken":["M","?","?","?","M","E","R","E","T","M","M","R","M","M","R","BOSS","M","$","M","M","M","E","R","M","T","M","R","?","M","M","R","BOSS","M","M","M","M","$","E","?"],"build_version":"2019-01-23","purchased_purges":3,"victory":false,"max_hp_per_floor":[75,75,75,75,75,75,75,75,75,75,75,75,75,75,75,75,75,75,75,75,75,75,75,75,75,75,75,75,75,75,75,75,75,75,75,75,75,75,75,75,75],"card_choices":[{"not_picked":["Stack","Compile Driver"],"picked":"Gash","floor":1},{"not_picked":["Reprogram","Go for the Eyes"],"picked":"Chill","floor":3},{"not_picked":["Coolheaded","Machine Learning"],"picked":"Cold Snap","floor":5},{"not_picked":["Beam Cell","Ball Lightning"],"picked":"Capacitor","floor":6},{"not_picked":["Leap","Loop"],"picked":"Fusion","floor":8},{"not_picked":["Aggregate","Barrage"],"picked":"Cold Snap","floor":10},{"not_picked":["Steam","Reinforced Body"],"picked":"Glacier","floor":11},{"not_picked":["Stack","Redo"],"picked":"Streamline","floor":13},{"not_picked":["Go for the Eyes","Capacitor"],"picked":"Self Repair","floor":14},{"not_picked":["Creative AI","Amplify"],"picked":"Machine Learning","floor":16},{"not_picked":["Hologram","Coolheaded"],"picked":"Sweeping Beam","floor":18},{"not_picked":["Sweeping Beam","Coolheaded","Aggregate"],"picked":"SKIP","floor":20},{"not_picked":["Skim","Chaos","Beam Cell"],"picked":"SKIP","floor":21},{"not_picked":["Coolheaded","Sweeping Beam+1","Redo"],"picked":"SKIP","floor":22},{"not_picked":["Hologram+1","Machine Learning"],"picked":"White Noise+1","floor":23},{"not_picked":["Conserve Battery","Sweeping Beam"],"picked":"Streamline","floor":25},{"not_picked":["Compile Driver","Streamline","Stack"],"picked":"SKIP","floor":27},{"not_picked":["Go for the Eyes","Steam"],"picked":"Leap","floor":30},{"not_picked":["Buffer","Chill","Go for the Eyes"],"picked":"SKIP","floor":31},{"not_picked":["Amplify","Fission"],"picked":"Electrodynamics","floor":33},{"not_picked":["Glacier","Sweeping Beam+1"],"picked":"Beam Cell+1","floor":35},{"not_picked":["Barrage","Electrodynamics"],"picked":"Static Discharge+1","floor":36},{"not_picked":["Darkness","Steam Power","Glacier+1"],"picked":"SKIP","floor":37},{"not_picked":["Conserve Battery+1","Force Field+1"],"picked":"Heatsinks","floor":38},{"not_picked":["Hologram","Static Discharge+1"],"picked":"Consume","floor":40}],"player_experience":162475,"relics_obtained":[{"floor":6,"key":"Incense Burner"},{"floor":8,"key":"Anchor"},{"floor":9,"key":"Mummified Hand"},{"floor":23,"key":"Lantern"},{"floor":26,"key":"Bottled Flame"},{"floor":40,"key":"Prayer Wheel"}],"event_choices":[{"damage_healed":0,"gold_gain":0,"player_choice":"Ignored","damage_taken":0,"max_hp_gain":0,"max_hp_loss":0,"event_name":"Liars Game","floor":4,"gold_loss":0},{"damage_healed":0,"gold_gain":0,"player_choice":"Ignored","damage_taken":0,"max_hp_gain":0,"max_hp_loss":0,"event_name":"Vampires","floor":29,"gold_loss":0},{"damage_healed":0,"gold_gain":0,"player_choice":"Fight","damage_taken":0,"max_hp_gain":0,"max_hp_loss":0,"event_name":"Mysterious Sphere","floor":41,"gold_loss":0}],"is_beta":false,"boss_relics":[{"not_picked":["Lizard Tail","Inserter"],"picked":"Velvet Choker"},{"not_picked":["Astrolabe","Calling Bell"],"picked":"Cursed Key"}],"items_purged_floors":[2,19,39],"is_endless":false,"potions_floor_spawned":[5,8,10,16,20,23,25,30,36,40],"killed_by":"2 Orb Walkers","ascension_level":0}