{"gold_per_floor":[112,37,37,37,312,342,353,353,376,376,386,386,397,409,409,487,487,505,517,374,374,374,374,387,387,387,387,399,197,230,230,230,230],"floor_reached":33,"playtime":1007,"items_purged":["Strike_G","Strike_G","Regret"],"score":576,"play_id":"1fb58a58-c076-476c-8fbf-25d9145eeaa2","local_time":"20190119145443","is_ascension_mode":true,"campfire_choices":[{"data":"Neutralize","floor":8.0,"key":"SMITH"},{"floor":10.0,"key":"REST"},{"data":"Masterful Stab","floor":12.0,"key":"SMITH"},{"data":"Bouncing Flask","floor":15.0,"key":"SMITH"},{"data":"Adrenaline","floor":23.0,"key":"SMITH"},{"data":"Dodge and Roll","floor":25.0,"key":"SMITH"},{"floor":27.0,"key":"REST"},{"floor":32.0,"key":"REST"}],"neow_cost":"NONE","seed_source_timestamp":0,"circlet_count":0,"master_deck":["AscendersBane","Defend_G+1","Defend_G+1","Defend_G+1","Defend_G+1","Defend_G+1","Strike_G+1","Strike_G+1","Survivor","Neutralize+1","Masterful Stab+1","Bouncing Flask+1","Backstab+1","Acrobatics","Endless Agony+1","Slice+1","Adrenaline+1","Dodge and Roll+1","PiercingWail","Predator+1","Deadly Poison","Underhanded Strike+1","Noxious Fumes","Caltrops"],"special_seed":0,"relics":["Ring of the Snake","NeowsBlessing","Molten Egg 2","Orichalcum","Sozu","Bottled Flame","Bottled Lightning","Letter Opener"],"potions_floor_usage":[33],"damage_taken":[{"damage":0.0,"enemies":"Small Slimes","floor":1.0,"turns":1.0},{"damage":0.0,"enemies":"Lagavulin","floor":6.0,"turns":1.0},{"damage":0.0,"enemies":"Cultist","floor":7.0,"turns":1.0},{"damage":0.0,"enemies":"Jaw Worm","floor":11.0,"turns":3.0},{"damage":5.0,"enemies":"Exordium Wildlife","floor":13.0,"turns":4.0},{"damage":1.0,"enemies":"Looter","floor":14.0,"turns":3.0},{"damage":33.0,"enemies":"The Guardian","floor":16.0,"turns":9.0},{"damage":5.0,"enemies":"Shell Parasite","floor":18.0,"turns":4.0},{"damage":3.0,"enemies":"Chosen","floor":19.0,"turns":3.0},{"damage":14.0,"enemies":"Snecko","floor":24.0,"turns":4.0},{"damage":0.0,"enemies":"3 Cultists","floor":28.0,"turns":5.0},{"damage":22.0,"enemies":"Book of Stabbing","floor":30.0,"turns":6.0},{"damage":59,"enemies":"Automaton","floor":33,"turns":10}],"seed_played":"-2437252608998138082","potions_obtained":[{"floor":1.0,"key":"Ancient Potion"},{"floor":11.0,"key":"PowerPotion"}],"is_trial":false,"path_per_floor":["M","$","?","?","?","E","M","R","T","R","M","R","M","M","R","B",null,"M","M","$","T","?","R","M","R","T","R","M","$","E","$","R","B"],"character_chosen":"THE_SILENT","items_purchased":["Predator+1","Noxious Fumes"],"campfire_rested":3,"item_purchase_floors":[20,29],"current_hp_per_floor":[59,59,39,32,32,32,32,32,32,51,51,51,46,45,45,12,53,48,45,45,45,45,45,31,31,31,50,50,50,28,28,47,0],"gold":230,"neow_bonus":"THREE_ENEMY_KILL","is_prod":false,"is_daily":false,"chose_seed":false,"campfire_upgraded":5,"win_rate":0,"timestamp":1547909683,"path_taken":["M","$","?","?","?","E","?","R","T","R","M","R","M","M","R","BOSS","M","?","$","?","?","R","M","R","T","R","M","$","E","?","R","BOSS"],"build_version":"2019-01-17v2","purchased_purges":3,"victory":false,"max_hp_per_floor":[66,66,66,66,66,66,66,66,66,66,66,66,66,66,66,66,66,66,66,66,66,66,66,66,66,66,66,66,66,66,66,66,66],"card_choices":[{"not_picked":["Deflect","Catalyst"],"picked":"Masterful Stab","floor":1.0},{"not_picked":["Phantasmal Killer","Accuracy"],"picked":"Bouncing Flask","floor":6.0},{"not_picked":["Blade Dance","Escape Plan"],"picked":"Backstab+1","floor":7.0},{"not_picked":["Reflex","Outmaneuver"],"picked":"Acrobatics","floor":11.0},{"not_picked":["Dagger Spray+1","Accuracy"],"picked":"Endless Agony+1","floor":13.0},{"not_picked":["Crippling Poison","Setup"],"picked":"Slice+1","floor":14.0},{"not_picked":["Tools of the Trade","Phantasmal Killer"],"picked":"Adrenaline","floor":16.0},{"not_picked":["Poisoned Stab+1","Expertise"],"picked":"Dodge and Roll","floor":18.0},{"not_picked":["Outmaneuver","Blade Dance"],"picked":"PiercingWail","floor":19.0},{"not_picked":["Outmaneuver","Distraction"],"picked":"Deadly Poison","floor":24.0},{"not_picked":["Outmaneuver","Expertise"],"picked":"Underhanded Strike+1","floor":28.0},{"not_picked":["Underhanded Strike+1","Quick Slash+1"],"picked":"Caltrops","floor":30.0}],"player_experience":1152353,"relics_obtained":[{"floor":6.0,"key":"Molten Egg 2"},{"floor":9.0,"key":"Orichalcum"},{"floor":21.0,"key":"Bottled Flame"},{"floor":26.0,"key":"Bottled Lightning"},{"floor":30.0,"key":"Letter Opener"}],"event_choices":[{"damage_healed":0.0,"max_hp_gain":0.0,"max_hp_loss":0.0,"gold_gain":0.0,"event_name":"Shining Light","player_choice":"Entered Light","floor":3.0,"gold_loss":0.0,"damage_taken":20.0,"cards_upgraded":["Strike_G","Strike_G"]},{"cards_removed":["Strike_G"],"damage_healed":0.0,"max_hp_gain":0.0,"max_hp_loss":0.0,"gold_gain":0.0,"event_name":"Golden Wing","player_choice":"Card Removal","floor":4.0,"gold_loss":0.0,"damage_taken":7.0},{"damage_healed":0.0,"max_hp_gain":0.0,"max_hp_loss":0.0,"gold_gain":275.0,"event_name":"Golden Shrine","player_choice":"Desecrate","floor":5.0,"gold_loss":0.0,"damage_taken":0.0,"cards_obtained":["Regret"]},{"damage_healed":0.0,"max_hp_gain":0.0,"max_hp_loss":0.0,"gold_gain":0.0,"event_name":"Back to Basics","player_choice":"Simplicity","floor":22.0,"gold_loss":0.0,"damage_taken":0.0,"cards_upgraded":["Defend_G","Defend_G","Defend_G","Defend_G","Defend_G"]}],"is_beta":false,"boss_relics":[{"not_picked":["Runic Pyramid","Philosopher\u0027s Stone"],"picked":"Sozu"}],"items_purged_floors":[2,20,29],"is_endless":false,"potions_floor_spawned":[1,11,14,16,28],"killed_by":"Automaton","ascension_level":20}