{"gold_per_floor":[110,35,35,48,68,87,87,106,106,106,106,116,16,50,50,50],"floor_reached":16,"playtime":293,"items_purged":["Strike_R","Defend_R"],"score":102,"play_id":"2dcd3adb-396e-4593-83de-2dcfeeeec7ec","local_time":"20190522111104","is_ascension_mode":false,"campfire_choices":[{"data":"Bash","floor":7,"key":"SMITH"},{"data":"Seeing Red","floor":10,"key":"SMITH"},{"floor":15,"key":"REST"}],"neow_cost":"NONE","seed_source_timestamp":512884811693050,"circlet_count":0,"master_deck":["Strike_R","Strike_R","Strike_R","Defend_R+1","Defend_R","Defend_R+1","Bash+1","Seeing Red+1"],"relics":["Burning Blood","NeowsBlessing","Dream Catcher","War Paint"],"potions_floor_usage":[16,16],"damage_taken":[{"damage":0,"enemies":"Cultist","floor":1,"turns":1},{"damage":0,"enemies":"Small Slimes","floor":4,"turns":1},{"damage":0,"enemies":"2 Louse","floor":5,"turns":1},{"damage":13,"enemies":"Large Slime","floor":6,"turns":6},{"damage":17,"enemies":"Lots of Slimes","floor":8,"turns":7},{"damage":4,"enemies":"Blue Slaver","floor":12,"turns":3},{"damage":49,"enemies":"Lagavulin","floor":14,"turns":6},{"damage":55,"enemies":"Slime Boss","floor":16,"turns":8}],"seed_played":"-2873979361463158889","potions_obtained":[{"floor":8,"key":"LiquidBronze"},{"floor":14,"key":"Strength Potion"}],"is_trial":false,"path_per_floor":["M","$","?","M","M","M","R","M","T","R","?","M","$","E","R","B"],"character_chosen":"IRONCLAD","items_purchased":[],"campfire_rested":1,"item_purchase_floors":[],"current_hp_per_floor":[80,80,80,80,80,73,73,62,62,62,67,69,69,26,51,0],"gold":50,"neow_bonus":"THREE_ENEMY_KILL","is_prod":false,"is_daily":false,"chose_seed":false,"campfire_upgraded":2,"win_rate":0,"timestamp":1558494664,"path_taken":["M","?","?","M","?","M","R","M","T","R","?","M","$","E","R","BOSS"],"build_version":"2019-01-23","purchased_purges":2,"victory":false,"max_hp_per_floor":[80,80,80,80,80,80,80,80,80,80,85,85,85,85,85,85],"card_choices":[{"not_picked":["Headbutt","Rampage","Heavy Blade"],"picked":"SKIP","floor":1},{"not_picked":["True Grit","Second Wind","Sentinel"],"picked":"SKIP","floor":4},{"not_picked":["Blood for Blood","Sword Boomerang","Metallicize"],"picked":"SKIP","floor":5},{"not_picked":["Body Slam","Thunderclap","Second Wind"],"picked":"SKIP","floor":6},{"not_picked":["Metallicize","Flex","Sword Boomerang"],"picked":"SKIP","floor":8},{"not_picked":["Uppercut","Infernal Blade","Wild Strike"],"picked":"SKIP","floor":12},{"not_picked":["Exhume","Thunderclap","Rampage"],"picked":"SKIP","floor":14}],"player_experience":564284,"relics_obtained":[{"floor":9,"key":"Dream Catcher"},{"floor":14,"key":"War Paint"}],"event_choices":[{"damage_healed":0,"gold_gain":0,"cards_transformed":["Strike_R"],"player_choice":"Transformed","damage_taken":0,"max_hp_gain":0,"max_hp_loss":0,"event_name":"Transmorgrifier","floor":3,"gold_loss":0,"cards_obtained":["Seeing Red"]},{"damage_healed":0,"gold_gain":0,"player_choice":"Donut","damage_taken":0,"max_hp_gain":5,"max_hp_loss":0,"event_name":"Big Fish","floor":11,"gold_loss":0}],"is_beta":false,"boss_relics":[],"items_purged_floors":[2,13],"is_endless":false,"potions_floor_spawned":[8,14],"killed_by":"Slime Boss","ascension_level":0}