{"gold_per_floor":[110,125,200,200,47,76,94,124,178,196,196,196,223,74,74,74],"floor_reached":16,"playtime":756,"items_purged":["Regret","Defend_G"],"score":143,"play_id":"3c1617be-1d0b-412b-8306-f7b2de010e35","local_time":"20181114181810","is_ascension_mode":false,"campfire_choices":[{"floor":12,"key":"REST"},{"data":"Neutralize","floor":15,"key":"SMITH"}],"neow_cost":"NONE","seed_source_timestamp":1228083123715,"circlet_count":0,"master_deck":["Defend_G","Defend_G","Defend_G","Defend_G","Strike_G","Strike_G","Strike_G","Strike_G","Strike_G","Survivor","Neutralize+1","Deflect","Dodge and Roll","Footwork","Footwork","Dagger Spray","Blur","Dagger Spray"],"relics":["Ring of the Snake","NeowsBlessing","Ornamental Fan","Ancient Tea Set","Pantograph","Vajra","Prayer Wheel"],"potions_floor_usage":[13,16],"damage_taken":[{"damage":0,"enemies":"Small Slimes","floor":1,"turns":1},{"damage":0,"enemies":"2 Louse","floor":2,"turns":1},{"damage":0,"enemies":"Gremlin Nob","floor":6,"turns":1},{"damage":5,"enemies":"Jaw Worm","floor":7,"turns":8},{"damage":23,"enemies":"3 Sentries","floor":8,"turns":21},{"damage":5,"enemies":"Lots of Slimes","floor":10,"turns":6},{"damage":12,"enemies":"Gremlin Nob","floor":13,"turns":6},{"damage":63,"enemies":"Hexaghost","floor":16,"turns":19}],"seed_played":"3715438031098085439","potions_obtained":[{"floor":6,"key":"Ancient Potion"},{"floor":7,"key":"Weak Potion"},{"floor":10,"key":"Dexterity Potion"}],"is_trial":false,"path_per_floor":["M","M","?","?","$","E","M","E","T","M","?","R","E","$","R","B"],"character_chosen":"THE_SILENT","items_purchased":["Footwork","Dagger Spray"],"campfire_rested":1,"item_purchase_floors":[5,14],"current_hp_per_floor":[70,70,59,59,59,59,54,31,31,26,26,47,35,35,35,0],"gold":74,"neow_bonus":"THREE_ENEMY_KILL","is_prod":false,"is_daily":false,"chose_seed":false,"campfire_upgraded":1,"win_rate":0,"timestamp":1542219490,"path_taken":["M","M","?","?","$","E","M","E","T","M","?","R","E","$","R","BOSS"],"build_version":"2018-11-13","purchased_purges":2,"victory":false,"max_hp_per_floor":[70,70,70,70,70,70,70,70,70,70,70,70,70,70,70,70],"card_choices":[{"not_picked":["Dagger Spray","Catalyst"],"picked":"Deflect","floor":1},{"not_picked":["Prepared","Bane"],"picked":"Dodge and Roll","floor":2},{"not_picked":["PiercingWail","Heel Hook","Catalyst"],"picked":"SKIP","floor":6},{"not_picked":["Slice","Flying Knee"],"picked":"Footwork","floor":7},{"not_picked":["Calculated Gamble","Acrobatics","Deflect"],"picked":"SKIP","floor":8},{"not_picked":["Deflect","Burst"],"picked":"Dagger Spray","floor":10},{"not_picked":["Bane","Sucker Punch"],"picked":"Blur","floor":13}],"player_experience":167497,"relics_obtained":[{"floor":6,"key":"Ancient Tea Set"},{"floor":8,"key":"Pantograph"},{"floor":9,"key":"Vajra"},{"floor":13,"key":"Prayer Wheel"}],"event_choices":[{"damage_healed":0,"gold_gain":75,"player_choice":"Gather Gold","damage_taken":11,"max_hp_gain":0,"max_hp_loss":0,"event_name":"World of Goop","floor":3,"gold_loss":0},{"damage_healed":0,"gold_gain":0,"player_choice":"Box","damage_taken":0,"relics_obtained":["Ornamental Fan"],"max_hp_gain":0,"max_hp_loss":0,"event_name":"Big Fish","floor":4,"gold_loss":0,"cards_obtained":["Regret"]},{"damage_healed":0,"gold_gain":0,"player_choice":"Ignored","damage_taken":0,"max_hp_gain":0,"max_hp_loss":0,"event_name":"Shining Light","floor":11,"gold_loss":0}],"is_beta":true,"boss_relics":[],"items_purged_floors":[5,14],"is_endless":false,"potions_floor_spawned":[6,7,10],"killed_by":"Hexaghost","ascension_level":0}