{"gold_per_floor":[115,115,134,152,165,193,193,219,287,337,399,399,418,429,429,528,528,542,592,602,751,764,797,797,812,812,876,901,49,99,115,115,215,215,230,230],"floor_reached":36,"playtime":4297,"items_purged":["Strike_B"],"score":501,"play_id":"3d1f55b8-cf83-4e5a-8a33-17f9502d9016","local_time":"20181027174639","is_ascension_mode":false,"campfire_choices":[{"data":"Static Discharge","floor":12,"key":"SMITH"},{"data":"Static Discharge","floor":15,"key":"SMITH"},{"data":"Defragment","floor":24,"key":"SMITH"},{"floor":32,"key":"REST"}],"neow_cost":"NONE","seed_source_timestamp":162313475497124,"circlet_count":0,"master_deck":["Strike_B","Strike_B+1","Strike_B","Defend_B","Defend_B","Defend_B+1","Defend_B","Zap","Dualcast","Conserve Battery","BootSequence","FTL","Static Discharge+1","Reprogram","Doom and Gloom","Chaos","Static Discharge+1","Buffer","Streamline","Go for the Eyes","Hologram","Force Field","Melter","Multi-Cast","Defragment+1","Streamline+1","BootSequence","Streamline+1","Defragment+1","Genetic Algorithm+1","Reprogram","Thunder Strike+1","Apotheosis","Melter+1","Creative AI","Chill+1"],"relics":["Cracked Core","PreservedInsect","SsserpentHead","Gambling Chip","Mummified Hand","Tiny Chest","Orrery","Pen Nib","Molten Egg 2","Kunai","Sling","Juzu Bracelet","Bag of Marbles","Eternal Feather"],"potions_floor_usage":[6,11,16,18,18,23,23,28,31,33],"damage_taken":[{"damage":6,"enemies":"Jaw Worm","floor":1,"turns":3},{"damage":0,"enemies":"Small Slimes","floor":3,"turns":2},{"damage":0,"enemies":"Cultist","floor":4,"turns":4},{"damage":0,"enemies":"Red Slaver","floor":5,"turns":3},{"damage":15,"enemies":"Lagavulin","floor":6,"turns":8},{"damage":16,"enemies":"Gremlin Nob","floor":8,"turns":4},{"damage":9,"enemies":"Lagavulin","floor":11,"turns":4},{"damage":0,"enemies":"Exordium Wildlife","floor":13,"turns":2},{"damage":2,"enemies":"2 Fungi Beasts","floor":14,"turns":2},{"damage":29,"enemies":"Hexaghost","floor":16,"turns":5},{"damage":0,"enemies":"Spheric Guardian","floor":18,"turns":4},{"damage":10,"enemies":"2 Thieves","floor":20,"turns":3},{"damage":11,"enemies":"Chosen and Byrds","floor":22,"turns":4},{"damage":39,"enemies":"Gremlin Leader","floor":23,"turns":5},{"damage":14,"enemies":"Snake Plant","floor":25,"turns":3},{"damage":0,"enemies":"Sentry and Sphere","floor":27,"turns":4},{"damage":12,"enemies":"Slavers","floor":28,"turns":4},{"damage":1,"enemies":"3 Cultists","floor":31,"turns":4},{"damage":4,"enemies":"Automaton","floor":33,"turns":10},{"damage":91,"enemies":"3 Shapes","floor":35,"turns":4},{"damage":7,"enemies":"Orb Walker","floor":36,"turns":2}],"seed_played":"5189837850115506061","potions_obtained":[{"floor":3,"key":"SpeedPotion"},{"floor":5,"key":"FairyPotion"},{"floor":6,"key":"Weak Potion"},{"floor":11,"key":"PowerPotion"},{"floor":14,"key":"SpeedPotion"},{"floor":16,"key":"Poison Potion"},{"floor":20,"key":"FearPotion"},{"floor":22,"key":"SteroidPotion"},{"floor":25,"key":"AttackPotion"},{"floor":27,"key":"SteroidPotion"},{"floor":28,"key":"SkillPotion"}],"is_trial":false,"path_per_floor":["M","?","M","M","M","E","?","E","T","?","E","R","M","M","R","B",null,"M","?","M","?","M","E","R","M","T","M","E","$","?","M","R","B",null,"M"],"character_chosen":"DEFECT","items_purchased":["Sling","Thunder Strike+1","Juzu Bracelet","Bag of Marbles","Apotheosis"],"campfire_rested":1,"item_purchase_floors":[29,29,29,29,29],"current_hp_per_floor":[76,60,60,60,60,45,45,29,29,92,83,83,83,81,81,52,92,92,92,82,82,71,32,32,18,18,18,6,6,6,5,32,28,92,1,0],"gold":230,"neow_bonus":"TEN_PERCENT_HP_BONUS","is_prod":false,"is_daily":false,"chose_seed":false,"campfire_upgraded":3,"win_rate":0.0,"timestamp":1540687599,"path_taken":["M","?","M","?","M","E","?","E","T","?","E","R","M","M","R","BOSS","M","?","M","?","M","E","R","M","T","?","E","$","?","M","R","BOSS","M","M"],"build_version":"2018-10-25v2","purchased_purges":1,"victory":false,"max_hp_per_floor":[82,82,82,82,82,82,82,82,82,92,92,92,92,92,92,92,92,92,92,92,92,92,92,92,92,92,92,92,92,92,92,92,92,92,92,92],"card_choices":[{"not_picked":["Reprogram","Go for the Eyes"],"picked":"Conserve Battery","floor":1},{"not_picked":["Hologram","Barrage"],"picked":"BootSequence","floor":3},{"not_picked":["Streamline","Reinforced Body"],"picked":"Fission","floor":4},{"not_picked":["Streamline","Lockon"],"picked":"FTL","floor":5},{"not_picked":["Steam Power","Beam Cell"],"picked":"Static Discharge","floor":6},{"not_picked":["Steam","Sweeping Beam"],"picked":"Reprogram","floor":8},{"not_picked":["Reinforced Body","Skim"],"picked":"Doom and Gloom","floor":11},{"not_picked":["Steam","Ball Lightning"],"picked":"Chaos","floor":13},{"not_picked":["Streamline","Barrage"],"picked":"Static Discharge","floor":14},{"not_picked":["Rainbow","Amplify"],"picked":"Buffer","floor":16},{"not_picked":["Barrage","Steam"],"picked":"Streamline","floor":17},{"not_picked":["Cold Snap","Sweeping Beam"],"picked":"Go for the Eyes","floor":17},{"not_picked":["Ball Lightning","Static Discharge"],"picked":"Hologram","floor":17},{"not_picked":["Conserve Battery","Barrage"],"picked":"Force Field","floor":17},{"not_picked":["Reprogram","Cold Snap"],"picked":"Melter","floor":17},{"not_picked":["Scrape","Hologram"],"picked":"Multi-Cast","floor":18},{"not_picked":["Compile Driver","Doom and Gloom"],"picked":"Streamline+1","floor":20},{"not_picked":["Sweeping Beam","Barrage+1"],"picked":"BootSequence","floor":22},{"not_picked":["Gash","Consume"],"picked":"Streamline+1","floor":23},{"not_picked":["Skim","Redo"],"picked":"Defragment+1","floor":25},{"not_picked":["Go for the Eyes+1","Tempest"],"picked":"Genetic Algorithm+1","floor":27},{"not_picked":["Skim","Hello World"],"picked":"Reprogram","floor":28},{"not_picked":["Chill","Scrape+1"],"picked":"Melter+1","floor":31},{"not_picked":["All For One+1","Reboot"],"picked":"Creative AI","floor":33},{"not_picked":["Ball Lightning+1","FTL+1"],"picked":"Chill+1","floor":35}],"player_experience":153952,"relics_obtained":[{"floor":6,"key":"PreservedInsect"},{"floor":8,"key":"Gambling Chip"},{"floor":9,"key":"Mummified Hand"},{"floor":11,"key":"Tiny Chest"},{"floor":23,"key":"Pen Nib"},{"floor":26,"key":"Molten Egg 2"},{"floor":28,"key":"Kunai"}],"event_choices":[{"damage_healed":0,"gold_gain":0,"player_choice":"Entered Light","damage_taken":16,"max_hp_gain":0,"max_hp_loss":0,"event_name":"Shining Light","floor":2,"gold_loss":0,"cards_upgraded":["Strike_B","Defend_B"]},{"damage_healed":0,"gold_gain":0,"player_choice":"Trade","damage_taken":0,"relics_obtained":["SsserpentHead"],"max_hp_gain":0,"max_hp_loss":0,"event_name":"FaceTrader","floor":7,"gold_loss":0},{"cards_removed":["Fission"],"damage_healed":53,"gold_gain":0,"player_choice":"Offered Rare","damage_taken":0,"max_hp_gain":10,"max_hp_loss":0,"event_name":"Bonfire Elementals","floor":10,"gold_loss":0},{"damage_healed":0,"gold_gain":0,"player_choice":"Read","damage_taken":0,"max_hp_gain":0,"max_hp_loss":0,"event_name":"The Library","floor":19,"gold_loss":0,"cards_obtained":["Defragment"]},{"damage_healed":0,"gold_gain":99,"player_choice":"Stole From Cult","damage_taken":0,"max_hp_gain":0,"max_hp_loss":0,"event_name":"Nest","floor":21,"gold_loss":0},{"damage_healed":0,"gold_gain":0,"player_choice":"Stopped","damage_taken":9,"max_hp_gain":0,"max_hp_loss":0,"event_name":"Cursed Tome","floor":30,"gold_loss":0}],"is_beta":false,"boss_relics":[{"not_picked":["Ectoplasm","FrozenCore"],"picked":"Orrery"},{"not_picked":["Runic Dome","Velvet Choker"],"picked":"Eternal Feather"}],"items_purged_floors":[29],"is_endless":false,"potions_floor_spawned":[3,5,6,11,14,16,20,22,25,27,28],"killed_by":"Orb Walker","ascension_level":0}