{"gold_per_floor":[116,131,131,151,169,169,203,203,281,46,46,81,100,115,115,191,191,191,111,111,111,26,26,26,26,26,26,26,26,26,26,26,26,26,26,26,26,26,26,26,26,26,26,26,26,26,26,26,26,26],"floor_reached":50,"playtime":2514,"items_purged":["Strike_G"],"score":1321,"play_id":"49bf678f-65eb-4884-95bf-9831b8e13d64","local_time":"20190213182850","is_ascension_mode":true,"campfire_choices":[{"floor":6.0,"key":"REST"},{"data":"All Out Attack","floor":8.0,"key":"SMITH"},{"data":"Blade Dance","floor":11.0,"key":"SMITH"},{"data":"Infinite Blades","floor":15.0,"key":"SMITH"},{"floor":24.0,"key":"REST"},{"floor":28.0,"key":"REST"},{"data":"Adrenaline","floor":30.0,"key":"SMITH"},{"data":"Tools of the Trade","floor":32.0,"key":"SMITH"},{"floor":41.0,"key":"REST"},{"floor":45.0,"key":"REST"},{"floor":49,"key":"REST"}],"neow_cost":"NONE","seed_source_timestamp":162680094534200,"circlet_count":0,"master_deck":["AscendersBane","Defend_G","Defend_G","Defend_G","Defend_G","Strike_G","Strike_G","Strike_G","Strike_G+1","Survivor","Neutralize+1","Blade Dance+1","All Out Attack+1","Choke","Blur","Quick Slash","Deflect","Deadly Poison","Flying Knee+1","Infinite Blades+1","Adrenaline+1","Prepared+1","Deadly Poison","Well Laid Plans+1","Crippling Poison","Dash","Tools of the Trade+1","Deadly Poison","Adrenaline","Deflect","Backflip","Dark Shackles","Acrobatics","Dodge and Roll+1","Parasite","Riddle With Holes","Calculated Gamble+1"],"special_seed":0,"relics":["Ring of the Snake","Thread and Needle","Ornamental Fan","PreservedInsect","Vajra","Ectoplasm","Red Mask","Pen Nib","Art of War","Whetstone","Mummified Hand","Orichalcum","Sundial","Cursed Key","Calipers","Old Coin","Oddly Smooth Stone","Boot"],"potions_floor_usage":[50],"damage_taken":[{"damage":18.0,"enemies":"Jaw Worm","floor":1.0,"turns":7.0},{"damage":2.0,"enemies":"Small Slimes","floor":2.0,"turns":5.0},{"damage":0.0,"enemies":"2 Louse","floor":4.0,"turns":2.0},{"damage":7.0,"enemies":"Large Slime","floor":5.0,"turns":4.0},{"damage":6.0,"enemies":"Gremlin Nob","floor":7.0,"turns":3.0},{"damage":0.0,"enemies":"3 Sentries","floor":12.0,"turns":4.0},{"damage":3.0,"enemies":"Exordium Thugs","floor":13.0,"turns":3.0},{"damage":0.0,"enemies":"2 Fungi Beasts","floor":14.0,"turns":2.0},{"damage":19.0,"enemies":"The Guardian","floor":16.0,"turns":10.0},{"damage":4.0,"enemies":"3 Byrds","floor":18.0,"turns":5.0},{"damage":9.0,"enemies":"2 Thieves","floor":19.0,"turns":4.0},{"damage":5.0,"enemies":"Masked Bandits","floor":20.0,"turns":4.0},{"damage":4.0,"enemies":"Cultist and Chosen","floor":21.0,"turns":6.0},{"damage":15.0,"enemies":"Slavers","floor":23.0,"turns":3.0},{"damage":0.0,"enemies":"Gremlin Leader","floor":29.0,"turns":3.0},{"damage":3.0,"enemies":"Slavers","floor":31.0,"turns":3.0},{"damage":23.0,"enemies":"Collector","floor":33.0,"turns":9.0},{"damage":16.0,"enemies":"3 Darklings","floor":35.0,"turns":4.0},{"damage":3.0,"enemies":"3 Shapes","floor":36.0,"turns":3.0},{"damage":7.0,"enemies":"Jaw Worm Horde","floor":37.0,"turns":3.0},{"damage":9.0,"enemies":"Nemesis","floor":40.0,"turns":6.0},{"damage":25.0,"enemies":"Reptomancer","floor":42.0,"turns":5.0},{"damage":7.0,"enemies":"Nemesis","floor":44.0,"turns":8.0},{"damage":0,"enemies":"Writhing Mass","floor":47,"turns":7},{"damage":0,"enemies":"3 Darklings","floor":48,"turns":5},{"damage":66,"enemies":"Time Eater","floor":50,"turns":6}],"seed_played":"5666385838418316324","potions_obtained":[{"floor":1.0,"key":"EssenceOfSteel"},{"floor":2.0,"key":"SkillPotion"},{"floor":4.0,"key":"AttackPotion"},{"floor":12.0,"key":"SteroidPotion"},{"floor":19.0,"key":"GhostInAJar"},{"floor":23.0,"key":"Energy Potion"},{"floor":31.0,"key":"GhostInAJar"},{"floor":33.0,"key":"Weak Potion"},{"floor":37.0,"key":"Fire Potion"},{"floor":42.0,"key":"SkillPotion"}],"is_trial":false,"path_per_floor":["M","M","?","M","M","R","E","R","T","$","R","E","M","M","R","B",null,"M","M","?","M","?","E","R","T","T","?","R","E","R","E","R","B",null,"M","M","M","?","?","E","R","E","T","E","R","?","M","M","R","B"],"character_chosen":"THE_SILENT","items_purchased":["PreservedInsect"],"campfire_rested":6,"item_purchase_floors":[10],"current_hp_per_floor":[41,39,39,39,32,51,45,45,45,45,45,45,42,42,42,23,55,51,42,37,33,33,18,37,37,37,37,56,56,56,53,53,30,57,41,38,31,31,31,22,41,16,16,9,28,28,28,28,46,0],"gold":26,"neow_bonus":"THREE_CARDS","is_prod":false,"is_daily":false,"chose_seed":false,"campfire_upgraded":5,"win_rate":0,"timestamp":1550082530,"path_taken":["M","M","?","M","M","R","E","R","T","$","R","E","M","M","R","BOSS","M","M","?","M","?","E","R","?","T","?","R","E","R","E","R","BOSS","M","M","M","?","?","E","R","E","T","E","R","?","?","M","R","BOSS"],"build_version":"2019-01-23","purchased_purges":1,"victory":false,"max_hp_per_floor":[66,66,66,66,66,66,66,66,66,66,66,66,66,66,66,66,66,66,66,66,66,66,66,66,66,66,66,66,66,66,66,66,66,66,66,66,66,66,66,66,66,66,66,66,66,63,63,63,63,63],"card_choices":[{"not_picked":["Dodge and Roll","Accuracy"],"picked":"Blade Dance","floor":0.0},{"not_picked":["Choke","Distraction"],"picked":"All Out Attack","floor":1.0},{"not_picked":["Dagger Throw","Sucker Punch"],"picked":"Choke","floor":2.0},{"not_picked":["Blade Dance","Dagger Spray"],"picked":"Blur","floor":4.0},{"not_picked":["Sucker Punch","Bouncing Flask"],"picked":"Quick Slash","floor":5.0},{"not_picked":["Underhanded Strike","Escape Plan"],"picked":"Deflect","floor":7.0},{"not_picked":["Reflex","Dodge and Roll"],"picked":"Deadly Poison","floor":12.0},{"not_picked":["Bane","Backflip"],"picked":"Flying Knee","floor":13.0},{"not_picked":["Grand Finale","Flying Knee"],"picked":"Infinite Blades","floor":14.0},{"not_picked":["After Image","Grand Finale"],"picked":"Adrenaline","floor":16.0},{"not_picked":["Flying Knee","Dodge and Roll"],"picked":"Prepared+1","floor":18.0},{"not_picked":["Outmaneuver","Cloak And Dagger"],"picked":"Deadly Poison","floor":19.0},{"not_picked":["Blur","Flying Knee"],"picked":"Well Laid Plans+1","floor":20.0},{"not_picked":["Setup","Well Laid Plans"],"picked":"Crippling Poison","floor":21.0},{"not_picked":["Outmaneuver","Expertise"],"picked":"Dash","floor":23.0},{"not_picked":["Dodge and Roll","Outmaneuver"],"picked":"Tools of the Trade","floor":29.0},{"not_picked":["Bane","Calculated Gamble"],"picked":"Deadly Poison","floor":31.0},{"not_picked":["Envenom","Bullet Time"],"picked":"Adrenaline","floor":33.0},{"not_picked":["Underhanded Strike+1","Tactician"],"picked":"Deflect","floor":35.0},{"not_picked":["Sucker Punch","Leg Sweep","Distraction"],"picked":"SKIP","floor":36.0},{"not_picked":["Dodge and Roll+1","Backstab+1"],"picked":"Backflip","floor":37.0},{"not_picked":["Mind Blast","Panacea"],"picked":"Dark Shackles","floor":38.0},{"not_picked":["Grand Finale","Cloak And Dagger"],"picked":"Acrobatics","floor":40.0},{"not_picked":["Terror","Acrobatics"],"picked":"Dodge and Roll+1","floor":42.0},{"not_picked":["Well Laid Plans","Slice"],"picked":"Riddle With Holes","floor":44.0},{"not_picked":["Dodge and Roll","Bane","Masterful Stab"],"picked":"SKIP","floor":47},{"not_picked":["Deflect","Terror"],"picked":"Calculated Gamble+1","floor":48}],"player_experience":1208785,"relics_obtained":[{"floor":7.0,"key":"Thread and Needle"},{"floor":9.0,"key":"Ornamental Fan"},{"floor":12.0,"key":"Vajra"},{"floor":20.0,"key":"Red Mask"},{"floor":23.0,"key":"Art of War"},{"floor":25.0,"key":"Whetstone"},{"floor":26.0,"key":"Mummified Hand"},{"floor":29.0,"key":"Orichalcum"},{"floor":31.0,"key":"Sundial"},{"floor":40.0,"key":"Calipers"},{"floor":42.0,"key":"Old Coin"},{"floor":43.0,"key":"Oddly Smooth Stone"},{"floor":44.0,"key":"Boot"}],"event_choices":[{"damage_healed":0.0,"max_hp_gain":0.0,"max_hp_loss":0.0,"gold_gain":0.0,"event_name":"Living Wall","player_choice":"Grow","floor":3.0,"gold_loss":0.0,"damage_taken":0.0,"cards_upgraded":["Neutralize"]},{"damage_healed":0.0,"max_hp_gain":0.0,"max_hp_loss":0.0,"gold_gain":0.0,"event_name":"Masked Bandits","player_choice":"Fought Bandits","floor":20.0,"gold_loss":0.0,"damage_taken":0.0},{"damage_healed":0.0,"max_hp_gain":0.0,"max_hp_loss":0.0,"gold_gain":0.0,"event_name":"Addict","player_choice":"Obtained Relic","floor":22.0,"gold_loss":85.0,"damage_taken":0.0,"relics_obtained":["Pen Nib"]},{"damage_healed":0.0,"max_hp_gain":0.0,"max_hp_loss":0.0,"gold_gain":0.0,"event_name":"Cursed Tome","player_choice":"Ignored","floor":27.0,"gold_loss":0.0,"damage_taken":0.0},{"damage_healed":0.0,"max_hp_gain":0.0,"max_hp_loss":0.0,"gold_gain":0.0,"event_name":"SensoryStone","player_choice":"Memory 1","floor":38.0,"gold_loss":0.0,"damage_taken":0.0},{"cards_removed":["Defend_G"],"damage_healed":0.0,"max_hp_gain":0.0,"max_hp_loss":0.0,"gold_gain":0.0,"event_name":"Falling","player_choice":"Removed Skill","floor":39.0,"gold_loss":0.0,"damage_taken":0.0},{"damage_healed":0.0,"max_hp_gain":0.0,"max_hp_loss":3.0,"gold_gain":0.0,"event_name":"Winding Halls","player_choice":"Max HP","floor":46.0,"gold_loss":0.0,"damage_taken":0.0}],"is_beta":false,"boss_relics":[{"not_picked":["HoveringKite","Philosopher\u0027s Stone"],"picked":"Ectoplasm"},{"not_picked":["Coffee Dripper","Runic Pyramid"],"picked":"Cursed Key"}],"items_purged_floors":[10],"is_endless":false,"potions_floor_spawned":[1,2,4,12,19,23,31,33,37,42,44],"killed_by":"Time Eater","ascension_level":20}