{"gold_per_floor":[117,127,146,166,46,81,101,133,181,201,201,201,221,253,253,353,353,366,366,106,66,78,110,140,140,140,67,92,92,118,135,135,236,236,250,270,285,109,121,121,153,153,232,92,192,269,302,314,314,314,314,314,23,53,53],"floor_reached":56,"playtime":4262,"items_purged":["Defend_B","Strike_B+1","Strike_B+1"],"score":1588,"play_id":"0d04932c-9bb2-4a4d-89aa-765b874a7449","local_time":"20190507144543","is_ascension_mode":true,"campfire_choices":[{"data":"Chill","floor":11.0,"key":"SMITH"},{"data":"Rainbow","floor":15.0,"key":"SMITH"},{"data":"Zap","floor":25.0,"key":"SMITH"},{"data":"Fission","floor":29.0,"key":"SMITH"},{"data":"FTL","floor":32.0,"key":"SMITH"},{"data":"Seek","floor":40.0,"key":"SMITH"},{"floor":42.0,"key":"RECALL"},{"data":"Fission","floor":49.0,"key":"SMITH"},{"data":"Coolheaded","floor":52,"key":"SMITH"}],"neow_cost":"NONE","seed_source_timestamp":2381954488704917,"circlet_count":0,"master_deck":["Strike_B+1","Strike_B+1","Defend_B+1","Defend_B+1","Defend_B+1","Zap+1","Dualcast+1","Sweeping Beam","Glacier","Conserve Battery","Ball Lightning+1","Coolheaded","FTL+1","Ball Lightning","Chill+1","Rainbow+1","Core Surge","Seek+1","Conserve Battery","Self Repair+1","Fission+1","Seek+1","Cold Snap","Biased Cognition+1","Coolheaded+1","Defragment+1","Redo+1","Fission+1","Echo Form+1","Panacea","Capacitor+1","Tempest+1"],"special_seed":0,"relics":["Cracked Core","Whetstone","War Paint","Kunai","PreservedInsect","Question Card","Eternal Feather","Matryoshka","Regal Pillow","Tiny Chest","Ancient Tea Set","Potion Belt","Frozen Egg 2","DataDisk","Ice Cream","White Beast Statue","Bag of Marbles","Dead Branch","Singing Bowl","Pantograph","Gremlin Horn"],"potions_floor_usage":[55,55,55,55,55],"damage_taken":[{"damage":0.0,"enemies":"Cultist","floor":1.0,"turns":2.0},{"damage":0.0,"enemies":"2 Louse","floor":2.0,"turns":2.0},{"damage":3.0,"enemies":"Small Slimes","floor":3.0,"turns":2.0},{"damage":2.0,"enemies":"Exordium Thugs","floor":4.0,"turns":8.0},{"damage":9.0,"enemies":"Gremlin Nob","floor":6.0,"turns":4.0},{"damage":13.0,"enemies":"Gremlin Gang","floor":7.0,"turns":4.0},{"damage":2.0,"enemies":"3 Sentries","floor":8.0,"turns":5.0},{"damage":0.0,"enemies":"Looter","floor":10.0,"turns":2.0},{"damage":0.0,"enemies":"Exordium Wildlife","floor":13.0,"turns":2.0},{"damage":13.0,"enemies":"Lagavulin","floor":14.0,"turns":3.0},{"damage":10.0,"enemies":"Slime Boss","floor":16.0,"turns":9.0},{"damage":2.0,"enemies":"Shell Parasite","floor":18.0,"turns":4.0},{"damage":6.0,"enemies":"Spheric Guardian","floor":22.0,"turns":4.0},{"damage":16.0,"enemies":"Slavers","floor":23.0,"turns":4.0},{"damage":10.0,"enemies":"Book of Stabbing","floor":28.0,"turns":3.0},{"damage":8.0,"enemies":"Slavers","floor":30.0,"turns":4.0},{"damage":0.0,"enemies":"Centurion and Healer","floor":31.0,"turns":4.0},{"damage":13.0,"enemies":"Collector","floor":33.0,"turns":11.0},{"damage":20.0,"enemies":"3 Darklings","floor":35.0,"turns":4.0},{"damage":2.0,"enemies":"3 Shapes","floor":36.0,"turns":4.0},{"damage":0.0,"enemies":"Sphere and 2 Shapes","floor":37.0,"turns":3.0},{"damage":23.0,"enemies":"Jaw Worm Horde","floor":39.0,"turns":4.0},{"damage":0.0,"enemies":"Giant Head","floor":41.0,"turns":8.0},{"damage":0.0,"enemies":"Mind Bloom Boss Battle","floor":45.0,"turns":4.0},{"damage":0.0,"enemies":"Reptomancer","floor":47.0,"turns":3.0},{"damage":0.0,"enemies":"4 Shapes","floor":48.0,"turns":1.0},{"damage":40,"enemies":"Time Eater","floor":50,"turns":8},{"damage":18,"enemies":"Shield and Spear","floor":54,"turns":5},{"damage":63,"enemies":"The Heart","floor":55,"turns":10}],"seed_played":"4485950872523368828","potions_obtained":[{"floor":2.0,"key":"SkillPotion"},{"floor":3.0,"key":"EssenceOfSteel"},{"floor":4.0,"key":"Fruit Juice"},{"floor":8.0,"key":"LiquidBronze"},{"floor":14.0,"key":"SpeedPotion"},{"floor":28.0,"key":"FocusPotion"},{"floor":30.0,"key":"Block Potion"},{"floor":31.0,"key":"Dexterity Potion"},{"floor":33.0,"key":"SkillPotion"},{"floor":35.0,"key":"Poison Potion"},{"floor":36.0,"key":"Energy Potion"},{"floor":37.0,"key":"Swift Potion"},{"floor":41.0,"key":"FearPotion"},{"floor":45.0,"key":"Explosive Potion"},{"floor":47.0,"key":"LiquidBronze"},{"floor":48.0,"key":"Fire Potion"},{"floor":54,"key":"Regen Potion"}],"is_trial":false,"path_per_floor":["M","M","M","M","$","E","M","E","T","M","R","$","M","E","R","B",null,"M","?","$","?","M","E","T","R","T","$","E","R","E","M","R","B",null,"M","M","M","$","M","R","E","R","T","$","?","T","E","M","R","B",null,"R","$","E","B",null],"character_chosen":"DEFECT","items_purchased":["Ball Lightning","Matryoshka","Self Repair+1","Defragment+1","Fission","Panacea","Capacitor+1"],"campfire_rested":0,"item_purchase_floors":[5,20,27,38,44,53,53],"current_hp_per_floor":[68,68,65,68,68,59,46,44,44,44,44,44,44,31,31,21,65,63,63,63,63,57,41,41,53,53,53,53,65,67,77,80,67,77,67,75,80,80,67,80,80,80,80,80,80,80,80,82,82,52,75,82,82,64,34],"gold":53,"neow_bonus":"RANDOM_COMMON_RELIC","is_prod":false,"is_daily":false,"chose_seed":false,"campfire_upgraded":8,"win_rate":0,"timestamp":1557265543,"path_taken":["M","?","M","M","$","E","M","E","T","M","R","?","?","E","R","BOSS","M","?","$","?","?","E","?","R","T","$","E","R","E","M","R","BOSS","M","?","M","$","M","R","E","R","T","$","?","?","E","M","R","BOSS","R","$","E","BOSS"],"build_version":"2019-01-23","purchased_purges":3,"victory":true,"max_hp_per_floor":[75,75,75,80,80,80,80,80,80,80,80,80,80,80,80,80,80,80,80,80,80,80,80,80,80,80,80,80,80,80,80,80,80,80,80,80,80,80,80,80,80,80,80,80,80,80,80,82,82,82,82,82,82,82,82],"card_choices":[{"not_picked":["Barrage","White Noise"],"picked":"Sweeping Beam","floor":1.0},{"not_picked":["Hologram","Darkness","Go for the Eyes"],"picked":"SKIP","floor":2.0},{"not_picked":["Blizzard","Recycle"],"picked":"Glacier","floor":3.0},{"not_picked":["Reinforced Body","Go for the Eyes"],"picked":"Conserve Battery","floor":4.0},{"not_picked":["Steam","Reprogram"],"picked":"Coolheaded","floor":6.0},{"not_picked":["Conserve Battery","Barrage"],"picked":"FTL","floor":7.0},{"not_picked":["Hologram","Hello World"],"picked":"Ball Lightning","floor":8.0},{"not_picked":["Go for the Eyes","Undo"],"picked":"Chill","floor":10.0},{"not_picked":["Gash","Reinforced Body"],"picked":"Rainbow","floor":13.0},{"not_picked":["Conserve Battery","Fusion"],"picked":"Core Surge","floor":14.0},{"not_picked":["Hyperbeam","Meteor Strike","Core Surge"],"picked":"Seek","floor":16.0},{"not_picked":["Consume","Stack+1","Beam Cell"],"picked":"Conserve Battery","floor":18.0},{"not_picked":["Hologram","Tempest","Scrape","White Noise"],"picked":"SKIP","floor":22.0},{"not_picked":["Leap","Melter+1","Gash","Static Discharge"],"picked":"SKIP","floor":23.0},{"not_picked":["Barrage+1","Tempest+1","Double Energy"],"picked":"Fission","floor":28.0},{"not_picked":["White Noise","Coolheaded","Hologram+1"],"picked":"Seek","floor":30.0},{"not_picked":["Recycle+1","Force Field","Leap"],"picked":"Cold Snap","floor":31.0},{"not_picked":["Thunder Strike","Seek","Meteor Strike"],"picked":"Biased Cognition+1","floor":33.0},{"not_picked":["Go for the Eyes+1","Steam","Streamline+1"],"picked":"Coolheaded","floor":35.0},{"not_picked":["Rebound+1","Leap","Conserve Battery","Cold Snap"],"picked":"SKIP","floor":36.0},{"not_picked":["Compile Driver+1","Chill","Hello World+1","Gash"],"picked":"SKIP","floor":37.0},{"not_picked":["Heatsinks+1","BootSequence","Steam"],"picked":"Redo+1","floor":39.0},{"not_picked":["Scrape","Reprogram+1","Streamline+1","Barrage"],"picked":"SKIP","floor":41.0},{"not_picked":["Force Field","Rainbow","Hyperbeam"],"picked":"Echo Form+1","floor":47.0},{"not_picked":["Go for the Eyes+1","Sweeping Beam+1","Steam","Rip and Tear+1"],"picked":"Singing Bowl","floor":48.0},{"not_picked":["Ball Lightning","Go for the Eyes+1","Gash+1"],"picked":"Tempest+1","floor":54}],"player_experience":483537,"relics_obtained":[{"floor":6.0,"key":"War Paint"},{"floor":8.0,"key":"Kunai"},{"floor":9.0,"key":"PreservedInsect"},{"floor":14.0,"key":"Question Card"},{"floor":23.0,"key":"Regal Pillow"},{"floor":24.0,"key":"Tiny Chest"},{"floor":24.0,"key":"Ancient Tea Set"},{"floor":26.0,"key":"Potion Belt"},{"floor":26.0,"key":"Frozen Egg 2"},{"floor":28.0,"key":"DataDisk"},{"floor":30.0,"key":"Ice Cream"},{"floor":41.0,"key":"Bag of Marbles"},{"floor":45.0,"key":"Dead Branch"},{"floor":46.0,"key":"Singing Bowl"},{"floor":47.0,"key":"Pantograph"},{"floor":54,"key":"Gremlin Horn"}],"event_choices":[{"damage_healed":0.0,"max_hp_gain":0.0,"max_hp_loss":0.0,"gold_gain":0.0,"event_name":"Back to Basics","player_choice":"Simplicity","floor":19.0,"gold_loss":0.0,"damage_taken":0.0,"cards_upgraded":["Strike_B","Strike_B","Defend_B","Defend_B"]},{"damage_healed":0.0,"max_hp_gain":0.0,"max_hp_loss":0.0,"gold_gain":0.0,"event_name":"Designer","player_choice":"Upgraded Two","floor":21.0,"gold_loss":40.0,"damage_taken":0.0,"cards_upgraded":["Seek","Ball Lightning"]},{"damage_healed":0.0,"max_hp_gain":0.0,"max_hp_loss":0.0,"gold_gain":0.0,"event_name":"MindBloom","player_choice":"Fight","floor":45.0,"gold_loss":0.0,"damage_taken":0.0}],"is_beta":false,"boss_relics":[{"not_picked":["Empty Cage","Tiny House"],"picked":"Eternal Feather"},{"not_picked":["Velvet Choker","Runic Pyramid"],"picked":"White Beast Statue"}],"items_purged_floors":[5,38,53],"is_endless":false,"potions_floor_spawned":[2,3,4,8,14,28,30,31,33,35,36,37,39,41,45,47,48,54],"ascension_level":6}