{"gold_per_floor":[15,15,15,28,46,79,74,109,132,132,152,30,30,43,43,174,174,190,190,208,222,122,122,72,116,184,36,50,73,73,73,73,193,193,212,228,303,321,345,345],"floor_reached":40,"playtime":4393,"items_purged":["Strike_G","Strike_G"],"score":494,"play_id":"82311fbb-0f7f-44a3-b713-6fbb0a8f149f","local_time":"20190519002533","is_ascension_mode":true,"campfire_choices":[{"floor":10.0,"key":"REST"},{"data":"Cloak And Dagger","floor":13.0,"key":"SMITH"},{"floor":15.0,"key":"REST"},{"floor":23.0,"key":"REST"},{"floor":30,"key":"REST"},{"floor":32,"key":"REST"}],"neow_cost":"NO_GOLD","seed_source_timestamp":0,"circlet_count":0,"master_deck":["Defend_G","Defend_G","Defend_G","Defend_G","Defend_G","Strike_G+1","Survivor","Neutralize","Venomology+1","Choke","Leg Sweep","Dagger Spray","PiercingWail","Cloak And Dagger+1","Dodge and Roll","Noxious Fumes","Deflect","Blade Dance","Terror","A Thousand Cuts","Accuracy+1","Flying Knee","Deadly Poison","Burst","Blade Dance+1","After Image","Finisher+1","Catalyst+1"],"special_seed":0,"relics":["Ring of the Serpent","Golden Idol","Kunai","Snake Skull","Oddly Smooth Stone","Strawberry","Question Card","Potion Belt","WingedGreaves","WristBlade"],"potions_floor_usage":[28,28,29,29,33,38,38,40,40,40,40],"damage_taken":[{"damage":0.0,"enemies":"Jaw Worm","floor":1.0,"turns":5.0},{"damage":0.0,"enemies":"2 Louse","floor":4.0,"turns":4.0},{"damage":4.0,"enemies":"Cultist","floor":5.0,"turns":3.0},{"damage":20.0,"enemies":"Gremlin Nob","floor":6.0,"turns":7.0},{"damage":1.0,"enemies":"Exordium Thugs","floor":7.0,"turns":7.0},{"damage":9.0,"enemies":"Lagavulin","floor":8.0,"turns":13.0},{"damage":6.0,"enemies":"2 Fungi Beasts","floor":11.0,"turns":4.0},{"damage":0.0,"enemies":"Gremlin Gang","floor":14.0,"turns":4.0},{"damage":0.0,"enemies":"Hexaghost","floor":16.0,"turns":9.0},{"damage":16.0,"enemies":"Chosen","floor":18.0,"turns":5.0},{"damage":25.0,"enemies":"Spheric Guardian","floor":20.0,"turns":6.0},{"damage":8.0,"enemies":"Snake Plant","floor":21.0,"turns":5.0},{"damage":38.0,"enemies":"Slavers","floor":25.0,"turns":7.0},{"damage":23,"enemies":"Sentry and Sphere","floor":28,"turns":9},{"damage":0,"enemies":"Snecko","floor":29,"turns":4},{"damage":56,"enemies":"Collector","floor":33,"turns":9},{"damage":0,"enemies":"3 Shapes","floor":35,"turns":6},{"damage":3,"enemies":"Orb Walker","floor":36,"turns":4},{"damage":13,"enemies":"Jaw Worm Horde","floor":38,"turns":4},{"damage":5,"enemies":"Sphere and 2 Shapes","floor":39,"turns":7},{"damage":92,"enemies":"Reptomancer","floor":40,"turns":3}],"seed_played":"7787217647738995638","potions_obtained":[{"floor":1.0,"key":"GhostInAJar"},{"floor":8.0,"key":"FairyPotion"},{"floor":14.0,"key":"PowerPotion"},{"floor":21.0,"key":"Dexterity Potion"},{"floor":25.0,"key":"Explosive Potion"},{"floor":33,"key":"Regen Potion"},{"floor":38,"key":"Ancient Potion"}],"is_trial":false,"path_per_floor":["M","?","?","M","M","E","M","E","T","R","M","$","R","M","R","B",null,"M","?","M","M","$","R","?","E","T","$","M","M","R","T","R","B",null,"M","M","?","M","M","E"],"character_chosen":"THE_SILENT","items_purchased":["Blade Dance","Potion Belt"],"campfire_rested":5,"item_purchase_floors":[12,27],"current_hp_per_floor":[70,56,39,39,35,15,14,20,20,41,35,35,35,35,56,56,70,54,54,29,21,21,42,42,11,11,11,2,14,37,37,60,4,77,77,74,67,54,49,0],"gold":345,"neow_bonus":"TRANSFORM_TWO_CARDS","is_prod":false,"is_daily":false,"chose_seed":false,"campfire_upgraded":1,"win_rate":0,"timestamp":1558239933,"path_taken":["M","?","?","M","M","E","M","E","T","R","?","$","R","M","R","BOSS","M","?","M","M","$","R","?","E","T","$","?","M","R","?","R","BOSS","M","M","?","M","M","E"],"build_version":"2019-01-23","purchased_purges":2,"victory":false,"max_hp_per_floor":[70,70,70,70,70,70,70,70,70,70,70,70,70,70,70,70,70,70,70,70,70,70,70,70,77,77,77,77,77,77,77,77,77,77,77,77,77,77,77,77],"card_choices":[{"not_picked":["Acrobatics","Finisher"],"picked":"Leg Sweep","floor":1.0},{"not_picked":["Bane","Flying Knee"],"picked":"Dagger Spray","floor":4.0},{"not_picked":["Backflip","Outmaneuver"],"picked":"PiercingWail","floor":5.0},{"not_picked":["All Out Attack","Die Die Die"],"picked":"Cloak And Dagger","floor":6.0},{"not_picked":["Cloak And Dagger","Skewer"],"picked":"Dodge and Roll","floor":7.0},{"not_picked":["Slice","Heel Hook"],"picked":"Noxious Fumes","floor":8.0},{"not_picked":["Escape Plan","Terror"],"picked":"Deflect","floor":11.0},{"not_picked":["Dagger Throw","Prepared"],"picked":"Terror","floor":14.0},{"not_picked":["Unload","Grand Finale"],"picked":"A Thousand Cuts","floor":16.0},{"not_picked":["Sucker Punch+1","Underhanded Strike"],"picked":"Accuracy+1","floor":18.0},{"not_picked":["Backflip","Blade Dance"],"picked":"Deadly Poison","floor":20.0},{"not_picked":["Skewer","Outmaneuver","Quick Slash"],"picked":"SKIP","floor":21.0},{"not_picked":["Reflex","Outmaneuver+1"],"picked":"Burst","floor":25.0},{"not_picked":["Backflip","Prepared","Sucker Punch"],"picked":"Blade Dance+1","floor":28},{"not_picked":["Cloak And Dagger","Reflex+1","Bane+1","Underhanded Strike"],"picked":"SKIP","floor":29},{"not_picked":["Die Die Die","Grand Finale","Night Terror"],"picked":"After Image","floor":33},{"not_picked":["Underhanded Strike+1","Backflip","Blade Dance+1"],"picked":"Finisher+1","floor":35},{"not_picked":["Poisoned Stab+1","Terror","Underhanded Strike"],"picked":"Catalyst+1","floor":36},{"not_picked":["Setup","Finisher","Bane+1","Predator+1"],"picked":"SKIP","floor":38},{"not_picked":["Outmaneuver","Blade Dance+1","Riddle With Holes","Bane"],"picked":"SKIP","floor":39}],"player_experience":222629,"relics_obtained":[{"floor":6.0,"key":"Kunai"},{"floor":8.0,"key":"Snake Skull"},{"floor":9.0,"key":"Oddly Smooth Stone"},{"floor":25.0,"key":"Strawberry"},{"floor":26.0,"key":"Question Card"},{"floor":31,"key":"WingedGreaves"}],"event_choices":[{"damage_healed":0.0,"max_hp_gain":0.0,"max_hp_loss":0.0,"gold_gain":0.0,"event_name":"Shining Light","player_choice":"Entered Light","floor":2.0,"gold_loss":0.0,"damage_taken":14.0,"cards_upgraded":["Strike_G","Venomology"]},{"damage_healed":0.0,"max_hp_gain":0.0,"max_hp_loss":0.0,"gold_gain":0.0,"event_name":"Golden Idol","player_choice":"Take Damage","floor":3.0,"gold_loss":0.0,"damage_taken":17.0,"relics_obtained":["Golden Idol"]},{"damage_healed":0.0,"max_hp_gain":0.0,"max_hp_loss":0.0,"gold_gain":0.0,"event_name":"The Library","player_choice":"Read","floor":19.0,"gold_loss":0.0,"damage_taken":0.0,"cards_obtained":["Flying Knee"]},{"damage_healed":0.0,"max_hp_gain":0.0,"max_hp_loss":0.0,"gold_gain":0.0,"event_name":"The Joust","player_choice":"Bet on Murderer","floor":24.0,"gold_loss":50.0,"damage_taken":0.0},{"damage_healed":0,"gold_gain":75,"player_choice":"Touch","damage_taken":7,"max_hp_gain":0,"max_hp_loss":0,"event_name":"FaceTrader","floor":37,"gold_loss":0}],"is_beta":false,"boss_relics":[{"not_picked":["Fusion Hammer","Coffee Dripper"],"picked":"Ring of the Serpent"},{"not_picked":["Orrery","Eternal Feather"],"picked":"WristBlade"}],"items_purged_floors":[12,22],"is_endless":false,"potions_floor_spawned":[1,8,14,21,25,33,38],"killed_by":"Reptomancer","ascension_level":1}