{"gold_per_floor":[117,135,285,285,37,70,70,89,89,89,105,105,5,37,37,37],"floor_reached":16,"playtime":398,"items_purged":["Doubt","Strike_R"],"score":216,"play_id":"ff1a1bef-eb1c-42df-97b8-29c239ef32f0","local_time":"20190208153006","is_ascension_mode":true,"campfire_choices":[{"floor":7,"key":"REST"},{"data":"Whirlwind","floor":10,"key":"SMITH"},{"data":"Rampage","floor":12,"key":"SMITH"},{"floor":15,"key":"REST"}],"neow_cost":"NONE","seed_source_timestamp":74530072062501,"circlet_count":0,"master_deck":["AscendersBane","Strike_R","Strike_R","Strike_R","Strike_R","Defend_R","Defend_R","Defend_R","Defend_R","Bash","Disarm","Whirlwind+1","Rampage+1","Seeing Red","Uppercut"],"relics":["Burning Blood","Omamori","Art of War","Singing Bowl","Potion Belt"],"potions_floor_usage":[6,6,11,16],"damage_taken":[{"damage":4,"enemies":"Jaw Worm","floor":1,"turns":5},{"damage":6,"enemies":"Cultist","floor":2,"turns":3},{"damage":50,"enemies":"Lagavulin","floor":6,"turns":9},{"damage":0,"enemies":"2 Louse","floor":8,"turns":1},{"damage":18,"enemies":"Large Slime","floor":11,"turns":5},{"damage":48,"enemies":"Gremlin Nob","floor":14,"turns":5},{"damage":20,"enemies":"The Guardian","floor":16,"turns":3}],"seed_played":"-6939756523998904948","potions_obtained":[{"floor":1,"key":"FearPotion"},{"floor":4,"key":"Block Potion"},{"floor":6,"key":"Weak Potion"},{"floor":11,"key":"EssenceOfSteel"}],"is_trial":false,"path_per_floor":["M","M","?","?","$","E","R","M","T","R","M","R","$","E","R","B"],"character_chosen":"IRONCLAD","items_purchased":["Omamori"],"campfire_rested":2,"item_purchase_floors":[5],"current_hp_per_floor":[77,77,77,77,77,33,57,63,63,63,53,53,53,11,36,16],"gold":37,"neow_bonus":"TEN_PERCENT_HP_BONUS","is_prod":false,"is_daily":false,"chose_seed":false,"campfire_upgraded":2,"win_rate":0,"timestamp":1549639806,"path_taken":["M","M","?","?","$","E","R","M","T","R","M","R","$","E","R","BOSS"],"build_version":"2019-01-23","purchased_purges":2,"victory":false,"max_hp_per_floor":[82,82,82,82,82,82,82,82,82,82,84,84,84,84,84,84],"card_choices":[{"not_picked":["Hemokinesis","Sword Boomerang"],"picked":"Disarm","floor":1},{"not_picked":["Pummel","Battle Trance"],"picked":"Whirlwind","floor":2},{"not_picked":["Anger","Flame Barrier"],"picked":"Rampage","floor":6},{"not_picked":["Rampage","Clothesline"],"picked":"Seeing Red","floor":8},{"not_picked":["Perfected Strike","Burning Pact","Sword Boomerang"],"picked":"Singing Bowl","floor":11},{"not_picked":["Clothesline","Sword Boomerang"],"picked":"Uppercut","floor":14}],"player_experience":1185200,"relics_obtained":[{"floor":6,"key":"Art of War"},{"floor":9,"key":"Singing Bowl"},{"floor":14,"key":"Potion Belt"}],"event_choices":[{"damage_healed":0,"gold_gain":150,"player_choice":"AGREE","damage_taken":0,"max_hp_gain":0,"max_hp_loss":0,"event_name":"Liars Game","floor":3,"gold_loss":0,"cards_obtained":["Doubt"]},{"damage_healed":0,"gold_gain":0,"player_choice":"Got Potions","damage_taken":0,"max_hp_gain":0,"max_hp_loss":0,"event_name":"Lab","floor":4,"gold_loss":0}],"is_beta":false,"boss_relics":[],"items_purged_floors":[5,13],"is_endless":false,"potions_floor_spawned":[1,6,11],"killed_by":"The Guardian","ascension_level":20}