{"gold_per_floor":[114,39,39,39,56,81,81,107,152,183,195,207,230,256,268,351,363,395,419,446,358,358],"floor_reached":22,"playtime":762,"items_purged":["Strike_G","Defend_G"],"score":442,"play_id":"9aa26833-aeee-4baf-9ae5-6a1ed9455f63","local_time":"20190404114941","is_ascension_mode":true,"campfire_choices":[{"data":"Neutralize","floor":7.0,"key":"SMITH"},{"floor":15,"key":"REST"}],"neow_cost":"NONE","seed_source_timestamp":1122434274034699,"circlet_count":0,"master_deck":["AscendersBane","Defend_G","Defend_G","Defend_G","Defend_G","Strike_G+1","Strike_G","Strike_G+1","Survivor","Neutralize+1","Dagger Spray","Backstab","Infinite Blades","Terror","Deadly Poison","Catalyst","PiercingWail","Corpse Explosion","Deadly Poison","Dagger Spray+1","Crippling Poison","Dodge and Roll"],"special_seed":0,"relics":["Ring of the Snake","NeowsBlessing","Vajra","Sundial","MawBank","The Courier","Cursed Key"],"potions_floor_usage":[13,16],"damage_taken":[{"damage":0.0,"enemies":"Cultist","floor":1.0,"turns":1.0},{"damage":0.0,"enemies":"Jaw Worm","floor":5.0,"turns":1.0},{"damage":0.0,"enemies":"Gremlin Nob","floor":6.0,"turns":1.0},{"damage":24.0,"enemies":"3 Sentries","floor":8.0,"turns":7.0},{"damage":0.0,"enemies":"2 Louse","floor":10.0,"turns":1.0},{"damage":2,"enemies":"Large Slime","floor":13,"turns":3},{"damage":1,"enemies":"Red Slaver","floor":14,"turns":3},{"damage":19,"enemies":"Hexaghost","floor":16,"turns":10},{"damage":9,"enemies":"Spheric Guardian","floor":18,"turns":4},{"damage":14,"enemies":"Shell Parasite","floor":19,"turns":5},{"damage":16,"enemies":"Centurion and Healer","floor":20,"turns":4},{"damage":0,"enemies":"Cultist and Chosen","floor":22,"turns":5}],"seed_played":"3320591813320010759","potions_obtained":[{"floor":5.0,"key":"GhostInAJar"},{"floor":8.0,"key":"AttackPotion"}],"is_trial":false,"path_per_floor":["M","$","?","?","M","E","R","E","T","M","?","T","M","M","R","B",null,"M","M","M","$","M"],"character_chosen":"THE_SILENT","items_purchased":["Dodge and Roll"],"campfire_rested":1,"item_purchase_floors":[21],"current_hp_per_floor":[59,59,39,39,39,39,39,15,15,15,15,15,13,12,31,12,53,44,30,14,14,14],"gold":358,"neow_bonus":"THREE_ENEMY_KILL","is_prod":false,"is_daily":false,"chose_seed":false,"campfire_upgraded":1,"win_rate":0,"timestamp":1554374981,"path_taken":["M","?","?","?","M","E","R","E","T","M","?","?","M","?","R","BOSS","M","M","M","$","?"],"build_version":"2019-01-23","purchased_purges":2,"victory":false,"max_hp_per_floor":[66,66,66,66,66,66,66,66,66,66,66,66,66,66,66,66,66,66,66,66,66,66],"card_choices":[{"not_picked":["Bane","Dagger Throw"],"picked":"Dagger Spray","floor":1.0},{"not_picked":["Bane","Dagger Throw"],"picked":"Backstab","floor":5.0},{"not_picked":["Grand Finale","Prepared"],"picked":"Infinite Blades","floor":6.0},{"not_picked":["Backflip","Dodge and Roll"],"picked":"Terror","floor":8.0},{"not_picked":["Poisoned Stab","Masterful Stab"],"picked":"Deadly Poison","floor":10.0},{"not_picked":["Quick Slash","Dagger Spray"],"picked":"Catalyst","floor":13},{"not_picked":["Sucker Punch","Flying Knee"],"picked":"PiercingWail","floor":14},{"not_picked":["Glass Knife","Burst"],"picked":"Corpse Explosion","floor":16},{"not_picked":["PiercingWail","Backflip"],"picked":"Deadly Poison","floor":18},{"not_picked":["Well Laid Plans","Deadly Poison"],"picked":"Dagger Spray+1","floor":19},{"not_picked":["Riddle With Holes","Infinite Blades"],"picked":"Crippling Poison","floor":20}],"player_experience":1289245,"relics_obtained":[{"floor":6.0,"key":"Vajra"},{"floor":8.0,"key":"Sundial"},{"floor":9.0,"key":"MawBank"},{"floor":12,"key":"The Courier"}],"event_choices":[{"damage_healed":0.0,"max_hp_gain":0.0,"max_hp_loss":0.0,"gold_gain":0.0,"event_name":"Shining Light","player_choice":"Entered Light","floor":3.0,"gold_loss":0.0,"damage_taken":20.0,"cards_upgraded":["Strike_G","Strike_G"]},{"cards_removed":["Strike_G"],"damage_healed":0.0,"max_hp_gain":0.0,"max_hp_loss":0.0,"gold_gain":0.0,"event_name":"Living Wall","player_choice":"Forget","floor":4.0,"gold_loss":0.0,"damage_taken":0.0},{"damage_healed":0,"gold_gain":0,"player_choice":"Searched \u00270\u0027 times","damage_taken":0,"max_hp_gain":0,"max_hp_loss":0,"event_name":"Dead Adventurer","floor":11,"gold_loss":0}],"is_beta":false,"boss_relics":[{"not_picked":["HoveringKite","Black Star"],"picked":"Cursed Key"}],"items_purged_floors":[2,21],"is_endless":false,"potions_floor_spawned":[5,8,10],"killed_by":"Cultist and Chosen","ascension_level":20}