{"gold_per_floor":[118,218,237,249,259,259,259,259,311,329,344,362,362,185,185,285,285,303,303,320,139,154,154,174,49,49,49,66,66,82,100,100,100],"floor_reached":33,"playtime":1247,"items_purged":["Strike_G","Defend_G","Strike_G"],"score":268,"play_id":"185838bb-dbcf-4e1d-88f3-a797b5198f26","local_time":"20190522225331","is_ascension_mode":false,"campfire_choices":[{"data":"Neutralize","floor":6.0,"key":"SMITH"},{"data":"Deadly Poison","floor":8.0,"key":"SMITH"},{"data":"Noxious Fumes","floor":15.0,"key":"SMITH"},{"data":"Catalyst","floor":23.0,"key":"SMITH"},{"floor":29,"key":"REST"},{"floor":32,"key":"REST"}],"neow_cost":"NONE","seed_source_timestamp":554045735993418,"circlet_count":0,"master_deck":["Defend_G","Defend_G","Defend_G","Strike_G","Strike_G","Survivor","Neutralize+1","Deadly Poison+1","Well Laid Plans","Escape Plan","Cloak And Dagger","Neutralize","Noxious Fumes+1","Cloak And Dagger","Die Die Die","Cloak And Dagger","Cloak And Dagger+1","Catalyst+1","Accuracy","Noxious Fumes","Catalyst+1","Blade Dance","Cloak And Dagger+1"],"special_seed":0,"relics":["Ring of the Snake"],"potions_floor_usage":[28,33],"damage_taken":[{"damage":0.0,"enemies":"Jaw Worm","floor":1.0,"turns":4.0},{"damage":1.0,"enemies":"Cultist","floor":3.0,"turns":3.0},{"damage":4.0,"enemies":"Small Slimes","floor":4.0,"turns":5.0},{"damage":0.0,"enemies":"Looter","floor":5.0,"turns":3.0},{"damage":2.0,"enemies":"Exordium Thugs","floor":10.0,"turns":6.0},{"damage":2.0,"enemies":"Large Slime","floor":11.0,"turns":6.0},{"damage":1.0,"enemies":"Blue Slaver","floor":12.0,"turns":4.0},{"damage":23.0,"enemies":"Hexaghost","floor":16.0,"turns":9.0},{"damage":13.0,"enemies":"Spheric Guardian","floor":18.0,"turns":4.0},{"damage":4.0,"enemies":"3 Byrds","floor":20.0,"turns":4.0},{"damage":4.0,"enemies":"Snake Plant","floor":22.0,"turns":4.0},{"damage":11.0,"enemies":"Cultist and Chosen","floor":24.0,"turns":5.0},{"damage":0,"enemies":"Chosen and Byrds","floor":28,"turns":4},{"damage":26,"enemies":"3 Cultists","floor":30,"turns":5},{"damage":5,"enemies":"Cultist and Chosen","floor":31,"turns":4},{"damage":58,"enemies":"Collector","floor":33,"turns":7}],"seed_played":"1664843168323312357","potions_obtained":[{"floor":3.0,"key":"SneckoOil"},{"floor":4.0,"key":"SkillPotion"},{"floor":5.0,"key":"SkillPotion"},{"floor":11.0,"key":"SkillPotion"},{"floor":20.0,"key":"GhostInAJar"},{"floor":24.0,"key":"AttackPotion"}],"is_trial":false,"path_per_floor":["M","?","M","M","M","R","?","R","T","M","M","M","?","$","R","B",null,"M","?","M","$","M","R","M","$","T","?","M","R","M","M","R","B"],"character_chosen":"THE_SILENT","items_purchased":["Noxious Fumes","Cloak And Dagger","Catalyst"],"campfire_rested":2,"item_purchase_floors":[14,14,21],"current_hp_per_floor":[70,70,69,65,65,65,65,65,65,63,61,60,60,60,60,37,70,57,57,53,53,49,49,38,38,38,38,38,59,33,28,49,0],"gold":100,"neow_bonus":"REMOVE_CARD","is_prod":false,"is_daily":false,"chose_seed":false,"campfire_upgraded":4,"win_rate":0,"timestamp":1558536811,"path_taken":["M","?","M","?","M","R","?","R","T","M","?","M","?","?","R","BOSS","M","?","M","$","M","R","M","$","T","?","?","R","M","M","R","BOSS"],"build_version":"2019-01-23","purchased_purges":3,"victory":false,"max_hp_per_floor":[70,70,70,70,70,70,70,70,70,70,70,70,70,70,70,70,70,70,70,70,70,70,70,70,70,70,70,70,70,70,70,70,70],"card_choices":[{"not_picked":["Acrobatics","Sucker Punch"],"picked":"Deadly Poison","floor":1.0},{"not_picked":["Setup","Terror","Finisher"],"picked":"SKIP","floor":3.0},{"not_picked":["Backstab","Choke"],"picked":"Well Laid Plans","floor":4.0},{"not_picked":["Acrobatics","Quick Slash"],"picked":"Escape Plan","floor":5.0},{"not_picked":["Choke","Sucker Punch","Dagger Spray"],"picked":"SKIP","floor":10.0},{"not_picked":["Dagger Throw","Dodge and Roll"],"picked":"Cloak And Dagger","floor":11.0},{"not_picked":["Dagger Spray","Bane","Calculated Gamble"],"picked":"SKIP","floor":12.0},{"not_picked":["A Thousand Cuts","Phantasmal Killer"],"picked":"Die Die Die","floor":16.0},{"not_picked":["All Out Attack","Deflect"],"picked":"Cloak And Dagger","floor":18.0},{"not_picked":["Infinite Blades","PiercingWail"],"picked":"Cloak And Dagger+1","floor":20.0},{"not_picked":["Concentrate","Eviscerate"],"picked":"Accuracy","floor":22.0},{"not_picked":["PiercingWail","Outmaneuver"],"picked":"Noxious Fumes","floor":24.0},{"not_picked":["Quick Slash+1","Deflect"],"picked":"Blade Dance","floor":28},{"not_picked":["Poisoned Stab+1","Acrobatics+1"],"picked":"Cloak And Dagger+1","floor":30},{"not_picked":["Slice","Underhanded Strike","Deadly Poison"],"picked":"SKIP","floor":31}],"player_experience":574519,"relics_obtained":[],"event_choices":[{"damage_healed":0.0,"max_hp_gain":0.0,"max_hp_loss":0.0,"gold_gain":100.0,"event_name":"Golden Shrine","player_choice":"Pray","floor":2.0,"gold_loss":0.0,"damage_taken":0.0},{"cards_removed":["Defend_G"],"damage_healed":0.0,"max_hp_gain":0.0,"max_hp_loss":0.0,"gold_gain":0.0,"event_name":"Wheel of Change","player_choice":"Card Removal","floor":7.0,"gold_loss":0.0,"damage_taken":0.0},{"damage_healed":0.0,"max_hp_gain":0.0,"max_hp_loss":0.0,"gold_gain":0.0,"event_name":"Match and Keep!","player_choice":"1 cards matched","floor":13.0,"gold_loss":0.0,"damage_taken":0.0,"cards_obtained":["Neutralize"]},{"damage_healed":0,"gold_gain":0,"player_choice":"Copied","damage_taken":0,"max_hp_gain":0,"max_hp_loss":0,"event_name":"Duplicator","floor":27,"gold_loss":0,"cards_obtained":["Catalyst"]}],"is_beta":false,"boss_relics":[{"not_picked":["Cursed Key","Ectoplasm","Orrery"]}],"items_purged_floors":[14,21,25],"is_endless":false,"potions_floor_spawned":[3,4,5,11,20,24],"killed_by":"Collector","ascension_level":0}