{"gold_per_floor":[115,133,146,146,158,158,178,178],"floor_reached":8,"playtime":339,"items_purged":[],"score":96,"play_id":"7ba44387-674e-4c18-9f4d-c484c87d388c","local_time":"20190314000349","is_ascension_mode":true,"campfire_choices":[{"data":"Zap","floor":6,"key":"SMITH"}],"neow_cost":"TEN_PERCENT_HP_LOSS","seed_source_timestamp":220087640517700,"circlet_count":0,"master_deck":["AscendersBane","Strike_B","Strike_B","Strike_B","Strike_B","Defend_B","Defend_B","Defend_B","Defend_B","Zap+1","Dualcast","Ball Lightning","Ball Lightning","Ball Lightning","Auto Shields","Go for the Eyes"],"special_seed":0,"relics":["Cracked Core","Turnip","Odd Mushroom"],"potions_floor_usage":[5,8],"damage_taken":[{"damage":2.0,"enemies":"Cultist","floor":1.0,"turns":4.0},{"damage":15.0,"enemies":"Small Slimes","floor":2.0,"turns":4.0},{"damage":4.0,"enemies":"Jaw Worm","floor":3.0,"turns":3.0},{"damage":5,"enemies":"Large Slime","floor":5,"turns":3},{"damage":18,"enemies":"The Mushroom Lair","floor":7,"turns":4},{"damage":29,"enemies":"Gremlin Nob","floor":8,"turns":3}],"seed_played":"-3338590374788945064","potions_obtained":[{"floor":2.0,"key":"SkillPotion"},{"floor":5,"key":"Dexterity Potion"}],"is_trial":false,"path_per_floor":["M","M","M","?","M","R","?","E"],"character_chosen":"DEFECT","items_purchased":[],"campfire_rested":0,"item_purchase_floors":[],"current_hp_per_floor":[62,47,43,43,38,38,20,0],"gold":178,"neow_bonus":"ONE_RARE_RELIC","is_prod":false,"is_daily":false,"chose_seed":false,"campfire_upgraded":1,"win_rate":0,"timestamp":1552521829,"path_taken":["M","M","?","?","M","R","?","E"],"build_version":"2019-01-23","purchased_purges":0,"victory":false,"max_hp_per_floor":[64,64,64,64,64,64,64,64],"card_choices":[{"not_picked":["Reinforced Body","Stack"],"picked":"Ball Lightning","floor":1.0},{"not_picked":["Beam Cell","Turbo"],"picked":"Ball Lightning","floor":2.0},{"not_picked":["Beam Cell","Echo Form"],"picked":"Ball Lightning","floor":3.0},{"not_picked":["Tempest","Sweeping Beam"],"picked":"Auto Shields","floor":5},{"not_picked":["Rip and Tear","Turbo"],"picked":"Go for the Eyes","floor":7}],"player_experience":1280676,"relics_obtained":[{"floor":7,"key":"Odd Mushroom"}],"event_choices":[{"damage_healed":0.0,"max_hp_gain":0.0,"max_hp_loss":0.0,"gold_gain":0.0,"event_name":"Scrap Ooze","player_choice":"Fled","floor":4.0,"gold_loss":0.0,"damage_taken":0.0},{"damage_healed":0,"gold_gain":0,"player_choice":"Fought Mushrooms","damage_taken":0,"max_hp_gain":0,"max_hp_loss":0,"event_name":"Mushrooms","floor":7,"gold_loss":0}],"is_beta":false,"boss_relics":[],"items_purged_floors":[],"is_endless":false,"potions_floor_spawned":[2,5],"killed_by":"Gremlin Nob","ascension_level":20}