{"gold_per_floor":[116,41,41,61,61,91,103,103,103,103,137,156,156,167,167,167],"floor_reached":16,"playtime":454,"items_purged":["Strike_R"],"score":220,"play_id":"9ac6266a-7c70-477a-9dff-521079f752ac","local_time":"20190118175607","is_ascension_mode":true,"campfire_choices":[{"floor":8.0,"key":"REST"},{"data":"Shockwave","floor":10.0,"key":"SMITH"},{"data":"Bash","floor":13,"key":"SMITH"},{"data":"Shrug It Off","floor":15,"key":"SMITH"}],"neow_cost":"NONE","seed_source_timestamp":23114646702302,"circlet_count":0,"master_deck":["AscendersBane","Strike_R","Strike_R","Strike_R","Strike_R","Defend_R","Defend_R","Defend_R","Defend_R","Bash+1","Pommel Strike","Shockwave+1","Twin Strike","Spot Weakness","Rampage","Inflame","Thunderclap","Shrug It Off+1"],"special_seed":0,"relics":["Burning Blood","Mercury Hourglass","Smiling Mask","Art of War"],"potions_floor_usage":[11],"damage_taken":[{"damage":10.0,"enemies":"2 Louse","floor":1.0,"turns":2.0},{"damage":12.0,"enemies":"Jaw Worm","floor":4.0,"turns":4.0},{"damage":30.0,"enemies":"Lagavulin","floor":6.0,"turns":5.0},{"damage":12.0,"enemies":"Small Slimes","floor":7.0,"turns":3.0},{"damage":8,"enemies":"Gremlin Nob","floor":11,"turns":3},{"damage":10,"enemies":"Gremlin Gang","floor":12,"turns":4},{"damage":14,"enemies":"3 Louse","floor":14,"turns":3},{"damage":34,"enemies":"The Guardian","floor":16,"turns":5}],"seed_played":"6198298539595115589","potions_obtained":[{"floor":1.0,"key":"AttackPotion"},{"floor":6.0,"key":"SkillPotion"},{"floor":14,"key":"Explosive Potion"}],"is_trial":false,"path_per_floor":["M","$","?","M","?","E","M","R","T","R","E","M","R","M","R","B"],"character_chosen":"IRONCLAD","items_purchased":[],"campfire_rested":1,"item_purchase_floors":[],"current_hp_per_floor":[64,64,64,58,58,34,28,50,50,50,48,44,44,36,36,2],"gold":167,"neow_bonus":"THREE_CARDS","is_prod":false,"is_daily":false,"chose_seed":false,"campfire_upgraded":3,"win_rate":0,"timestamp":1547834167,"path_taken":["M","$","?","M","?","E","M","R","T","R","E","M","R","M","R","BOSS"],"build_version":"2019-01-17v2","purchased_purges":1,"victory":false,"max_hp_per_floor":[75,75,75,75,75,75,75,75,75,75,75,75,75,75,75,75],"card_choices":[{"not_picked":["Armaments","Heavy Blade"],"picked":"Pommel Strike","floor":0.0},{"not_picked":["Battle Trance","Blood for Blood"],"picked":"Shockwave","floor":1.0},{"not_picked":["Bloodletting","Sever Soul"],"picked":"Twin Strike","floor":4.0},{"not_picked":["Feel No Pain","Reaper"],"picked":"Spot Weakness","floor":6.0},{"not_picked":["Metallicize","Sever Soul"],"picked":"Rampage","floor":7.0},{"not_picked":["Warcry","Rupture"],"picked":"Inflame","floor":11},{"not_picked":["Battle Trance","Wild Strike"],"picked":"Thunderclap","floor":12},{"not_picked":["Dual Wield","Body Slam"],"picked":"Shrug It Off","floor":14}],"player_experience":1151537,"relics_obtained":[{"floor":6.0,"key":"Mercury Hourglass"},{"floor":9.0,"key":"Smiling Mask"},{"floor":11,"key":"Art of War"}],"event_choices":[{"damage_healed":0.0,"max_hp_gain":0.0,"max_hp_loss":0.0,"gold_gain":0.0,"event_name":"The Cleric","player_choice":"Leave","floor":3.0,"gold_loss":0.0,"damage_taken":0.0},{"damage_healed":0.0,"max_hp_gain":0.0,"max_hp_loss":0.0,"gold_gain":0.0,"event_name":"Liars Game","player_choice":"Ignored","floor":5.0,"gold_loss":0.0,"damage_taken":0.0}],"is_beta":false,"boss_relics":[],"items_purged_floors":[2],"is_endless":false,"potions_floor_spawned":[1,6,14],"killed_by":"The Guardian","ascension_level":20}