{"gold_per_floor":[119,137,62,77,127,161,161,181,231,231],"floor_reached":10,"playtime":294,"items_purged":["Strike_G"],"score":136,"play_id":"c5f9ba65-b24b-4279-b51f-5cbe499a128c","local_time":"20190504210144","is_ascension_mode":true,"campfire_choices":[{"data":"Finisher","floor":7,"key":"SMITH"}],"neow_cost":"NONE","seed_source_timestamp":0,"circlet_count":0,"master_deck":["AscendersBane","Defend_G","Defend_G","Defend_G","Defend_G","Defend_G","Strike_G","Strike_G","Strike_G","Strike_G","Survivor","Neutralize","Blade Dance","Dagger Throw","Flying Knee","Finisher+1","Blade Dance"],"special_seed":0,"relics":["Lizard Tail","The Courier","Ancient Tea Set"],"potions_floor_usage":[6],"damage_taken":[{"damage":6,"enemies":"Cultist","floor":1,"turns":4},{"damage":4,"enemies":"Small Slimes","floor":2,"turns":4},{"damage":2,"enemies":"Jaw Worm","floor":4,"turns":4},{"damage":62,"enemies":"3 Sentries","floor":6,"turns":13},{"damage":14,"enemies":"3 Louse","floor":8,"turns":3},{"damage":7,"enemies":"Exordium Wildlife","floor":10,"turns":2}],"seed_played":"8472774948325998884","potions_obtained":[{"floor":1,"key":"Poison Potion"},{"floor":2,"key":"Strength Potion"}],"is_trial":false,"path_per_floor":["M","M","$","M","?","E","R","M","T","M"],"character_chosen":"THE_SILENT","items_purchased":[],"campfire_rested":0,"item_purchase_floors":[],"current_hp_per_floor":[53,49,49,47,47,18,18,4,4,0],"gold":231,"neow_bonus":"BOSS_RELIC","is_prod":false,"is_daily":false,"chose_seed":false,"campfire_upgraded":1,"win_rate":0,"timestamp":1557000104,"path_taken":["M","?","$","?","?","E","R","M","T","?"],"build_version":"2019-01-23","purchased_purges":1,"victory":false,"max_hp_per_floor":[66,66,66,66,66,66,66,66,66,66],"card_choices":[{"not_picked":["Distraction","Eviscerate"],"picked":"Blade Dance","floor":1},{"not_picked":["Sucker Punch","Deadly Poison"],"picked":"Dagger Throw","floor":2},{"not_picked":["Bane","Deflect"],"picked":"Flying Knee","floor":4},{"not_picked":["PiercingWail","Outmaneuver"],"picked":"Finisher","floor":6},{"not_picked":["Underhanded Strike","PiercingWail"],"picked":"Blade Dance","floor":8}],"player_experience":1335096,"relics_obtained":[{"floor":6,"key":"The Courier"},{"floor":9,"key":"Ancient Tea Set"}],"event_choices":[{"damage_healed":0,"gold_gain":50,"player_choice":"Pray","damage_taken":0,"max_hp_gain":0,"max_hp_loss":0,"event_name":"Golden Shrine","floor":5,"gold_loss":0}],"is_beta":false,"boss_relics":[],"items_purged_floors":[3],"is_endless":false,"potions_floor_spawned":[1,2],"killed_by":"Exordium Wildlife","ascension_level":20}