{"gold_per_floor":[114,127,127,145,165,191,201,201,255,255,180,194,194,208,208,286,286,306,306,259,279,299,299],"floor_reached":23,"playtime":1062,"items_purged":["Strike_R"],"score":394,"play_id":"b348c557-f135-4dd4-90d2-fccf3075b871","local_time":"20190123115924","is_ascension_mode":true,"campfire_choices":[{"floor":8.0,"key":"REST"},{"data":"Bash","floor":10.0,"key":"SMITH"},{"data":"Barricade","floor":15.0,"key":"SMITH"}],"neow_cost":"NONE","seed_source_timestamp":6146485994562,"circlet_count":0,"master_deck":["AscendersBane","Strike_R","Strike_R","Defend_R","Defend_R","Defend_R","Defend_R","Bash+1","Rampage","Intimidate","Inflame","Clothesline","Anger","Barricade+1","True Grit+1","Impervious+1","Ghostly Armor+1","Shrug It Off+1","Pommel Strike","Headbutt"],"special_seed":0,"relics":["Burning Blood","Paper Frog","Toxic Egg 2","Anchor","Philosopher\u0027s Stone","Dream Catcher"],"potions_floor_usage":[23,23],"damage_taken":[{"damage":6.0,"enemies":"2 Louse","floor":1.0,"turns":4.0},{"damage":4.0,"enemies":"Jaw Worm","floor":2.0,"turns":4.0},{"damage":1.0,"enemies":"Small Slimes","floor":4.0,"turns":3.0},{"damage":9.0,"enemies":"Red Slaver","floor":5.0,"turns":3.0},{"damage":30.0,"enemies":"3 Sentries","floor":6.0,"turns":7.0},{"damage":27.0,"enemies":"Gremlin Gang","floor":7.0,"turns":4.0},{"damage":4.0,"enemies":"Blue Slaver","floor":12.0,"turns":3.0},{"damage":13.0,"enemies":"Looter","floor":14.0,"turns":4.0},{"damage":19.0,"enemies":"The Guardian","floor":16.0,"turns":14.0},{"damage":1.0,"enemies":"Spheric Guardian","floor":18.0,"turns":6.0},{"damage":8.0,"enemies":"2 Thieves","floor":20.0,"turns":5.0},{"damage":39.0,"enemies":"Sentry and Sphere","floor":21.0,"turns":10.0},{"damage":11.0,"enemies":"Centurion and Healer","floor":22.0,"turns":7.0},{"damage":28,"enemies":"Slavers","floor":23,"turns":3}],"seed_played":"5518983279814514029","potions_obtained":[{"floor":1.0,"key":"Energy Potion"},{"floor":5.0,"key":"Strength Potion"},{"floor":7.0,"key":"SpeedPotion"},{"floor":16.0,"key":"EssenceOfSteel"},{"floor":21.0,"key":"Ancient Potion"}],"is_trial":false,"path_per_floor":["M","M","?","M","M","E","M","R","T","R","$","M","?","M","R","B",null,"M","?","M","M","M","E"],"character_chosen":"IRONCLAD","items_purchased":[],"campfire_rested":1,"item_purchase_floors":[],"current_hp_per_floor":[68,70,65,70,67,43,22,44,44,44,44,46,39,32,32,19,61,66,66,64,31,26,0],"gold":299,"neow_bonus":"REMOVE_CARD","is_prod":false,"is_daily":false,"chose_seed":false,"campfire_upgraded":2,"win_rate":0,"timestamp":1548244764,"path_taken":["M","M","?","M","M","E","M","R","T","R","$","M","?","M","R","BOSS","M","?","M","?","?","E"],"build_version":"2019-01-17v2","purchased_purges":1,"victory":false,"max_hp_per_floor":[75,75,75,75,75,75,75,75,75,75,75,75,75,75,75,75,75,75,75,75,75,75,75],"card_choices":[{"not_picked":["Iron Wave","Reckless Charge"],"picked":"Rampage","floor":1.0},{"not_picked":["Warcry","Sever Soul"],"picked":"Intimidate","floor":2.0},{"not_picked":["Blood for Blood","Thunderclap"],"picked":"Cleave","floor":4.0},{"not_picked":["Armaments","Spot Weakness"],"picked":"Inflame","floor":5.0},{"not_picked":["Body Slam","Heavy Blade"],"picked":"Clothesline","floor":6.0},{"not_picked":["Iron Wave","Flex+1"],"picked":"Anger","floor":7.0},{"not_picked":["Second Wind+1","Sever Soul"],"picked":"Barricade","floor":12.0},{"not_picked":["Sever Soul","Clash"],"picked":"True Grit+1","floor":14.0},{"not_picked":["Reaper","Immolate"],"picked":"Impervious+1","floor":16.0},{"not_picked":["Bloodletting+1","True Grit+1"],"picked":"Ghostly Armor+1","floor":18.0},{"not_picked":["Heavy Blade","Perfected Strike"],"picked":"Shrug It Off+1","floor":20.0},{"not_picked":["Armaments+1","Wild Strike"],"picked":"Pommel Strike","floor":21.0},{"not_picked":["Havoc+1","Bloodletting+1"],"picked":"Headbutt","floor":22.0}],"player_experience":1162821,"relics_obtained":[{"floor":6.0,"key":"Toxic Egg 2"},{"floor":9.0,"key":"Anchor"}],"event_choices":[{"damage_healed":0.0,"max_hp_gain":0.0,"max_hp_loss":0.0,"gold_gain":0.0,"event_name":"Scrap Ooze","player_choice":"Success","floor":3.0,"gold_loss":0.0,"damage_taken":5.0,"relics_obtained":["Paper Frog"]},{"cards_removed":["Strike_R"],"damage_healed":0.0,"max_hp_gain":0.0,"max_hp_loss":0.0,"gold_gain":0.0,"event_name":"Golden Wing","player_choice":"Card Removal","floor":13.0,"gold_loss":0.0,"damage_taken":7.0},{"cards_removed":["Cleave"],"damage_healed":0.0,"max_hp_gain":0.0,"max_hp_loss":0.0,"gold_gain":0.0,"event_name":"WeMeetAgain","player_choice":"Gave Card","floor":19.0,"gold_loss":0.0,"damage_taken":0.0,"relics_obtained":["Dream Catcher"]}],"is_beta":false,"boss_relics":[{"not_picked":["White Beast Statue","Astrolabe"],"picked":"Philosopher\u0027s Stone"}],"items_purged_floors":[11],"is_endless":false,"potions_floor_spawned":[1,5,7,16,18,21],"killed_by":"Slavers","ascension_level":20}