{"gold_per_floor":[115,132,151,163,133,133,165,165,165,182,208,224,257,257,257,358,358,371,371,471,5,5,5,23,23,23,37,37,57,92,105,105,105],"floor_reached":33,"playtime":4239,"items_purged":[],"score":301,"play_id":"f3fc1557-48ab-4bec-8c38-c36be0496403","local_time":"20181124001154","is_ascension_mode":true,"campfire_choices":[{"data":"Metallicize","floor":6.0,"key":"SMITH"},{"data":"Whirlwind","floor":8.0,"key":"SMITH"},{"data":"Armaments","floor":15.0,"key":"SMITH"},{"floor":23,"key":"REST"},{"data":"Limit Break","floor":25,"key":"SMITH"},{"data":"Deep Breath","floor":28,"key":"SMITH"},{"data":"Dual Wield","floor":32,"key":"SMITH"}],"neow_cost":"NONE","seed_source_timestamp":0,"circlet_count":0,"master_deck":["Strike_R","Strike_R","Strike_R","Defend_R","Defend_R","Defend_R","Bash","Metallicize+1","Flex","Impervious","Flex","Spot Weakness","Whirlwind+1","Heavy Blade","Hemokinesis","Flex","Armaments+1","Brutality","Inflame+1","Heavy Blade+1","Reaper+1","Spot Weakness","Burning Pact+1","Deep Breath+1","Whirlwind","Limit Break+1","Ghostly Armor","Bloodletting","Dual Wield+1"],"special_seed":0,"relics":["Burning Blood","NeowsBlessing","Matryoshka","Orichalcum","Shuriken","Blood Vial","Paper Frog","Potion Belt","Astrolabe","Enchiridion","Magic Flower","Bottled Flame","Incense Burner","Omamori","Question Card","Self Forming Clay"],"potions_floor_usage":[20,24,33],"damage_taken":[{"damage":0.0,"enemies":"Cultist","floor":1.0,"turns":1.0},{"damage":0.0,"enemies":"Jaw Worm","floor":2.0,"turns":1.0},{"damage":0.0,"enemies":"Small Slimes","floor":3.0,"turns":1.0},{"damage":2.0,"enemies":"Blue Slaver","floor":4.0,"turns":6.0},{"damage":2.0,"enemies":"Looter","floor":5.0,"turns":4.0},{"damage":5.0,"enemies":"3 Sentries","floor":7.0,"turns":10.0},{"damage":0.0,"enemies":"Gremlin Gang","floor":10.0,"turns":4.0},{"damage":12.0,"enemies":"Lagavulin","floor":11.0,"turns":6.0},{"damage":0.0,"enemies":"Red Slaver","floor":12.0,"turns":5.0},{"damage":12.0,"enemies":"Gremlin Nob","floor":13.0,"turns":3.0},{"damage":20.0,"enemies":"Hexaghost","floor":16.0,"turns":12.0},{"damage":8.0,"enemies":"3 Byrds","floor":18.0,"turns":5.0},{"damage":42,"enemies":"Colosseum Slavers","floor":20,"turns":5},{"damage":43,"enemies":"Colosseum Nobs","floor":20,"turns":5},{"damage":11,"enemies":"Shell Parasite","floor":24,"turns":4},{"damage":29,"enemies":"Snake Plant","floor":27,"turns":5},{"damage":15,"enemies":"Shelled Parasite and Fungi","floor":29,"turns":4},{"damage":40,"enemies":"Book of Stabbing","floor":30,"turns":6},{"damage":3,"enemies":"3 Cultists","floor":31,"turns":3},{"damage":83,"enemies":"Collector","floor":33,"turns":10}],"seed_played":"1961667793046986949","potions_obtained":[{"floor":1.0,"key":"Explosive Potion"},{"floor":2.0,"key":"Ancient Potion"},{"floor":7.0,"key":"FearPotion"},{"floor":10.0,"key":"AttackPotion"},{"floor":13.0,"key":"SpeedPotion"},{"floor":18.0,"key":"GamblersBrew"},{"floor":24,"key":"SpeedPotion"},{"floor":29,"key":"GamblersBrew"}],"is_trial":false,"path_per_floor":["M","M","M","M","M","R","E","R","T","M","E","M","E","?","R","B",null,"M","?","?","$","?","R","M","R","T","M","R","M","E","M","R","B"],"character_chosen":"IRONCLAD","items_purchased":["Incense Burner","Deep Breath","Whirlwind","AttackPotion"],"campfire_rested":1,"item_purchase_floors":[21,21,21,21],"current_hp_per_floor":[80,80,80,80,80,80,80,80,80,80,74,80,74,62,62,50,80,78,62,24,24,24,48,49,49,49,43,43,61,41,58,58,0],"gold":105,"neow_bonus":"THREE_ENEMY_KILL","is_prod":false,"is_daily":false,"chose_seed":false,"campfire_upgraded":6,"win_rate":0,"timestamp":1543047114,"path_taken":["M","M","M","M","M","R","E","R","T","M","E","M","E","?","R","BOSS","M","?","?","?","?","R","M","R","T","M","R","?","E","M","R","BOSS"],"build_version":"2018-11-15","purchased_purges":0,"victory":false,"max_hp_per_floor":[80,80,80,80,80,80,80,80,80,80,80,80,80,80,80,80,80,80,80,80,80,80,80,80,80,80,80,80,80,80,80,80,80],"card_choices":[{"not_picked":["Carnage","Whirlwind"],"picked":"Metallicize","floor":1.0},{"not_picked":["Corruption","Wild Strike"],"picked":"Flex","floor":2.0},{"not_picked":["Anger","Intimidate"],"picked":"Impervious","floor":3.0},{"not_picked":["Iron Wave","Carnage"],"picked":"Flex","floor":4.0},{"not_picked":["Wild Strike","Shrug It Off"],"picked":"Spot Weakness","floor":5.0},{"not_picked":["Clash","Uppercut"],"picked":"Whirlwind","floor":7.0},{"not_picked":["Clash","Headbutt"],"picked":"Heavy Blade","floor":10.0},{"not_picked":["Rupture","Entrench"],"picked":"Hemokinesis","floor":11.0},{"not_picked":["Iron Wave","Perfected Strike"],"picked":"Flex","floor":12.0},{"not_picked":["Uppercut","Shockwave"],"picked":"Armaments","floor":13.0},{"not_picked":["Fiend Fire","Impervious"],"picked":"Brutality","floor":16.0},{"not_picked":["Shrug It Off","Flex"],"picked":"Spot Weakness","floor":18.0},{"not_picked":["Clothesline","Headbutt+1"],"picked":"Burning Pact+1","floor":20},{"not_picked":["Twin Strike","True Grit"],"picked":"Limit Break","floor":24},{"not_picked":["Pommel Strike","Uppercut","Wild Strike","Perfected Strike"],"picked":"SKIP","floor":27},{"not_picked":["True Grit","Corruption","Sword Boomerang"],"picked":"Ghostly Armor","floor":29},{"not_picked":["Pommel Strike+1","Sentinel+1","Clothesline"],"picked":"Bloodletting","floor":30},{"not_picked":["Sever Soul","Armaments+1","Flex"],"picked":"Dual Wield","floor":31}],"player_experience":242971,"relics_obtained":[{"floor":7.0,"key":"Matryoshka"},{"floor":9.0,"key":"Orichalcum"},{"floor":9.0,"key":"Shuriken"},{"floor":11.0,"key":"Blood Vial"},{"floor":13.0,"key":"Paper Frog"},{"floor":19.0,"key":"Enchiridion"},{"floor":20,"key":"Magic Flower"},{"floor":20,"key":"Bottled Flame"},{"floor":26,"key":"Omamori"},{"floor":26,"key":"Question Card"},{"floor":30,"key":"Self Forming Clay"}],"event_choices":[{"damage_healed":0.0,"max_hp_gain":0.0,"max_hp_loss":0.0,"gold_gain":0.0,"event_name":"Scrap Ooze","player_choice":"Success","floor":14.0,"gold_loss":0.0,"damage_taken":12.0,"relics_obtained":["Potion Belt"]},{"damage_healed":0.0,"max_hp_gain":0.0,"max_hp_loss":0.0,"gold_gain":0.0,"event_name":"Cursed Tome","player_choice":"Obtained Book","floor":19.0,"gold_loss":0.0,"damage_taken":16.0},{"damage_healed":0,"gold_gain":0,"player_choice":"Fight","damage_taken":0,"max_hp_gain":0,"max_hp_loss":0,"event_name":"Colosseum","floor":20,"gold_loss":0},{"damage_healed":0,"gold_gain":0,"player_choice":"Fought Nobs","damage_taken":0,"max_hp_gain":0,"max_hp_loss":0,"event_name":"Colosseum","floor":20,"gold_loss":0},{"damage_healed":0,"gold_gain":0,"player_choice":"Ignored","damage_taken":0,"max_hp_gain":0,"max_hp_loss":0,"event_name":"Ghosts","floor":22,"gold_loss":0}],"is_beta":true,"boss_relics":[{"not_picked":["Coffee Dripper","Empty Cage"],"picked":"Astrolabe"}],"items_purged_floors":[],"is_endless":false,"potions_floor_spawned":[1,2,7,10,13,18,24,29],"killed_by":"Collector","ascension_level":1}