{"gold_per_floor":[113,113,113,128,142,181,195,195,220,264,20,20,45,45,45,168,168,191,25,25,124,41,41,55,55,104,119,154,154,169,208,208,328,328,351,351,366,699,699,1032,1042,1072,1096,421,439,465,481,499,499,499],"floor_reached":51,"playtime":3474,"items_purged":["Strike_G","Doubt"],"score":1190,"play_id":"fb6b7070-37fd-4542-98ec-e30426d4ca98","local_time":"20190404181814","is_ascension_mode":true,"campfire_choices":[{"data":"Doppelganger","floor":8.0,"key":"SMITH"},{"floor":15.0,"key":"REST"},{"data":"Infinite Blades","floor":23.0,"key":"SMITH"},{"data":"Cloak And Dagger","floor":25.0,"key":"SMITH"},{"floor":32.0,"key":"REST"},{"floor":49,"key":"REST"}],"neow_cost":"NONE","seed_source_timestamp":0,"circlet_count":0,"master_deck":["AscendersBane","Defend_G+1","Defend_G","Defend_G+1","Defend_G","Defend_G","Strike_G","Strike_G","Strike_G+1","Survivor","Neutralize","Escape Plan","Cloak And Dagger+1","Flying Knee+1","Doppelganger+1","Burst+1","Skewer","Footwork+1","Die Die Die+1","Infinite Blades+1","Dagger Spray","Flash of Steel","Dagger Spray","Cloak And Dagger+1","Deflect","Glass Knife","Cloak And Dagger+1","Infinite Blades","Parasite","Prepared+1","Backstab+1","Apotheosis","Dodge and Roll+1","Footwork+1"],"special_seed":0,"relics":["Ring of the Snake","Smiling Mask","Snake Skull","Regal Pillow","Shuriken","Eternal Feather","MutagenicStrength","Whetstone","Happy Flower","War Paint","Cursed Key","Ice Cream","Old Coin","Oddly Smooth Stone","Anchor","Letter Opener","HandDrill","The Courier"],"potions_floor_usage":[50,50],"damage_taken":[{"damage":0.0,"enemies":"Small Slimes","floor":1.0,"turns":3.0},{"damage":0.0,"enemies":"Jaw Worm","floor":4.0,"turns":4.0},{"damage":0.0,"enemies":"Cultist","floor":5.0,"turns":4.0},{"damage":19.0,"enemies":"Gremlin Nob","floor":6.0,"turns":4.0},{"damage":0.0,"enemies":"Blue Slaver","floor":7.0,"turns":4.0},{"damage":21.0,"enemies":"Lagavulin","floor":10.0,"turns":6.0},{"damage":5.0,"enemies":"Large Slime","floor":13.0,"turns":6.0},{"damage":37.0,"enemies":"Slime Boss","floor":16.0,"turns":14.0},{"damage":12.0,"enemies":"Chosen","floor":18.0,"turns":8.0},{"damage":12.0,"enemies":"Spheric Guardian","floor":24.0,"turns":4.0},{"damage":0.0,"enemies":"Centurion and Healer","floor":27.0,"turns":4.0},{"damage":19.0,"enemies":"Gremlin Leader","floor":28.0,"turns":7.0},{"damage":4.0,"enemies":"Chosen and Byrds","floor":30.0,"turns":5.0},{"damage":28.0,"enemies":"Book of Stabbing","floor":31.0,"turns":6.0},{"damage":56.0,"enemies":"Champ","floor":33.0,"turns":12.0},{"damage":0.0,"enemies":"Orb Walker","floor":35.0,"turns":3.0},{"damage":0.0,"enemies":"3 Shapes","floor":37.0,"turns":3.0},{"damage":10.0,"enemies":"Reptomancer","floor":40.0,"turns":5.0},{"damage":0.0,"enemies":"Maw","floor":41.0,"turns":6.0},{"damage":15.0,"enemies":"Giant Head","floor":42.0,"turns":6.0},{"damage":0.0,"enemies":"4 Shapes","floor":45.0,"turns":4.0},{"damage":0,"enemies":"Reptomancer","floor":46,"turns":5},{"damage":1,"enemies":"Sphere and 2 Shapes","floor":47,"turns":3},{"damage":7,"enemies":"Transient","floor":48,"turns":5},{"damage":38,"enemies":"Donu and Deca","floor":50,"turns":8}],"seed_played":"-3404913962788771447","potions_obtained":[{"floor":1.0,"key":"FearPotion"},{"floor":5.0,"key":"Strength Potion"},{"floor":7.0,"key":"SmokeBomb"},{"floor":16.0,"key":"GamblersBrew"},{"floor":24.0,"key":"SneckoOil"},{"floor":31.0,"key":"Fire Potion"},{"floor":33.0,"key":"Strength Potion"},{"floor":37.0,"key":"Dexterity Potion"}],"is_trial":false,"path_per_floor":["M","?","?","M","M","E","M","R","T","E","$","?","M","?","R","B",null,"M","$","?","?","$","R","M","R","T","M","E","?","M","E","R","B",null,"M","?","M","?","T","E","M","E","T","$","M","E","M","M","R","B",null],"character_chosen":"THE_SILENT","items_purchased":["Shuriken","Infinite Blades","Dagger Spray","Flash of Steel","Letter Opener","HandDrill","Apotheosis"],"campfire_rested":3,"item_purchase_floors":[11,19,19,22,44,44,44],"current_hp_per_floor":[70,55,55,55,55,36,36,36,36,15,15,20,15,15,52,15,61,49,49,49,49,49,61,49,61,61,61,42,42,38,10,62,6,59,59,59,59,59,59,49,49,34,34,34,34,34,33,26,72,34],"gold":499,"neow_bonus":"TEN_PERCENT_HP_BONUS","is_prod":false,"is_daily":false,"chose_seed":false,"campfire_upgraded":3,"win_rate":0,"timestamp":1554427094,"path_taken":["M","?","?","M","M","E","M","R","T","E","$","?","M","?","R","BOSS","M","?","?","?","?","R","M","R","T","?","E","?","M","E","R","BOSS","M","?","M","?","?","E","M","E","T","$","?","E","M","M","R","BOSS"],"build_version":"2019-01-23","purchased_purges":2,"victory":true,"max_hp_per_floor":[77,77,71,71,71,71,71,71,71,71,71,76,76,76,76,76,76,76,76,76,76,76,76,76,76,76,76,76,76,76,76,76,76,76,76,72,72,72,72,72,72,72,72,72,72,72,72,72,72,72],"card_choices":[{"not_picked":["Bouncing Flask","PiercingWail"],"picked":"Escape Plan","floor":1.0},{"not_picked":["Dodge and Roll","Accuracy"],"picked":"Cloak And Dagger","floor":4.0},{"not_picked":["All Out Attack","Dagger Throw"],"picked":"Flying Knee","floor":5.0},{"not_picked":["Predator","Dagger Throw"],"picked":"Doppelganger","floor":6.0},{"not_picked":["PiercingWail","Slice","Deadly Poison"],"picked":"SKIP","floor":7.0},{"not_picked":["Underhanded Strike","Bane"],"picked":"Burst","floor":10.0},{"not_picked":["Dagger Throw","Poisoned Stab"],"picked":"Skewer","floor":13.0},{"not_picked":["Bullet Time","Venomology"],"picked":"Die Die Die","floor":16.0},{"not_picked":["Backflip","Leg Sweep","Quick Slash"],"picked":"SKIP","floor":18.0},{"not_picked":["Poisoned Stab","Bane","Slice"],"picked":"SKIP","floor":24.0},{"not_picked":["Bane+1","Flechettes+1","Expertise"],"picked":"SKIP","floor":27.0},{"not_picked":["Slice","Poisoned Stab"],"picked":"Dagger Spray","floor":28.0},{"not_picked":["Acrobatics","Catalyst"],"picked":"Cloak And Dagger+1","floor":30.0},{"not_picked":["Distraction","Endless Agony+1"],"picked":"Deflect","floor":31.0},{"not_picked":["Night Terror","Wraith Form v2"],"picked":"Glass Knife","floor":33.0},{"not_picked":["Finisher+1","Slice+1"],"picked":"Cloak And Dagger+1","floor":35.0},{"not_picked":["Poisoned Stab+1","Blur+1"],"picked":"Infinite Blades","floor":37.0},{"not_picked":["Setup","Predator"],"picked":"Prepared+1","floor":40.0},{"not_picked":["Bane+1","Calculated Gamble+1","Dagger Spray"],"picked":"SKIP","floor":41.0},{"not_picked":["Masterful Stab","Eviscerate"],"picked":"Backstab+1","floor":42.0},{"not_picked":["Backstab","Caltrops+1","Burst"],"picked":"SKIP","floor":45},{"not_picked":["Crippling Poison+1","Venomology","Distraction"],"picked":"SKIP","floor":46},{"not_picked":["Dagger Spray","Masterful Stab+1"],"picked":"Dodge and Roll+1","floor":47},{"not_picked":["All Out Attack","Sucker Punch+1"],"picked":"Footwork+1","floor":48}],"player_experience":450883,"relics_obtained":[{"floor":6.0,"key":"Smiling Mask"},{"floor":9.0,"key":"Snake Skull"},{"floor":10.0,"key":"Regal Pillow"},{"floor":26.0,"key":"Whetstone"},{"floor":28.0,"key":"Happy Flower"},{"floor":31.0,"key":"War Paint"},{"floor":39.0,"key":"Ice Cream"},{"floor":40.0,"key":"Old Coin"},{"floor":42.0,"key":"Oddly Smooth Stone"},{"floor":43.0,"key":"Anchor"},{"floor":46,"key":"The Courier"}],"event_choices":[{"damage_healed":0.0,"max_hp_gain":0.0,"max_hp_loss":0.0,"gold_gain":0.0,"event_name":"Shining Light","player_choice":"Entered Light","floor":2.0,"gold_loss":0.0,"damage_taken":15.0,"cards_upgraded":["Strike_G","Defend_G"]},{"damage_healed":0.0,"max_hp_gain":0.0,"max_hp_loss":6.0,"gold_gain":0.0,"event_name":"Golden Idol","player_choice":"Lose Max HP","floor":3.0,"gold_loss":0.0,"damage_taken":0.0,"relics_obtained":["Golden Idol"]},{"damage_healed":0.0,"max_hp_gain":5.0,"max_hp_loss":0.0,"gold_gain":0.0,"event_name":"Big Fish","player_choice":"Donut","floor":12.0,"gold_loss":0.0,"damage_taken":0.0},{"damage_healed":0.0,"max_hp_gain":0.0,"max_hp_loss":0.0,"gold_gain":0.0,"cards_transformed":["Strike_G"],"event_name":"Transmorgrifier","player_choice":"Transformed","floor":14.0,"gold_loss":0.0,"damage_taken":0.0,"cards_obtained":["Footwork"]},{"damage_healed":0.0,"max_hp_gain":0.0,"max_hp_loss":0.0,"gold_gain":0.0,"event_name":"Drug Dealer","player_choice":"Inject Mutagens","floor":20.0,"gold_loss":0.0,"damage_taken":0.0,"relics_obtained":["MutagenicStrength"]},{"damage_healed":0.0,"max_hp_gain":0.0,"max_hp_loss":0.0,"gold_gain":99.0,"event_name":"Nest","player_choice":"Stole From Cult","floor":21.0,"gold_loss":0.0,"damage_taken":0.0},{"damage_healed":0.0,"max_hp_gain":0.0,"max_hp_loss":0.0,"gold_gain":0.0,"event_name":"Accursed Blacksmith","player_choice":"Forge","floor":29.0,"gold_loss":0.0,"damage_taken":0.0,"cards_upgraded":["Footwork"]},{"damage_healed":0.0,"max_hp_gain":0.0,"max_hp_loss":4.0,"gold_gain":0.0,"event_name":"Winding Halls","player_choice":"Max HP","floor":36.0,"gold_loss":0.0,"damage_taken":0.0},{"damage_healed":0.0,"max_hp_gain":0.0,"max_hp_loss":0.0,"gold_gain":333.0,"event_name":"The Moai Head","player_choice":"Gave Idol","floor":38.0,"relics_lost":["Golden Idol"],"gold_loss":0.0,"damage_taken":0.0}],"is_beta":false,"boss_relics":[{"not_picked":["Velvet Choker","Busted Crown"],"picked":"Eternal Feather"},{"not_picked":["Runic Pyramid","Calling Bell"],"picked":"Cursed Key"}],"items_purged_floors":[19,44],"is_endless":false,"potions_floor_spawned":[1,5,7,16,24,31,33,37,41,45],"ascension_level":10}