{"gold_per_floor":[117,133,148,148,148,148,183,183,183,206,226,239,219,238,238,327,327,341,83,101,119,119,119,119,119,197,211,235,235,235,247,247,321,321,338,350,350,364,364,264,289,289,289,314,324,324,160,160,160,160,160,160,160,10,35,35],"floor_reached":56,"playtime":2615,"items_purged":["Strike_R","Strike_R","Defend_R","Defend_R"],"score":1843,"play_id":"aaba5435-e964-434b-a1be-09cff5dbdbe0","local_time":"20190121201338","is_ascension_mode":true,"campfire_choices":[{"data":"Shrug It Off","floor":6.0,"key":"SMITH"},{"floor":8.0,"key":"REST"},{"data":"Heavy Blade","floor":15.0,"key":"SMITH"},{"floor":23.0,"key":"REST"},{"floor":25.0,"key":"REST"},{"data":"Heavy Blade","floor":29.0,"key":"SMITH"},{"data":"Demon Form","floor":32.0,"key":"SMITH"},{"floor":46.0,"key":"RECALL"},{"floor":49.0,"key":"REST"},{"floor":53.0,"key":"REST"}],"neow_cost":"NONE","seed_source_timestamp":0,"circlet_count":0,"master_deck":["AscendersBane","Defend_R","Bash+1","Shrug It Off","Iron Wave","Shrug It Off+1","Pommel Strike","Heavy Blade+1","Pommel Strike","Demon Form+1","Heavy Blade+1","Magnetism","Shrug It Off","Uppercut+1","Necronomicurse","Infernal Blade","Heavy Blade","Shrug It Off+1","Exhume","Disarm","Pummel","Armaments","Reaper","Metallicize","Metallicize","Uppercut"],"special_seed":0,"relics":["Burning Blood","Bloody Idol","Vajra","Mummified Hand","Snecko Eye","Necronomicon","Gremlin Horn","Fusion Hammer","Happy Flower","Strawberry","Shuriken","Nunchaku","Self Forming Clay"],"potions_floor_usage":[56],"damage_taken":[{"damage":18.0,"enemies":"Small Slimes","floor":1.0,"turns":4.0},{"damage":0.0,"enemies":"2 Louse","floor":2.0,"turns":4.0},{"damage":1.0,"enemies":"Cultist","floor":3.0,"turns":4.0},{"damage":24.0,"enemies":"3 Sentries","floor":7.0,"turns":14.0},{"damage":2.0,"enemies":"3 Louse","floor":10.0,"turns":4.0},{"damage":9.0,"enemies":"Red Slaver","floor":11.0,"turns":4.0},{"damage":7.0,"enemies":"2 Fungi Beasts","floor":12.0,"turns":4.0},{"damage":0.0,"enemies":"3 Louse","floor":14.0,"turns":4.0},{"damage":64.0,"enemies":"The Guardian","floor":16.0,"turns":16.0},{"damage":15.0,"enemies":"2 Thieves","floor":18.0,"turns":4.0},{"damage":20.0,"enemies":"Shell Parasite","floor":20.0,"turns":3.0},{"damage":5.0,"enemies":"Snecko","floor":21.0,"turns":4.0},{"damage":2.0,"enemies":"Centurion and Healer","floor":27.0,"turns":5.0},{"damage":4.0,"enemies":"3 Cultists","floor":28.0,"turns":3.0},{"damage":6.0,"enemies":"Snake Plant","floor":31.0,"turns":4.0},{"damage":33.0,"enemies":"Collector","floor":33.0,"turns":5.0},{"damage":11.0,"enemies":"3 Shapes","floor":35.0,"turns":6.0},{"damage":0.0,"enemies":"Orb Walker","floor":36.0,"turns":3.0},{"damage":16.0,"enemies":"4 Shapes","floor":38.0,"turns":4.0},{"damage":11.0,"enemies":"Giant Head","floor":41.0,"turns":5.0},{"damage":35.0,"enemies":"Nemesis","floor":44.0,"turns":7.0},{"damage":20.0,"enemies":"Transient","floor":45.0,"turns":6.0},{"damage":9.0,"enemies":"Time Eater","floor":50.0,"turns":5.0},{"damage":24.0,"enemies":"Donu and Deca","floor":51.0,"turns":5.0},{"damage":76.0,"enemies":"Shield and Spear","floor":55.0,"turns":6.0},{"damage":29,"enemies":"The Heart","floor":56,"turns":3}],"seed_played":"7213332474961380000","potions_obtained":[{"floor":2.0,"key":"Weak Potion"},{"floor":3.0,"key":"Fire Potion"},{"floor":12.0,"key":"GamblersBrew"},{"floor":13.0,"key":"Regen Potion"},{"floor":20.0,"key":"Strength Potion"},{"floor":27.0,"key":"SkillPotion"},{"floor":33.0,"key":"Ancient Potion"},{"floor":38.0,"key":"FearPotion"},{"floor":44.0,"key":"BloodPotion"}],"is_trial":false,"path_per_floor":["M","M","M","?","?","R","E","R","T","M","M","M","?","M","R","B",null,"M","$","M","M","?","R","?","R","T","M","M","R","?","M","R","B",null,"M","M","?","M","?","$","E","?","T","E","M","R","$","?","R","B","B",null,"R","$","E","B"],"character_chosen":"IRONCLAD","items_purchased":["Magnetism","Metallicize"],"campfire_rested":5,"item_purchase_floors":[19,47],"current_hp_per_floor":[56,62,67,41,41,41,23,45,45,49,46,45,45,51,51,8,58,49,49,35,36,15,37,37,59,59,63,65,65,65,70,70,48,68,68,75,75,70,70,70,77,77,77,53,62,62,62,62,82,82,64,78,82,82,17,0],"gold":35,"neow_bonus":"UPGRADE_CARD","is_prod":false,"is_daily":false,"chose_seed":false,"campfire_upgraded":4,"win_rate":0,"timestamp":1548101618,"path_taken":["M","M","M","?","?","R","E","R","T","M","M","?","?","M","R","BOSS","M","$","M","M","?","R","?","R","T","?","M","R","?","M","R","BOSS","M","M","?","?","?","$","E","?","T","E","M","R","$","?","R","BOSS","BOSS","R","$","E","BOSS"],"build_version":"2019-01-17v2","purchased_purges":4,"victory":false,"max_hp_per_floor":[75,75,75,75,75,75,75,75,75,75,75,75,75,75,75,75,75,75,75,75,75,75,75,75,75,75,75,75,75,75,75,75,75,75,75,75,75,75,75,75,82,82,82,82,82,82,82,82,82,82,82,82,82,82,82,82],"card_choices":[{"not_picked":["Sword Boomerang","Disarm"],"picked":"Shrug It Off","floor":1.0},{"not_picked":["Wild Strike","Thunderclap"],"picked":"Iron Wave","floor":2.0},{"not_picked":["Clothesline","Pommel Strike"],"picked":"Shrug It Off","floor":3.0},{"not_picked":["Blood for Blood","Body Slam"],"picked":"Pommel Strike","floor":7.0},{"not_picked":["Dark Embrace","Body Slam","Searing Blow"],"picked":"SKIP","floor":10.0},{"not_picked":["Combust","Entrench"],"picked":"Heavy Blade","floor":11.0},{"not_picked":["Anger","Havoc"],"picked":"Pommel Strike","floor":12.0},{"not_picked":["Power Through","Dark Embrace","Havoc"],"picked":"SKIP","floor":14.0},{"not_picked":["Exhume","Feed"],"picked":"Demon Form","floor":16.0},{"not_picked":["Cleave","Bloodletting"],"picked":"Heavy Blade","floor":18.0},{"not_picked":["Iron Wave","Thunderclap"],"picked":"Shrug It Off","floor":20.0},{"not_picked":["Perfected Strike","Dual Wield"],"picked":"Uppercut+1","floor":21.0},{"not_picked":["Body Slam","Iron Wave"],"picked":"Heavy Blade","floor":27.0},{"not_picked":["Clash","Anger","Dropkick"],"picked":"SKIP","floor":28.0},{"not_picked":["Iron Wave","Inflame"],"picked":"Shrug It Off+1","floor":31.0},{"not_picked":["Fiend Fire","Feed"],"picked":"Exhume","floor":33.0},{"not_picked":["Sword Boomerang","Perfected Strike"],"picked":"Disarm","floor":35.0},{"not_picked":["Pommel Strike","Sentinel"],"picked":"Pummel","floor":36.0},{"not_picked":["Clash","Flex"],"picked":"Armaments","floor":38.0},{"not_picked":["Havoc","Armaments","Seeing Red"],"picked":"SKIP","floor":41.0},{"not_picked":["Anger+1","Warcry+1"],"picked":"Reaper","floor":44.0},{"not_picked":["Entrench+1","Havoc"],"picked":"Metallicize","floor":45.0},{"not_picked":["Spot Weakness","Anger+1"],"picked":"Uppercut","floor":55.0}],"player_experience":1159746,"relics_obtained":[{"floor":7.0,"key":"Vajra"},{"floor":9.0,"key":"Mummified Hand"},{"floor":22.0,"key":"Necronomicon"},{"floor":26.0,"key":"Gremlin Horn"},{"floor":41.0,"key":"Strawberry"},{"floor":43.0,"key":"Shuriken"},{"floor":44.0,"key":"Nunchaku"},{"floor":55.0,"key":"Self Forming Clay"}],"event_choices":[{"damage_healed":0.0,"max_hp_gain":0.0,"max_hp_loss":0.0,"gold_gain":0.0,"event_name":"Golden Idol","player_choice":"Take Damage","floor":4.0,"gold_loss":0.0,"damage_taken":26.0,"relics_obtained":["Golden Idol"]},{"cards_removed":["Strike_R"],"damage_healed":0.0,"max_hp_gain":0.0,"max_hp_loss":0.0,"gold_gain":0.0,"event_name":"Bonfire Elementals","player_choice":"Offered Basic","floor":5.0,"gold_loss":0.0,"damage_taken":0.0},{"damage_healed":0.0,"max_hp_gain":0.0,"max_hp_loss":0.0,"gold_gain":0.0,"event_name":"The Woman in Blue","player_choice":"Bought 1 Potion","floor":13.0,"gold_loss":0.0,"damage_taken":0.0},{"damage_healed":0.0,"max_hp_gain":0.0,"max_hp_loss":0.0,"gold_gain":0.0,"event_name":"Cursed Tome","player_choice":"Obtained Book","floor":22.0,"gold_loss":0.0,"damage_taken":21.0},{"damage_healed":0.0,"max_hp_gain":0.0,"max_hp_loss":0.0,"gold_gain":0.0,"cards_transformed":["Strike_R"],"event_name":"Transmorgrifier","player_choice":"Transformed","floor":24.0,"gold_loss":0.0,"damage_taken":0.0,"cards_obtained":["Infernal Blade"]},{"damage_healed":0.0,"max_hp_gain":0.0,"max_hp_loss":0.0,"gold_gain":0.0,"event_name":"Forgotten Altar","player_choice":"Gave Idol","floor":30.0,"relics_lost":["Golden Idol"],"gold_loss":0.0,"damage_taken":0.0,"relics_obtained":["Bloody Idol"]},{"damage_healed":0.0,"max_hp_gain":0.0,"max_hp_loss":0.0,"gold_gain":0.0,"event_name":"WeMeetAgain","player_choice":"Gave Potion","floor":37.0,"gold_loss":0.0,"damage_taken":0.0,"relics_obtained":["Happy Flower"]},{"damage_healed":0.0,"max_hp_gain":0.0,"max_hp_loss":0.0,"gold_gain":0.0,"event_name":"Tomb of Lord Red Mask","player_choice":"Ignored","floor":39.0,"gold_loss":0.0,"damage_taken":0.0},{"cards_removed":["Strike_R"],"damage_healed":0.0,"max_hp_gain":0.0,"max_hp_loss":0.0,"gold_gain":0.0,"event_name":"Falling","player_choice":"Removed Attack","floor":42.0,"gold_loss":0.0,"damage_taken":0.0},{"cards_removed":["Defend_R"],"damage_healed":0.0,"max_hp_gain":0.0,"max_hp_loss":0.0,"gold_gain":0.0,"event_name":"Purifier","player_choice":"Purged","floor":48.0,"gold_loss":0.0,"damage_taken":0.0}],"is_beta":false,"boss_relics":[{"not_picked":["Empty Cage","Pandora\u0027s Box"],"picked":"Snecko Eye"},{"not_picked":["Runic Cube","Astrolabe"],"picked":"Fusion Hammer"}],"items_purged_floors":[19,40,47,54],"is_endless":false,"potions_floor_spawned":[2,3,12,20,27,31,33,38,44],"killed_by":"The Heart","ascension_level":20}