{"gold_per_floor":[117,132,147,147,147,147,147,165,234,267,287,287,287,287,287,287],"floor_reached":16,"playtime":424,"items_purged":[],"score":200,"play_id":"9763e41b-92b3-4044-ba9d-9ff891d7605e","local_time":"20190510225600","is_ascension_mode":true,"campfire_choices":[{"data":"Bash","floor":6.0,"key":"SMITH"},{"floor":15,"key":"REST"}],"neow_cost":"NONE","seed_source_timestamp":96778059079400,"circlet_count":0,"master_deck":["AscendersBane","Strike_R","Strike_R","Strike_R+1","Strike_R","Defend_R","Defend_R","Defend_R","Defend_R+1","Bash+1","Clothesline","Headbutt","Clothesline","Demon Form","Shrug It Off","Combust","Sword Boomerang+1","Sword Boomerang+1"],"special_seed":0,"relics":["Burning Blood","Juzu Bracelet","Molten Egg 2","Anchor","Shuriken"],"potions_floor_usage":[8],"damage_taken":[{"damage":10.0,"enemies":"Small Slimes","floor":1.0,"turns":4.0},{"damage":7.0,"enemies":"2 Louse","floor":2.0,"turns":3.0},{"damage":4.0,"enemies":"Cultist","floor":3.0,"turns":3.0},{"damage":7,"enemies":"Gremlin Gang","floor":8,"turns":4},{"damage":12,"enemies":"Lagavulin","floor":10,"turns":7},{"damage":8,"enemies":"Lots of Slimes","floor":11,"turns":3},{"damage":55,"enemies":"Hexaghost","floor":16,"turns":11}],"seed_played":"1875241748301055368","potions_obtained":[{"floor":1.0,"key":"SkillPotion"},{"floor":8,"key":"Ancient Potion"},{"floor":11,"key":"Regen Potion"},{"floor":14,"key":"Energy Potion"}],"is_trial":false,"path_per_floor":["M","M","M","?","?","R","?","M","T","E","M","?","?","?","R","B"],"character_chosen":"IRONCLAD","items_purchased":[],"campfire_rested":1,"item_purchase_floors":[],"current_hp_per_floor":[64,63,65,65,65,65,65,64,64,58,56,56,33,33,55,0],"gold":287,"neow_bonus":"RANDOM_COMMON_RELIC","is_prod":false,"is_daily":false,"chose_seed":false,"campfire_upgraded":1,"win_rate":0,"timestamp":1557525360,"path_taken":["M","M","M","?","?","R","?","M","T","E","M","?","?","?","R","BOSS"],"build_version":"2019-01-23","purchased_purges":0,"victory":false,"max_hp_per_floor":[75,75,75,75,75,75,75,75,75,75,75,75,75,75,75,75],"card_choices":[{"not_picked":["Metallicize","Clash"],"picked":"Clothesline","floor":1.0},{"not_picked":["Flame Barrier","Clash"],"picked":"Headbutt","floor":2.0},{"not_picked":["Flex","Perfected Strike"],"picked":"Clothesline","floor":3.0},{"not_picked":["Headbutt","Warcry","Armaments"],"picked":"SKIP","floor":8},{"not_picked":["Brutality","Sentinel"],"picked":"Sword Boomerang+1","floor":10},{"not_picked":["Anger+1","Havoc"],"picked":"Sword Boomerang+1","floor":11}],"player_experience":1349627,"relics_obtained":[{"floor":9,"key":"Molten Egg 2"},{"floor":10,"key":"Anchor"}],"event_choices":[{"damage_healed":0.0,"max_hp_gain":0.0,"max_hp_loss":0.0,"gold_gain":0.0,"event_name":"Liars Game","player_choice":"Ignored","floor":4.0,"gold_loss":0.0,"damage_taken":0.0},{"damage_healed":0.0,"max_hp_gain":0.0,"max_hp_loss":0.0,"gold_gain":0.0,"event_name":"Match and Keep!","player_choice":"3 cards matched","floor":5.0,"gold_loss":0.0,"damage_taken":0.0,"cards_obtained":["Demon Form","Shrug It Off","Combust"]},{"cards_removed":["Strike_R"],"damage_healed":0.0,"max_hp_gain":0.0,"max_hp_loss":0.0,"gold_gain":0.0,"event_name":"Bonfire Elementals","player_choice":"Offered Basic","floor":7.0,"gold_loss":0.0,"damage_taken":0.0},{"damage_healed":0,"gold_gain":0,"player_choice":"Gave Potion","damage_taken":0,"relics_obtained":["Shuriken"],"max_hp_gain":0,"max_hp_loss":0,"event_name":"WeMeetAgain","floor":12,"gold_loss":0},{"damage_healed":0,"gold_gain":0,"player_choice":"Entered Light","damage_taken":23,"max_hp_gain":0,"max_hp_loss":0,"event_name":"Shining Light","floor":13,"gold_loss":0,"cards_upgraded":["Defend_R","Strike_R"]},{"damage_healed":0,"gold_gain":0,"player_choice":"Got Potions","damage_taken":0,"max_hp_gain":0,"max_hp_loss":0,"event_name":"Lab","floor":14,"gold_loss":0}],"is_beta":false,"boss_relics":[],"items_purged_floors":[],"is_endless":false,"potions_floor_spawned":[1,8,11],"killed_by":"Hexaghost","ascension_level":20}