{"gold_per_floor":[118,43,62,42,55,55,66,99,136,148,160,185,214,226],"floor_reached":14,"playtime":401,"items_purged":["Strike_G"],"score":184,"play_id":"17d4e43c-b583-4d91-aa6e-69d266548ad7","local_time":"20190118125923","is_ascension_mode":true,"campfire_choices":[{"data":"Neutralize","floor":6,"key":"SMITH"},{"floor":11,"key":"REST"}],"neow_cost":"NONE","seed_source_timestamp":5386716099491,"circlet_count":0,"master_deck":["AscendersBane","Defend_G","Defend_G","Defend_G","Defend_G","Defend_G","Strike_G","Strike_G","Strike_G","Strike_G","Survivor","Neutralize+1","Sucker Punch","Escape Plan","Blade Dance","Backstab","Dagger Throw","Masterful Stab","Catalyst"],"relics":["Ring of the Snake","NeowsBlessing","MawBank","Bronze Scales","FaceOfCleric"],"potions_floor_usage":[7,8,14],"damage_taken":[{"damage":0,"enemies":"Small Slimes","floor":1,"turns":1},{"damage":0,"enemies":"Cultist","floor":3,"turns":1},{"damage":0,"enemies":"2 Louse","floor":5,"turns":1},{"damage":11,"enemies":"Lots of Slimes","floor":7,"turns":8},{"damage":44,"enemies":"Gremlin Nob","floor":8,"turns":6},{"damage":9,"enemies":"Blue Slaver","floor":12,"turns":3},{"damage":0,"enemies":"Looter","floor":13,"turns":2},{"damage":22,"enemies":"Lagavulin","floor":14,"turns":5}],"seed_played":"-4861742797730787187","potions_obtained":[{"floor":4,"key":"EssenceOfSteel"},{"floor":5,"key":"SkillPotion"},{"floor":8,"key":"Energy Potion"},{"floor":12,"key":"SkillPotion"}],"is_trial":false,"path_per_floor":["M","$","M","?","M","R","M","E","T","?","R","M","M","E"],"character_chosen":"THE_SILENT","items_purchased":[],"campfire_rested":1,"item_purchase_floors":[],"current_hp_per_floor":[59,59,59,59,59,59,48,4,4,4,23,15,16,0],"gold":226,"neow_bonus":"THREE_ENEMY_KILL","is_prod":false,"is_daily":false,"chose_seed":false,"campfire_upgraded":1,"win_rate":0,"timestamp":1547816363,"path_taken":["M","$","M","?","?","R","M","E","T","?","R","M","M","E"],"build_version":"2019-01-17v2","purchased_purges":1,"victory":false,"max_hp_per_floor":[66,66,66,66,66,66,66,66,66,66,66,67,68,68],"card_choices":[{"not_picked":["Dodge and Roll","Quick Slash"],"picked":"Sucker Punch","floor":1},{"not_picked":["Dagger Spray","Dodge and Roll"],"picked":"Escape Plan","floor":3},{"not_picked":["Acrobatics","Outmaneuver"],"picked":"Blade Dance","floor":5},{"not_picked":["Bane","Phantasmal Killer"],"picked":"Backstab","floor":7},{"not_picked":["Leg Sweep","Dagger Spray"],"picked":"Dagger Throw","floor":8},{"not_picked":["Sucker Punch","Blade Dance"],"picked":"Masterful Stab","floor":12},{"not_picked":["Sucker Punch","Flying Knee"],"picked":"Catalyst","floor":13}],"player_experience":1149902,"relics_obtained":[{"floor":8,"key":"MawBank"},{"floor":9,"key":"Bronze Scales"}],"event_choices":[{"damage_healed":0,"gold_gain":0,"player_choice":"Bought 1 Potion","damage_taken":0,"max_hp_gain":0,"max_hp_loss":0,"event_name":"The Woman in Blue","floor":4,"gold_loss":0},{"damage_healed":0,"gold_gain":0,"player_choice":"Trade","damage_taken":0,"relics_obtained":["FaceOfCleric"],"max_hp_gain":0,"max_hp_loss":0,"event_name":"FaceTrader","floor":10,"gold_loss":0}],"is_beta":false,"boss_relics":[],"items_purged_floors":[2],"is_endless":false,"potions_floor_spawned":[5,8,12],"killed_by":"Lagavulin","ascension_level":20}