{"gold_per_floor":[117,117,117,137,151,183,183,201,201,201,201,201,201,226,226,329,329,343,363,363,377,377,407,407,435,435,435,130,155,155,185,185,283,313,323,219,219,274,87,87,112,125,174,174,174,192,223,173,173,173,173,173,173,208,208],"floor_reached":56,"playtime":3485,"items_purged":["Parasite","Parasite","Parasite"],"score":1360,"play_id":"2adf7414-19eb-4015-bcad-758b52ecacba","local_time":"20190120214626","is_ascension_mode":false,"campfire_choices":[{"data":"Sucker Punch","floor":7.0,"key":"SMITH"},{"floor":10.0,"key":"RECALL"},{"floor":12.0,"key":"REST"},{"floor":15.0,"key":"DIG"},{"floor":24.0,"key":"DIG"},{"floor":30.0,"key":"DIG"},{"floor":32.0,"key":"DIG"},{"floor":40.0,"key":"DIG"},{"floor":45.0,"key":"DIG"},{"floor":49.0,"key":"DIG"},{"floor":52.0,"key":"DIG"}],"neow_cost":"NONE","seed_source_timestamp":84659063722784,"circlet_count":0,"master_deck":["Defend_G","Defend_G+1","Defend_G","Defend_G+1","Defend_G+1","Strike_G","Strike_G","Strike_G","Strike_G","Survivor","Neutralize","Finisher","Sucker Punch+1","Footwork","Dagger Spray+1","Heel Hook","Unload","Escape Plan+1","Footwork+1","Adrenaline","Cloak And Dagger+1","Blade Dance+1","Cloak And Dagger+1","Clumsy","Backflip+1","Discovery+1","Die Die Die+1"],"special_seed":0,"relics":["Ring of the Snake","NeowsBlessing","Smiling Mask","Vajra","Matryoshka","Shovel","Bronze Scales","Lizard Tail","Boot","Pocketwatch","Pantograph","Gremlin Horn","Frozen Egg 2","Toxic Egg 2","Paper Crane","Mango","Molten Egg 2","Art of War","Regal Pillow","Calling Bell","Tiny Chest","Pear","Torii","Juzu Bracelet","PreservedInsect","Nunchaku","Pen Nib","War Paint","Darkstone Periapt","Shuriken","Ornamental Fan","Happy Flower"],"potions_floor_usage":[55],"damage_taken":[{"damage":0.0,"enemies":"Jaw Worm","floor":1.0,"turns":1.0},{"damage":0.0,"enemies":"2 Louse","floor":4.0,"turns":1.0},{"damage":0.0,"enemies":"Small Slimes","floor":5.0,"turns":1.0},{"damage":31.0,"enemies":"3 Sentries","floor":6.0,"turns":18.0},{"damage":0.0,"enemies":"Gremlin Gang","floor":8.0,"turns":6.0},{"damage":13.0,"enemies":"Lagavulin","floor":14.0,"turns":6.0},{"damage":2.0,"enemies":"Hexaghost","floor":16.0,"turns":12.0},{"damage":2.0,"enemies":"3 Byrds","floor":18.0,"turns":3.0},{"damage":0.0,"enemies":"2 Thieves","floor":19.0,"turns":4.0},{"damage":9.0,"enemies":"Cultist and Chosen","floor":21.0,"turns":6.0},{"damage":5.0,"enemies":"Book of Stabbing","floor":23.0,"turns":7.0},{"damage":20.0,"enemies":"Slavers","floor":25.0,"turns":5.0},{"damage":0.0,"enemies":"Gremlin Leader","floor":29.0,"turns":4.0},{"damage":2.0,"enemies":"Book of Stabbing","floor":31.0,"turns":5.0},{"damage":3.0,"enemies":"Automaton","floor":33.0,"turns":12.0},{"damage":0.0,"enemies":"3 Shapes","floor":35.0,"turns":2.0},{"damage":7.0,"enemies":"Reptomancer","floor":41.0,"turns":4.0},{"damage":6.0,"enemies":"Orb Walker","floor":42.0,"turns":4.0},{"damage":9.0,"enemies":"Writhing Mass","floor":46.0,"turns":6.0},{"damage":16.0,"enemies":"Nemesis","floor":47.0,"turns":5.0},{"damage":68.0,"enemies":"Donu and Deca","floor":50.0,"turns":8.0},{"damage":50,"enemies":"Shield and Spear","floor":54,"turns":4},{"damage":95,"enemies":"The Heart","floor":55,"turns":14}],"seed_played":"-6211938812376988444","potions_obtained":[{"floor":4.0,"key":"EssenceOfSteel"},{"floor":5.0,"key":"GamblersBrew"},{"floor":6.0,"key":"LiquidBronze"},{"floor":16.0,"key":"Dexterity Potion"},{"floor":18.0,"key":"EssenceOfSteel"},{"floor":23.0,"key":"FearPotion"},{"floor":33.0,"key":"SteroidPotion"},{"floor":46.0,"key":"Weak Potion"}],"is_trial":false,"path_per_floor":["M","?","?","M","M","E","R","M","T","R","?","R","?","E","R","B",null,"M","M","?","M","?","E","R","E","T","?","$","E","R","E","R","B",null,"M","$","?","T","$","R","E","M","T","?","R","M","E","$","R","B",null,"R","$","E","B",null],"character_chosen":"THE_SILENT","items_purchased":["Cloak And Dagger+1","Paper Crane","Backflip+1","Die Die Die+1"],"campfire_rested":1,"item_purchase_floors":[28,28,36,39],"current_hp_per_floor":[70,70,56,56,56,25,25,25,25,25,18,39,39,26,26,24,70,68,68,68,59,59,54,54,34,34,34,34,48,48,46,46,68,94,94,91,91,91,88,88,81,75,75,75,75,66,50,50,50,7,85,85,85,35,7],"gold":208,"neow_bonus":"THREE_ENEMY_KILL","is_prod":false,"is_daily":false,"chose_seed":false,"campfire_upgraded":1,"win_rate":0,"timestamp":1547991986,"path_taken":["M","?","?","?","M","E","R","M","T","R","?","R","?","E","R","BOSS","M","M","?","?","?","E","R","E","T","?","$","E","R","E","R","BOSS","M","$","?","?","$","R","E","M","T","?","R","M","E","$","R","BOSS","R","$","E","BOSS"],"build_version":"2019-01-17v2","purchased_purges":3,"victory":true,"max_hp_per_floor":[70,70,70,70,70,70,70,70,70,70,70,70,70,70,70,70,70,70,70,70,70,70,70,70,70,70,70,70,84,84,84,84,84,94,94,91,91,91,88,88,88,88,88,88,88,88,88,85,85,85,85,85,85,85,85],"card_choices":[{"not_picked":["Underhanded Strike","PiercingWail"],"picked":"Finisher","floor":1.0},{"not_picked":["Expertise","Outmaneuver","Caltrops"],"picked":"SKIP","floor":4.0},{"not_picked":["Dodge and Roll","Blade Dance"],"picked":"Sucker Punch","floor":5.0},{"not_picked":["Predator","Acrobatics"],"picked":"Footwork","floor":6.0},{"not_picked":["Backflip","Cloak And Dagger"],"picked":"Dagger Spray","floor":8.0},{"not_picked":["PiercingWail","Outmaneuver"],"picked":"Heel Hook","floor":14.0},{"not_picked":["Grand Finale","Venomology"],"picked":"Unload","floor":16.0},{"not_picked":["Backflip","Blade Dance"],"picked":"Escape Plan","floor":18.0},{"not_picked":["Quick Slash","Deadly Poison","Prepared"],"picked":"SKIP","floor":19.0},{"not_picked":["Calculated Gamble","Accuracy"],"picked":"Footwork+1","floor":21.0},{"not_picked":["Malaise","Choke","Slice+1"],"picked":"SKIP","floor":23.0},{"not_picked":["Expertise","Noxious Fumes"],"picked":"Adrenaline","floor":25.0},{"not_picked":["Phantasmal Killer+1","Deadly Poison+1"],"picked":"Blade Dance+1","floor":29.0},{"not_picked":["Quick Slash+1","Backstab+1"],"picked":"Cloak And Dagger+1","floor":31.0},{"not_picked":["Distraction+1","Poisoned Stab+1","Bane+1"],"picked":"SKIP","floor":35.0},{"not_picked":["Dramatic Entrance+1","Mind Blast+1"],"picked":"Discovery+1","floor":37.0},{"not_picked":["Dodge and Roll+1","Eviscerate+1"],"picked":"Cloak And Dagger+1","floor":41.0},{"not_picked":["Catalyst+1","Quick Slash+1","Prepared+1"],"picked":"SKIP","floor":42.0},{"not_picked":["Terror+1","Eviscerate+1","Tactician+1"],"picked":"SKIP","floor":46.0},{"not_picked":["Deadly Poison+1","Escape Plan+1","PiercingWail+1"],"picked":"SKIP","floor":47.0},{"not_picked":["Calculated Gamble+1","Setup+1","All Out Attack+1"],"picked":"SKIP","floor":54}],"player_experience":396556,"relics_obtained":[{"floor":6.0,"key":"Smiling Mask"},{"floor":9.0,"key":"Vajra"},{"floor":14.0,"key":"Shovel"},{"floor":15.0,"key":"Bronze Scales"},{"floor":23.0,"key":"Pocketwatch"},{"floor":24.0,"key":"Pantograph"},{"floor":25.0,"key":"Gremlin Horn"},{"floor":26.0,"key":"Frozen Egg 2"},{"floor":26.0,"key":"Toxic Egg 2"},{"floor":29.0,"key":"Mango"},{"floor":30.0,"key":"Molten Egg 2"},{"floor":31.0,"key":"Art of War"},{"floor":32.0,"key":"Regal Pillow"},{"floor":34.0,"key":"Tiny Chest"},{"floor":34.0,"key":"Pear"},{"floor":34.0,"key":"Torii"},{"floor":38.0,"key":"Juzu Bracelet"},{"floor":40.0,"key":"PreservedInsect"},{"floor":41.0,"key":"Nunchaku"},{"floor":43.0,"key":"Pen Nib"},{"floor":45.0,"key":"War Paint"},{"floor":47.0,"key":"Darkstone Periapt"},{"floor":49.0,"key":"Shuriken"},{"floor":52.0,"key":"Ornamental Fan"},{"floor":54,"key":"Happy Flower"}],"event_choices":[{"damage_healed":0.0,"max_hp_gain":0.0,"max_hp_loss":0.0,"gold_gain":0.0,"event_name":"The Cleric","player_choice":"Leave","floor":2.0,"gold_loss":0.0,"damage_taken":0.0},{"damage_healed":0.0,"max_hp_gain":0.0,"max_hp_loss":0.0,"gold_gain":0.0,"event_name":"Shining Light","player_choice":"Entered Light","floor":3.0,"gold_loss":0.0,"damage_taken":14.0,"cards_upgraded":["Defend_G","Defend_G"]},{"damage_healed":0.0,"max_hp_gain":0.0,"max_hp_loss":0.0,"gold_gain":0.0,"event_name":"Scrap Ooze","player_choice":"Success","floor":11.0,"gold_loss":0.0,"damage_taken":7.0,"relics_obtained":["Matryoshka"]},{"damage_healed":0.0,"max_hp_gain":0.0,"max_hp_loss":0.0,"gold_gain":0.0,"event_name":"Living Wall","player_choice":"Grow","floor":13.0,"gold_loss":0.0,"damage_taken":0.0,"cards_upgraded":["Dagger Spray"]},{"cards_removed":["Strike_G"],"damage_healed":0.0,"max_hp_gain":0.0,"max_hp_loss":0.0,"gold_gain":0.0,"event_name":"Bonfire Elementals","player_choice":"Offered Basic","floor":20.0,"gold_loss":0.0,"damage_taken":0.0},{"damage_healed":0.0,"max_hp_gain":0.0,"max_hp_loss":0.0,"gold_gain":0.0,"event_name":"The Mausoleum","player_choice":"Opened","floor":22.0,"gold_loss":0.0,"damage_taken":0.0,"relics_obtained":["Boot"]},{"damage_healed":0.0,"max_hp_gain":0.0,"max_hp_loss":0.0,"gold_gain":0.0,"event_name":"Ghosts","player_choice":"Ignored","floor":27.0,"gold_loss":0.0,"damage_taken":0.0},{"damage_healed":0.0,"max_hp_gain":0.0,"max_hp_loss":0.0,"gold_gain":0.0,"event_name":"SensoryStone","player_choice":"Memory 1","floor":37.0,"gold_loss":0.0,"damage_taken":0.0},{"cards_removed":["Cloak And Dagger"],"damage_healed":0.0,"max_hp_gain":0.0,"max_hp_loss":0.0,"gold_gain":0.0,"event_name":"Falling","player_choice":"Removed Skill","floor":44.0,"gold_loss":0.0,"damage_taken":0.0}],"is_beta":false,"boss_relics":[{"not_picked":["Snecko Eye","Runic Dome"],"picked":"Lizard Tail"},{"not_picked":["Sozu","Velvet Choker"],"picked":"Calling Bell"}],"items_purged_floors":[36,39,48],"is_endless":false,"potions_floor_spawned":[4,5,6,16,18,23,33,46],"ascension_level":0}