{"gold_per_floor":[116,127,127,202,71,71,103,103,103,138,138,171,191,225,225,296,296,315,315,315,325,337,337,40,40,85,85,117,130,147,173,185,197],"floor_reached":33,"playtime":1006,"items_purged":["Strike_R"],"score":672,"play_id":"82af12b7-cb6b-4ead-ac05-3560e2bde7c8","local_time":"20190404122611","is_ascension_mode":true,"campfire_choices":[{"data":"Perfected Strike","floor":6.0,"key":"SMITH"},{"floor":11.0,"key":"REST"},{"data":"Bash","floor":15.0,"key":"SMITH"},{"floor":23.0,"key":"REST"},{"data":"Offering","floor":27.0,"key":"SMITH"},{"data":"Flex","floor":32.0,"key":"SMITH"}],"neow_cost":"NONE","seed_source_timestamp":0,"circlet_count":0,"master_deck":["AscendersBane","Strike_R+1","Strike_R","Strike_R","Strike_R","Defend_R","Defend_R","Defend_R","Defend_R","Bash+1","Perfected Strike+1","Twin Strike","Pommel Strike+1","Inflame","Shrug It Off","Shrug It Off","Cleave+1","Immolate+1","Offering+1","Twin Strike+1","J.A.X.","Perfected Strike+1","True Grit+1","Perfected Strike+1","Burning Pact+1","Flex+1"],"special_seed":0,"relics":["Burning Blood","Bronze Scales","Molten Egg 2","Oddly Smooth Stone","Pen Nib","Boot","Sozu","ClockworkSouvenir","Turnip","MawBank"],"potions_floor_usage":[],"damage_taken":[{"damage":1.0,"enemies":"Cultist","floor":1.0,"turns":3.0},{"damage":7.0,"enemies":"Jaw Worm","floor":2.0,"turns":3.0},{"damage":20.0,"enemies":"3 Sentries","floor":7.0,"turns":6.0},{"damage":20.0,"enemies":"Lagavulin","floor":10.0,"turns":6.0},{"damage":13.0,"enemies":"3 Sentries","floor":12.0,"turns":5.0},{"damage":1.0,"enemies":"2 Louse","floor":13.0,"turns":3.0},{"damage":8.0,"enemies":"Gremlin Nob","floor":14.0,"turns":3.0},{"damage":15.0,"enemies":"The Guardian","floor":16.0,"turns":10.0},{"damage":6.0,"enemies":"3 Byrds","floor":18.0,"turns":1.0},{"damage":9.0,"enemies":"Spheric Guardian","floor":21.0,"turns":2.0},{"damage":15.0,"enemies":"Snake Plant","floor":22.0,"turns":3.0},{"damage":17.0,"enemies":"Slavers","floor":28.0,"turns":3.0},{"damage":0.0,"enemies":"3 Cultists","floor":29.0,"turns":1.0},{"damage":6.0,"enemies":"Centurion and Healer","floor":30.0,"turns":4.0},{"damage":7.0,"enemies":"Book of Stabbing","floor":31.0,"turns":3.0},{"damage":41,"enemies":"Champ","floor":33,"turns":7}],"seed_played":"-5723541275822117875","potions_obtained":[{"floor":2.0,"key":"Weak Potion"},{"floor":7.0,"key":"Strength Potion"},{"floor":12.0,"key":"SkillPotion"}],"is_trial":false,"path_per_floor":["M","M","?","?","$","R","E","?","T","E","R","E","M","E","R","B",null,"M","?","?","M","M","R","$","?","T","R","E","M","M","E","R","B"],"character_chosen":"IRONCLAD","items_purchased":["Pommel Strike","Inflame","ClockworkSouvenir"],"campfire_rested":2,"item_purchase_floors":[5,5,24],"current_hp_per_floor":[73,72,77,66,66,66,52,28,28,14,38,31,36,34,34,25,66,66,66,43,40,31,56,56,56,56,56,45,51,51,50,50,9],"gold":197,"neow_bonus":"THREE_CARDS","is_prod":false,"is_daily":false,"chose_seed":false,"campfire_upgraded":4,"win_rate":0,"timestamp":1554377171,"path_taken":["M","M","?","?","$","R","E","?","T","E","R","E","M","E","R","BOSS","M","?","?","M","M","R","$","?","T","R","E","M","M","E","R","BOSS"],"build_version":"2019-01-23","purchased_purges":1,"victory":false,"max_hp_per_floor":[75,75,80,80,80,80,80,80,80,80,80,80,80,80,80,80,80,80,80,85,85,85,85,85,85,85,85,85,85,85,85,85,85],"card_choices":[{"not_picked":["Heavy Blade","Disarm"],"picked":"Perfected Strike","floor":0.0},{"not_picked":["Warcry","Sever Soul","Heavy Blade"],"picked":"SKIP","floor":1.0},{"not_picked":["Heavy Blade","Blood for Blood"],"picked":"Twin Strike","floor":2.0},{"not_picked":["Blood for Blood","Anger","Thunderclap"],"picked":"SKIP","floor":7.0},{"not_picked":["Heavy Blade+1","Seeing Red"],"picked":"Shrug It Off","floor":10.0},{"not_picked":["Battle Trance","Entrench"],"picked":"Shrug It Off","floor":12.0},{"not_picked":["Combust","Battle Trance"],"picked":"Cleave+1","floor":13.0},{"not_picked":["Headbutt+1","Rupture"],"picked":"Immolate+1","floor":14.0},{"not_picked":["Limit Break","Berserk"],"picked":"Offering","floor":16.0},{"not_picked":["Anger+1","Blood for Blood+1"],"picked":"Twin Strike+1","floor":18.0},{"not_picked":["Warcry","Clash+1"],"picked":"Perfected Strike+1","floor":21.0},{"not_picked":["Thunderclap+1","Fire Breathing+1"],"picked":"True Grit+1","floor":22.0},{"not_picked":["True Grit","Burning Pact+1"],"picked":"Perfected Strike+1","floor":28.0},{"not_picked":["Wild Strike+1","Cleave+1"],"picked":"Burning Pact+1","floor":29.0},{"not_picked":["Uppercut+1","Sword Boomerang+1","Clash+1"],"picked":"SKIP","floor":30.0},{"not_picked":["Clash+1","Combust"],"picked":"Flex","floor":31.0}],"player_experience":1290007,"relics_obtained":[{"floor":7.0,"key":"Bronze Scales"},{"floor":9.0,"key":"Molten Egg 2"},{"floor":10.0,"key":"Oddly Smooth Stone"},{"floor":12.0,"key":"Pen Nib"},{"floor":14.0,"key":"Boot"},{"floor":28.0,"key":"Turnip"},{"floor":31.0,"key":"MawBank"}],"event_choices":[{"damage_healed":0.0,"max_hp_gain":5.0,"max_hp_loss":0.0,"gold_gain":0.0,"event_name":"Big Fish","player_choice":"Donut","floor":3.0,"gold_loss":0.0,"damage_taken":0.0},{"damage_healed":0.0,"max_hp_gain":0.0,"max_hp_loss":0.0,"gold_gain":75.0,"event_name":"World of Goop","player_choice":"Gather Gold","floor":4.0,"gold_loss":0.0,"damage_taken":11.0},{"damage_healed":0.0,"max_hp_gain":0.0,"max_hp_loss":0.0,"gold_gain":0.0,"event_name":"Shining Light","player_choice":"Entered Light","floor":8.0,"gold_loss":0.0,"damage_taken":24.0,"cards_upgraded":["Pommel Strike","Strike_R"]},{"damage_healed":0.0,"max_hp_gain":0.0,"max_hp_loss":0.0,"gold_gain":0.0,"event_name":"Drug Dealer","player_choice":"Obtain J.A.X.","floor":19.0,"gold_loss":0.0,"damage_taken":0.0,"cards_obtained":["J.A.X."]},{"damage_healed":0.0,"max_hp_gain":5.0,"max_hp_loss":0.0,"gold_gain":0.0,"event_name":"Forgotten Altar","player_choice":"Shed Blood","floor":20.0,"gold_loss":0.0,"damage_taken":28.0},{"damage_healed":0.0,"max_hp_gain":0.0,"max_hp_loss":0.0,"gold_gain":0.0,"event_name":"Vampires","player_choice":"Ignored","floor":25.0,"gold_loss":0.0,"damage_taken":0.0}],"is_beta":false,"boss_relics":[{"not_picked":["White Beast Statue","Velvet Choker"],"picked":"Sozu"}],"items_purged_floors":[24],"is_endless":false,"potions_floor_spawned":[2,7,12,16,18,29],"killed_by":"Champ","ascension_level":20}