{"gold_per_floor":[116,116,116,135,145,145,178,197,269,269,344,344,39,64,64,64],"floor_reached":16,"playtime":1229,"items_purged":["Strike_G"],"score":103,"play_id":"e1475af3-9f20-4359-948b-5af18247d83e","local_time":"20190426013544","is_ascension_mode":true,"campfire_choices":[{"data":"All Out Attack","floor":6,"key":"SMITH"},{"data":"Survivor","floor":10,"key":"SMITH"},{"data":"Backstab","floor":12,"key":"SMITH"},{"data":"Well Laid Plans","floor":15,"key":"SMITH"}],"neow_cost":"NONE","seed_source_timestamp":0,"circlet_count":0,"master_deck":["Defend_G+1","Defend_G+1","Defend_G","Defend_G","Defend_G","Strike_G","Strike_G","Strike_G","Strike_G","Survivor+1","Neutralize+1","Backstab+1","All Out Attack+1","Flying Knee","Well Laid Plans+1"],"special_seed":0,"relics":["Ring of the Snake","Mango","Blue Candle","Lantern","War Paint"],"potions_floor_usage":[16,16],"damage_taken":[{"damage":1,"enemies":"Jaw Worm","floor":1,"turns":4},{"damage":0,"enemies":"Small Slimes","floor":4,"turns":4},{"damage":1,"enemies":"Cultist","floor":5,"turns":3},{"damage":6,"enemies":"3 Sentries","floor":7,"turns":6},{"damage":0,"enemies":"Gremlin Gang","floor":8,"turns":3},{"damage":67,"enemies":"Hexaghost","floor":16,"turns":17}],"seed_played":"-2264276493770657347","potions_obtained":[{"floor":5,"key":"Energy Potion"},{"floor":8,"key":"Explosive Potion"}],"is_trial":false,"path_per_floor":["M","?","?","M","M","R","E","M","T","R","?","R","$","T","R","B"],"character_chosen":"THE_SILENT","items_purchased":["Lantern","Well Laid Plans"],"campfire_rested":0,"item_purchase_floors":[13,13],"current_hp_per_floor":[69,69,70,70,69,69,77,77,77,77,66,66,66,66,66,0],"gold":64,"neow_bonus":"UPGRADE_CARD","is_prod":false,"is_daily":false,"chose_seed":false,"campfire_upgraded":4,"win_rate":0,"timestamp":1556256944,"path_taken":["M","?","?","?","?","R","E","M","T","R","?","R","$","?","R","BOSS"],"build_version":"2019-01-23","purchased_purges":1,"victory":false,"max_hp_per_floor":[70,70,70,70,70,70,84,84,84,84,84,84,84,84,84,84],"card_choices":[{"not_picked":["Bane","Flechettes"],"picked":"Infinite Blades","floor":1},{"not_picked":["Concentrate","Leg Sweep"],"picked":"Backstab","floor":4},{"not_picked":["PiercingWail","Blade Dance"],"picked":"All Out Attack","floor":5},{"not_picked":["Prepared","Wraith Form v2","Concentrate"],"picked":"SKIP","floor":7},{"not_picked":["Poisoned Stab","PiercingWail"],"picked":"Flying Knee","floor":8}],"player_experience":138338,"relics_obtained":[{"floor":7,"key":"Mango"},{"floor":9,"key":"Blue Candle"},{"floor":14,"key":"War Paint"}],"event_choices":[{"damage_healed":0,"gold_gain":0,"player_choice":"Ignored","damage_taken":0,"max_hp_gain":0,"max_hp_loss":0,"event_name":"Liars Game","floor":2,"gold_loss":0},{"cards_removed":["Infinite Blades"],"damage_healed":1,"gold_gain":0,"player_choice":"Offered Uncommon","damage_taken":0,"max_hp_gain":0,"max_hp_loss":0,"event_name":"Bonfire Elementals","floor":3,"gold_loss":0},{"damage_healed":0,"gold_gain":75,"player_choice":"Gather Gold","damage_taken":11,"max_hp_gain":0,"max_hp_loss":0,"event_name":"World of Goop","floor":11,"gold_loss":0}],"is_beta":false,"boss_relics":[],"items_purged_floors":[13],"is_endless":false,"potions_floor_spawned":[5,8],"killed_by":"Hexaghost","ascension_level":1}