{"gold_per_floor":[154,229,229,264,299,349,424,424,449,484,484,514,529,529,529,649,649,664,719,719,734,734,734,769,794,794,844,35,50,80,95,95,195,195,210,225,240,255,1254,1254,1284,7,7,7,37,37,37,37,37,37],"floor_reached":50,"playtime":3817,"items_purged":[],"score":1252,"play_id":"b5798112-3bce-49c1-b70f-650073625b98","local_time":"20181123223618","daily_mods":["Allstar","Hoarder","Terminal"],"is_ascension_mode":false,"campfire_choices":[{"data":"Mind Blast","floor":8,"key":"SMITH"},{"data":"Mind Blast","floor":11,"key":"SMITH"},{"data":"Mind Blast","floor":15,"key":"SMITH"},{"data":"Infinite Blades","floor":23,"key":"SMITH"},{"data":"Backstab","floor":32,"key":"SMITH"},{"data":"Backstab","floor":40,"key":"SMITH"},{"data":"Backstab","floor":44,"key":"SMITH"},{"data":"HandOfGreed","floor":47,"key":"SMITH"},{"data":"Accuracy","floor":49,"key":"SMITH"}],"neow_cost":"","seed_source_timestamp":0,"circlet_count":0,"master_deck":["Defend_G","Defend_G","Defend_G","Defend_G","Defend_G","Strike_G","Strike_G","Strike_G","Survivor","Neutralize","Violence","Violence","Violence","Thinking Ahead","Thinking Ahead","Thinking Ahead","Chrysalis","Chrysalis","Chrysalis","HandOfGreed+1","HandOfGreed","HandOfGreed","Mind Blast+1","Mind Blast+1","Mind Blast+1","Terror","Terror","Terror","Catalyst","Catalyst","Catalyst","Prepared","Prepared","Prepared","All Out Attack","All Out Attack","All Out Attack","Masterful Stab","Masterful Stab","Masterful Stab","Grand Finale","Grand Finale","Grand Finale","Prepared","Prepared","Prepared","Infinite Blades+1","Infinite Blades","Infinite Blades","Prepared","Prepared","Prepared","Accuracy","Accuracy+1","Accuracy","Bullet Time","Bullet Time","Bullet Time","Escape Plan","Escape Plan","Escape Plan","Prepared+1","Prepared+1","Prepared+1","Blind","Blind","Blind","Bandage Up","Bandage Up","Bandage Up","Swift Strike","Swift Strike","Swift Strike","Backflip","Backflip","Backflip","Well Laid Plans","Well Laid Plans","Well Laid Plans","Eviscerate","Eviscerate","Eviscerate","Injury","Injury","Injury","Injury","Injury","Injury","Escape Plan","Escape Plan","Escape Plan","Backstab+1","Backstab+1","Backstab+1","Reflex","Reflex","Reflex","Accuracy+1","Accuracy+1","Accuracy+1","Thinking Ahead","Thinking Ahead","Thinking Ahead","Footwork+1","Footwork+1","Footwork+1","Warcry","Warcry","Warcry","Enlightenment","Enlightenment","Enlightenment","Master of Strategy","Master of Strategy","Master of Strategy","Turbo+1","Turbo+1","Turbo+1","Flash of Steel+1","Flash of Steel+1","Flash of Steel+1","Outmaneuver+1","Outmaneuver+1","Outmaneuver+1","Jack Of All Trades+1","Jack Of All Trades+1","Jack Of All Trades+1","Normality","Normality","Normality","Normality","Normality","Normality","Discovery+1","Discovery+1","Discovery+1","Masterful Stab","Masterful Stab","Masterful Stab","Noxious Fumes+1","Noxious Fumes+1","Noxious Fumes+1","Finesse","Finesse","Finesse","Blade Dance","Blade Dance","Blade Dance","Backflip","Backflip","Backflip","Concentrate","Concentrate","Concentrate","Blur","Blur","Blur","Acrobatics","Acrobatics","Concentrate","Concentrate","Concentrate","Calculated Gamble","Calculated Gamble","Calculated Gamble","Terror","Terror","Terror","Poisoned Stab","Poisoned Stab","Poisoned Stab","Chrysalis","Chrysalis","Chrysalis","Parasite","Parasite","Parasite","Madness","Madness","Madness","Purity","Purity","Purity","Metamorphosis","Metamorphosis","Metamorphosis"],"special_seed":17859,"relics":["Ring of the Snake","Incense Burner","Anchor","Pen Nib","Cursed Key","Dream Catcher","Frozen Egg 2","Sundial","Ninja Scroll","PrismaticShard","Darkstone Periapt","Runic Dome","The Courier","Singing Bowl","Oddly Smooth Stone","Gremlin Horn","Bag of Preparation","Centennial Puzzle"],"potions_floor_usage":[6,6,16,50,50,50],"damage_taken":[{"damage":0,"enemies":"Small Slimes","floor":1,"turns":3},{"damage":1,"enemies":"Jaw Worm","floor":4,"turns":2},{"damage":0,"enemies":"Cultist","floor":5,"turns":5},{"damage":0,"enemies":"3 Sentries","floor":6,"turns":3},{"damage":0,"enemies":"3 Louse","floor":7,"turns":4},{"damage":0,"enemies":"Exordium Wildlife","floor":10,"turns":2},{"damage":0,"enemies":"Gremlin Nob","floor":12,"turns":2},{"damage":0,"enemies":"Red Slaver","floor":13,"turns":2},{"damage":9,"enemies":"The Guardian","floor":16,"turns":6},{"damage":0,"enemies":"Shell Parasite","floor":18,"turns":1},{"damage":2,"enemies":"3 Byrds","floor":19,"turns":5},{"damage":0,"enemies":"3 Cultists","floor":21,"turns":3},{"damage":0,"enemies":"Shelled Parasite and Fungi","floor":24,"turns":2},{"damage":0,"enemies":"Slavers","floor":27,"turns":3},{"damage":0,"enemies":"Centurion and Healer","floor":29,"turns":1},{"damage":0,"enemies":"Gremlin Leader","floor":30,"turns":1},{"damage":0,"enemies":"Sentry and Sphere","floor":31,"turns":1},{"damage":0,"enemies":"Automaton","floor":33,"turns":1},{"damage":0,"enemies":"3 Darklings","floor":35,"turns":1},{"damage":0,"enemies":"Orb Walker","floor":36,"turns":1},{"damage":0,"enemies":"3 Darklings","floor":37,"turns":1},{"damage":8,"enemies":"4 Shapes","floor":38,"turns":1},{"damage":0,"enemies":"Reptomancer","floor":41,"turns":1},{"damage":0,"enemies":"Nemesis","floor":45,"turns":1},{"damage":39,"enemies":"Awakened One","floor":50,"turns":4}],"seed_played":"-6046446197112950682","potions_obtained":[{"floor":1,"key":"FearPotion"},{"floor":5,"key":"FearPotion"},{"floor":7,"key":"Block Potion"},{"floor":21,"key":"Weak Potion"},{"floor":24,"key":"Poison Potion"},{"floor":27,"key":"Ancient Potion"},{"floor":30,"key":"SkillPotion"},{"floor":31,"key":"SteroidPotion"},{"floor":33,"key":"FearPotion"},{"floor":37,"key":"Strength Potion"}],"is_trial":false,"path_per_floor":["M","?","?","M","M","E","M","R","T","M","R","E","M","?","R","B",null,"M","M","?","M","?","R","M","T","T","E","$","M","E","M","R","B",null,"M","M","M","M","?","R","E","$","T","R","E","?","R","?","R","B"],"character_chosen":"THE_SILENT","items_purchased":["Backstab","Ninja Scroll","PrismaticShard","Reflex","Accuracy+1","Thinking Ahead","Masterful Stab","Noxious Fumes+1","Finesse","Blade Dance","Backflip","Concentrate","Blur","Acrobatics","Concentrate","Calculated Gamble","Terror","Singing Bowl","Oddly Smooth Stone","Poisoned Stab","Gremlin Horn","Chrysalis"],"campfire_rested":0,"item_purchase_floors":[28,28,28,28,28,28,42,42,42,42,42,42,42,42,42,42,42,42,42,42,42,42],"current_hp_per_floor":[68,57,57,56,56,56,56,56,56,56,56,56,56,55,54,45,52,51,49,25,33,33,33,33,33,33,33,33,33,33,33,33,33,35,34,33,32,24,36,36,36,36,42,42,44,43,42,32,32,0],"gold":37,"neow_bonus":"","is_prod":false,"is_daily":true,"chose_seed":false,"campfire_upgraded":9,"win_rate":0,"timestamp":1543041378,"path_taken":["M","?","?","M","?","E","M","R","T","M","R","E","M","?","R","BOSS","M","M","?","?","?","R","M","?","T","E","$","M","E","M","R","BOSS","M","?","M","M","?","R","E","?","T","R","E","?","R","?","R","BOSS"],"build_version":"2018-11-15","purchased_purges":0,"victory":false,"max_hp_per_floor":[68,67,66,65,64,63,62,61,60,59,58,57,56,55,54,53,52,51,50,49,48,47,46,45,44,43,42,41,40,39,38,37,36,35,34,33,32,31,42,41,40,39,44,43,44,43,42,41,40,40],"card_choices":[{"not_picked":["Leg Sweep","PiercingWail"],"picked":"Terror","floor":1},{"not_picked":["Underhanded Strike","Backflip"],"picked":"Prepared","floor":4},{"not_picked":["Catalyst","Dodge and Roll"],"picked":"All Out Attack","floor":5},{"not_picked":["Dodge and Roll","Deadly Poison"],"picked":"Masterful Stab","floor":6},{"not_picked":["Acrobatics","Underhanded Strike"],"picked":"Grand Finale","floor":7},{"not_picked":["Leg Sweep","Dagger Spray"],"picked":"Prepared","floor":10},{"not_picked":["Accuracy","Blade Dance"],"picked":"Infinite Blades","floor":12},{"not_picked":["Dagger Throw","Predator"],"picked":"Prepared","floor":13},{"not_picked":["Malaise","Grand Finale"],"picked":"Bullet Time","floor":16},{"not_picked":["Dagger Throw","Deflect"],"picked":"Escape Plan","floor":18},{"not_picked":["Expertise+1","Acrobatics+1"],"picked":"Prepared+1","floor":19},{"not_picked":["All Out Attack","Quick Slash"],"picked":"Backflip","floor":21},{"not_picked":["Acrobatics","Blur+1"],"picked":"Eviscerate","floor":24},{"not_picked":["Dodge and Roll","Dagger Throw+1"],"picked":"Escape Plan","floor":27},{"not_picked":["Sweeping Beam","Deflect+1"],"picked":"Footwork+1","floor":29},{"not_picked":["Streamline+1","Streamline+1"],"picked":"Warcry","floor":30},{"not_picked":["Cold Snap","Iron Wave"],"picked":"Enlightenment","floor":31},{"not_picked":["Amplify","The Bomb"],"picked":"Master of Strategy","floor":33},{"not_picked":["Clothesline+1","Body Slam"],"picked":"Turbo+1","floor":35},{"not_picked":["Enlightenment+1","Sucker Punch"],"picked":"Flash of Steel+1","floor":36},{"not_picked":["Outmaneuver+1","Forethought"],"picked":"Outmaneuver+1","floor":37},{"not_picked":["Recycle+1","Expertise"],"picked":"Jack Of All Trades+1","floor":38},{"not_picked":["Dramatic Entrance","Sword Boomerang"],"picked":"Discovery+1","floor":41},{"not_picked":["Blind","Thunderclap+1","Glass Knife"],"picked":"Singing Bowl","floor":45},{"not_picked":["Thinking Ahead","Good Instincts"],"picked":"Madness","floor":48},{"not_picked":["Chrysalis","PanicButton"],"picked":"Purity","floor":48},{"not_picked":["Chrysalis","Dark Shackles"],"picked":"Metamorphosis","floor":48}],"player_experience":235876,"relics_obtained":[{"floor":6,"key":"Incense Burner"},{"floor":9,"key":"Anchor"},{"floor":12,"key":"Pen Nib"},{"floor":25,"key":"Dream Catcher"},{"floor":26,"key":"Frozen Egg 2"},{"floor":27,"key":"Sundial"},{"floor":30,"key":"Darkstone Periapt"},{"floor":41,"key":"The Courier"},{"floor":43,"key":"Bag of Preparation"},{"floor":45,"key":"Centennial Puzzle"}],"event_choices":[{"damage_healed":0,"gold_gain":75,"player_choice":"Gather Gold","damage_taken":11,"max_hp_gain":0,"max_hp_loss":0,"event_name":"World of Goop","floor":2,"gold_loss":0},{"damage_healed":0,"gold_gain":0,"cards_transformed":["Strike_G"],"player_choice":"Transformed","damage_taken":0,"max_hp_gain":0,"max_hp_loss":0,"event_name":"Transmorgrifier","floor":3,"gold_loss":0,"cards_obtained":["Catalyst"]},{"damage_healed":0,"gold_gain":0,"cards_transformed":["Strike_G"],"player_choice":"Change","damage_taken":0,"max_hp_gain":0,"max_hp_loss":0,"event_name":"Living Wall","floor":14,"gold_loss":0,"cards_obtained":["Accuracy"]},{"damage_healed":0,"gold_gain":0,"player_choice":"CARD CARD CARD ","damage_taken":24,"max_hp_gain":0,"max_hp_loss":0,"event_name":"Knowing Skull","floor":20,"potions_obtained":[],"gold_loss":0,"cards_obtained":["Blind","Bandage Up","Swift Strike"]},{"damage_healed":0,"gold_gain":0,"player_choice":"Read","damage_taken":0,"max_hp_gain":0,"max_hp_loss":0,"event_name":"The Library","floor":22,"gold_loss":0,"cards_obtained":["Well Laid Plans"]},{"damage_healed":0,"gold_gain":999,"player_choice":"Gold","damage_taken":0,"max_hp_gain":0,"max_hp_loss":0,"event_name":"MindBloom","floor":39,"gold_loss":0,"cards_obtained":["Normality","Normality"]},{"cards_removed":["Acrobatics"],"damage_healed":0,"gold_gain":0,"player_choice":"Removed Skill","damage_taken":0,"max_hp_gain":0,"max_hp_loss":0,"event_name":"Falling","floor":46,"gold_loss":0},{"damage_healed":0,"gold_gain":0,"player_choice":"Memory 3","damage_taken":10,"max_hp_gain":0,"max_hp_loss":0,"event_name":"SensoryStone","floor":48,"gold_loss":0}],"is_beta":true,"boss_relics":[{"not_picked":["Busted Crown","Tiny House"],"picked":"Cursed Key"},{"not_picked":["Velvet Choker","White Beast Statue"],"picked":"Runic Dome"}],"items_purged_floors":[],"is_endless":false,"potions_floor_spawned":[1,5,7,21,24,27,30,31,33,37,41],"killed_by":"Awakened One","ascension_level":0}