{"path_per_floor":["M","$","?","M","M","E","R","$","T","M","M","M","R","M","R","B",null,"M","M","?","M","M","T","?"],"character_chosen":"IRONCLAD","items_purchased":["Demon Form","Flash of Steel","Twin Strike"],"gold_per_floor":[114,42,42,61,80,148,148,1,51,70,89,108,108,127,127,252,252,252,177,177,177,177,177,177,177],"floor_reached":25,"campfire_rested":1,"playtime":1875,"current_hp_per_floor":[80,80,60,63,69,57,57,57,57,63,68,68,80,80,80,61,80,80,80,80,80,34,34,18,0],"items_purged":[],"gold":177,"score":207,"play_id":"a8bbb4cc-34a3-43b8-9001-7958e97d9cc4","local_time":"20180327221251","daily_mods":["Allstar","Uncertain Future","Binary"],"is_prod":false,"is_daily":true,"is_ascension_mode":false,"campfire_upgraded":2,"timestamp":1522213971,"path_taken":["M","$","?","M","M","E","R","?","T","M","M","?","R","M","R","BOSS","M","M","?","M","M","?","?","E"],"build_version":"2018-03-22v2","purchased_purges":0,"victory":false,"master_deck":["Strike_R","Strike_R","Strike_R","Strike_R","Strike_R","Defend_R","Defend_R","Defend_R","Defend_R","Bash","Blind","Apotheosis+1","Flame Barrier","Demon Form+1","Headbutt","Iron Wave","Heavy Blade","Flash of Steel","Twin Strike","Fire Breathing","Warcry","Bloodletting","Whirlwind","Reaper","Double Tap","Thunderclap+1","Havoc+1","Carnage","Body Slam","Shrug It Off+1"],"max_hp_per_floor":[80,80,80,80,80,80,80,80,80,80,80,80,80,80,80,80,80,80,80,80,80,80,80,80,80],"relics":["Burning Blood","Golden Idol","Tiny Chest","Dream Catcher","Ectoplasm","Ice Cream","Enchiridion"],"card_choices":[{"not_picked":["Iron Wave"],"picked":"Flame Barrier","floor":1},{"not_picked":["Pommel Strike"],"picked":"Headbutt","floor":4},{"not_picked":["Clash"],"picked":"Iron Wave","floor":5},{"not_picked":["Sever Soul"],"picked":"Heavy Blade","floor":6},{"not_picked":["Flex"],"picked":"Fire Breathing","floor":10},{"not_picked":["Armaments"],"picked":"Warcry","floor":11},{"not_picked":["Twin Strike"],"picked":"Bloodletting","floor":12},{"not_picked":["Armaments"],"picked":"Whirlwind","floor":13},{"not_picked":["Anger"],"picked":"Reaper","floor":14},{"not_picked":["Berserk"],"picked":"Double Tap","floor":16},{"not_picked":["Pommel Strike"],"picked":"Thunderclap","floor":18},{"not_picked":["Metallicize"],"picked":"Havoc","floor":19},{"not_picked":["Twin Strike"],"picked":"Body Slam","floor":21},{"not_picked":["Havoc"],"picked":"Shrug It Off","floor":22}],"player_experience":114278,"potions_floor_usage":[6,10,14,16,16,18,19,21],"damage_taken":[{"damage":3,"enemies":"Small Slimes","floor":1,"turns":3},{"damage":3,"enemies":"Jaw Worm","floor":4,"turns":3},{"damage":0,"enemies":"2 Louse","floor":5,"turns":2},{"damage":18,"enemies":"3 Sentries","floor":6,"turns":9},{"damage":0,"enemies":"Looter","floor":10,"turns":3},{"damage":1,"enemies":"Exordium Wildlife","floor":11,"turns":3},{"damage":6,"enemies":"2 Fungi Beasts","floor":12,"turns":4},{"damage":1,"enemies":"Blue Slaver","floor":14,"turns":4},{"damage":37,"enemies":"Hexaghost","floor":16,"turns":8},{"damage":0,"enemies":"3 Byrds","floor":18,"turns":4},{"damage":8,"enemies":"2 Thieves","floor":19,"turns":5},{"damage":2,"enemies":"Centurion and Healer","floor":21,"turns":4},{"damage":67,"enemies":"Slaver and Parasite","floor":22,"turns":6},{"damage":19,"enemies":"Gremlin Leader","floor":25,"turns":2}],"event_choices":[{"event_name":"Golden Idol","player_choice":"Take Damage","floor":3,"damage_taken":0},{"event_name":"The Library","player_choice":"Read","floor":20,"damage_taken":0},{"event_name":"Cursed Tome","player_choice":"Obtained Book","floor":24,"damage_taken":0}],"boss_relics":[{"not_picked":["Runic Pyramid","Question Card"],"picked":"Ectoplasm"}],"potions_floor_spawned":[4,5,6,11,12,14,18,19],"seed_played":"-186306444568268159","killed_by":"Gremlin Leader","ascension_level":0,"is_trial":false}