{"gold_per_floor":[114,114,39,53,69,69,81,81,81,81,100,128,144,155,155,231,231],"floor_reached":17,"playtime":498,"items_purged":["Defend_R"],"score":318,"play_id":"d8bd30fc-a690-4c70-8b81-34f729481546","local_time":"20190513171935","is_ascension_mode":true,"campfire_choices":[{"data":"Bash","floor":6.0,"key":"SMITH"},{"data":"Body Slam","floor":8.0,"key":"SMITH"},{"data":"Twin Strike","floor":10.0,"key":"SMITH"},{"data":"Infernal Blade","floor":15.0,"key":"SMITH"}],"neow_cost":"NONE","seed_source_timestamp":0,"circlet_count":0,"master_deck":["AscendersBane","Strike_R","Strike_R","Strike_R","Strike_R","Defend_R","Defend_R+1","Defend_R","Bash+1","Twin Strike+1","Rage+1","Body Slam+1","Shrug It Off","Carnage","Infernal Blade+1","Carnage","Limit Break"],"special_seed":0,"relics":["Burning Blood","War Paint","Blue Candle","Velvet Choker"],"potions_floor_usage":[],"damage_taken":[{"damage":6.0,"enemies":"2 Louse","floor":1.0,"turns":4.0},{"damage":6.0,"enemies":"Cultist","floor":4.0,"turns":3.0},{"damage":1.0,"enemies":"Small Slimes","floor":5.0,"turns":3.0},{"damage":3.0,"enemies":"2 Fungi Beasts","floor":7.0,"turns":4.0},{"damage":8.0,"enemies":"Large Slime","floor":11.0,"turns":5.0},{"damage":40.0,"enemies":"Lagavulin","floor":12.0,"turns":7.0},{"damage":0.0,"enemies":"Blue Slaver","floor":13.0,"turns":3.0},{"damage":1.0,"enemies":"2 Fungi Beasts","floor":14.0,"turns":4.0},{"damage":55.0,"enemies":"Slime Boss","floor":16.0,"turns":8.0}],"seed_played":"-5747452420393157751","potions_obtained":[{"floor":1.0,"key":"EntropicBrew"},{"floor":4.0,"key":"Explosive Potion"},{"floor":13.0,"key":"Energy Potion"},{"floor":14.0,"key":"PowerPotion"}],"is_trial":false,"path_per_floor":["M","?","$","M","M","R","M","R","T","R","M","E","M","M","R","B",null],"character_chosen":"IRONCLAD","items_purchased":[],"campfire_rested":0,"item_purchase_floors":[],"current_hp_per_floor":[75,75,75,75,80,80,82,82,82,82,80,46,52,57,57,8,64],"gold":231,"neow_bonus":"TEN_PERCENT_HP_BONUS","is_prod":false,"is_daily":false,"chose_seed":false,"campfire_upgraded":4,"win_rate":0,"timestamp":1557764375,"path_taken":["M","?","$","M","?","R","M","R","T","R","M","E","M","?","R","BOSS","BOSS"],"build_version":"2019-01-23","purchased_purges":1,"victory":false,"max_hp_per_floor":[82,82,82,82,82,82,82,82,82,82,82,82,82,82,82,82,82],"card_choices":[{"not_picked":["Intimidate","Reckless Charge"],"picked":"Twin Strike","floor":1.0},{"not_picked":["Wild Strike","Searing Blow"],"picked":"Rage","floor":4.0},{"not_picked":["Burning Pact","Sword Boomerang"],"picked":"Body Slam","floor":5.0},{"not_picked":["Anger","Perfected Strike","Entrench"],"picked":"SKIP","floor":7.0},{"not_picked":["Seeing Red","Havoc"],"picked":"Shrug It Off","floor":11.0},{"not_picked":["Havoc","Combust"],"picked":"Carnage","floor":12.0},{"not_picked":["Heavy Blade","Clash"],"picked":"Infernal Blade","floor":13.0},{"not_picked":["Thunderclap","Blood for Blood"],"picked":"Carnage","floor":14.0},{"not_picked":["Exhume","Berserk"],"picked":"Limit Break","floor":16}],"player_experience":1354969,"relics_obtained":[{"floor":9.0,"key":"War Paint"},{"floor":12.0,"key":"Blue Candle"}],"event_choices":[{"cards_removed":["Strike_R"],"damage_healed":0.0,"max_hp_gain":0.0,"max_hp_loss":0.0,"gold_gain":0.0,"event_name":"Bonfire Elementals","player_choice":"Offered Basic","floor":2.0,"gold_loss":0.0,"damage_taken":0.0}],"is_beta":false,"boss_relics":[{"not_picked":["Runic Dome","Mark of Pain"],"picked":"Velvet Choker"}],"items_purged_floors":[3],"is_endless":false,"potions_floor_spawned":[1,4,13,14],"ascension_level":20}