{"gold_per_floor":[366,2,2,2,13,13,43,43,43,43,72,90,110,110],"floor_reached":14,"playtime":635,"items_purged":["Writhe"],"score":162,"play_id":"de1d71d9-ce16-492f-98fc-428d106c7dd7","local_time":"20190422151053","is_ascension_mode":true,"campfire_choices":[{"data":"Neutralize","floor":6,"key":"SMITH"},{"data":"Dagger Spray","floor":10,"key":"SMITH"}],"neow_cost":"CURSE","seed_source_timestamp":1101397077924246,"circlet_count":0,"master_deck":["AscendersBane","Defend_G","Defend_G","Defend_G","Defend_G","Defend_G","Strike_G","Strike_G","Strike_G","Strike_G","Strike_G","Survivor","Neutralize+1","Dagger Spray+1","Blur"],"relics":["Ring of the Snake","Nunchaku","Strawberry","Dodecahedron","Incense Burner"],"potions_floor_usage":[5,11],"damage_taken":[{"damage":2,"enemies":"Jaw Worm","floor":1,"turns":7},{"damage":7,"enemies":"Cultist","floor":5,"turns":4},{"damage":19,"enemies":"3 Sentries","floor":7,"turns":10},{"damage":27,"enemies":"Gremlin Nob","floor":11,"turns":4},{"damage":0,"enemies":"Small Slimes","floor":12,"turns":4},{"damage":6,"enemies":"Blue Slaver","floor":13,"turns":4},{"damage":12,"enemies":"Exordium Thugs","floor":14,"turns":1}],"seed_played":"-3362424901905816653","potions_obtained":[{"floor":1,"key":"Poison Potion"},{"floor":7,"key":"Poison Potion"},{"floor":13,"key":"Block Potion"}],"is_trial":false,"path_per_floor":["M","$","?","$","M","R","E","?","T","R","E","M","M","M"],"character_chosen":"THE_SILENT","items_purchased":["Nunchaku"],"campfire_rested":0,"item_purchase_floors":[2],"current_hp_per_floor":[61,61,61,61,54,54,42,42,42,42,15,15,9,0],"gold":110,"neow_bonus":"TWO_FIFTY_GOLD","is_prod":false,"is_daily":false,"chose_seed":false,"campfire_upgraded":2,"win_rate":0,"timestamp":1555971053,"path_taken":["M","$","?","?","M","R","E","?","T","R","E","M","M","M"],"build_version":"2019-01-23","purchased_purges":1,"victory":false,"max_hp_per_floor":[70,70,70,70,70,70,77,77,77,77,77,77,77,77],"card_choices":[{"not_picked":["Backflip","Dodge and Roll","PiercingWail"],"picked":"SKIP","floor":1},{"not_picked":["Dagger Throw","Prepared"],"picked":"Dagger Spray","floor":5},{"not_picked":["Quick Slash","Deflect","Outmaneuver"],"picked":"SKIP","floor":7},{"not_picked":["Noxious Fumes","Slice"],"picked":"Blur","floor":11},{"not_picked":["Storm of Steel","Slice","Reflex"],"picked":"SKIP","floor":12},{"not_picked":["Distraction","Dagger Throw","Eviscerate"],"picked":"SKIP","floor":13}],"player_experience":469778,"relics_obtained":[{"floor":7,"key":"Strawberry"},{"floor":9,"key":"Dodecahedron"},{"floor":11,"key":"Incense Burner"}],"event_choices":[{"damage_healed":0,"gold_gain":0,"player_choice":"Cursed","damage_taken":0,"max_hp_gain":0,"max_hp_loss":0,"event_name":"Wheel of Change","floor":3,"gold_loss":0,"cards_obtained":["Decay"]},{"cards_removed":["Decay"],"damage_healed":0,"gold_gain":0,"player_choice":"Removed Curses","damage_taken":0,"max_hp_gain":0,"max_hp_loss":0,"event_name":"Fountain of Cleansing","floor":8,"gold_loss":0}],"is_beta":false,"boss_relics":[],"items_purged_floors":[2],"is_endless":false,"potions_floor_spawned":[1,7,13],"killed_by":"Exordium Thugs","ascension_level":13}