{"gold_per_floor":[109,109,128,53,70,105,105,119,142,161,161,161,194,94,94,170,170,186,210,210,225,239,265,265,299,299,299,299,299,299,315,315,315],"floor_reached":33,"playtime":1331,"items_purged":["Pain","Strike_R"],"score":586,"play_id":"56c95db4-9bf5-4315-a3e4-2bb15d89026b","local_time":"20190203171501","is_ascension_mode":true,"campfire_choices":[{"data":"Infernal Blade","floor":7.0,"key":"SMITH"},{"data":"Clothesline","floor":12.0,"key":"SMITH"},{"data":"Clothesline","floor":15.0,"key":"SMITH"},{"data":"True Grit","floor":24.0,"key":"SMITH"},{"data":"1","floor":27,"key":"LIFT"},{"data":"2","floor":30,"key":"LIFT"},{"floor":32,"key":"REST"}],"neow_cost":"NONE","seed_source_timestamp":16227177916920,"circlet_count":0,"master_deck":["AscendersBane","Strike_R","Strike_R","Strike_R","Strike_R","Defend_R","Defend_R","Defend_R","Defend_R","Bash+1","Pommel Strike+1","Infernal Blade+1","Cleave","Clothesline+1","Clothesline+1","Flex","Impervious","Metallicize","Shrug It Off","True Grit+1","Flame Barrier","Panacea","Iron Wave"],"special_seed":0,"relics":["Burning Blood","WarpedTongs","Omamori","Happy Flower","Potion Belt","Philosopher\u0027s Stone","Smiling Mask","Gambling Chip","Girya","Art of War","Sundial"],"potions_floor_usage":[25],"damage_taken":[{"damage":12.0,"enemies":"Small Slimes","floor":1.0,"turns":5.0},{"damage":4.0,"enemies":"Cultist","floor":3.0,"turns":3.0},{"damage":1.0,"enemies":"2 Louse","floor":5.0,"turns":2.0},{"damage":24.0,"enemies":"Lagavulin","floor":6.0,"turns":5.0},{"damage":2.0,"enemies":"Red Slaver","floor":8.0,"turns":4.0},{"damage":15.0,"enemies":"Exordium Thugs","floor":10.0,"turns":4.0},{"damage":8.0,"enemies":"Gremlin Nob","floor":13.0,"turns":3.0},{"damage":31.0,"enemies":"The Guardian","floor":16.0,"turns":12.0},{"damage":13.0,"enemies":"Chosen","floor":18.0,"turns":4.0},{"damage":2.0,"enemies":"3 Byrds","floor":21.0,"turns":4.0},{"damage":7.0,"enemies":"Snecko","floor":22.0,"turns":6.0},{"damage":3.0,"enemies":"Gremlin Leader","floor":23.0,"turns":8.0},{"damage":16,"enemies":"Book of Stabbing","floor":25,"turns":4},{"damage":13,"enemies":"Snake Plant","floor":31,"turns":3},{"damage":62,"enemies":"Automaton","floor":33,"turns":10}],"seed_played":"-7428566498237312191","potions_obtained":[{"floor":5.0,"key":"SteroidPotion"},{"floor":10.0,"key":"Fire Potion"},{"floor":13.0,"key":"Block Potion"},{"floor":16.0,"key":"EssenceOfSteel"},{"floor":21.0,"key":"Strength Potion"},{"floor":23.0,"key":"Ancient Potion"},{"floor":31,"key":"FearPotion"}],"is_trial":false,"path_per_floor":["M","?","M","$","M","E","R","M","T","M","?","R","E","$","R","B",null,"M","T","T","M","M","E","R","E","T","R","?","?","R","M","R","B"],"character_chosen":"IRONCLAD","items_purchased":[],"campfire_rested":1,"item_purchase_floors":[],"current_hp_per_floor":[62,62,64,64,69,51,51,55,55,46,46,46,44,44,44,19,61,54,54,54,58,57,60,60,50,50,50,50,36,36,29,51,0],"gold":315,"neow_bonus":"UPGRADE_CARD","is_prod":false,"is_daily":false,"chose_seed":false,"campfire_upgraded":4,"win_rate":0,"timestamp":1549214101,"path_taken":["M","?","M","$","?","E","R","M","T","M","?","R","E","$","R","BOSS","M","?","?","M","M","E","R","E","T","R","?","?","R","?","R","BOSS"],"build_version":"2019-01-23","purchased_purges":2,"victory":false,"max_hp_per_floor":[75,75,75,75,75,75,75,75,75,75,75,75,75,75,75,75,75,75,75,75,75,75,75,75,75,75,75,75,75,75,75,75,75],"card_choices":[{"not_picked":["Body Slam","Battle Trance"],"picked":"Pommel Strike","floor":1.0},{"not_picked":["True Grit","Havoc"],"picked":"Infernal Blade","floor":3.0},{"not_picked":["Clash","Entrench","Heavy Blade"],"picked":"SKIP","floor":5.0},{"not_picked":["Body Slam","Perfected Strike"],"picked":"Cleave","floor":6.0},{"not_picked":["Pommel Strike","Rage"],"picked":"Clothesline","floor":8.0},{"not_picked":["Armaments","Body Slam"],"picked":"Clothesline","floor":10.0},{"not_picked":["Sword Boomerang","Burning Pact"],"picked":"Flex","floor":13.0},{"not_picked":["Bludgeon","Fiend Fire"],"picked":"Impervious","floor":16.0},{"not_picked":["Cleave","Clash","Heavy Blade"],"picked":"SKIP","floor":18.0},{"not_picked":["Headbutt","Clothesline"],"picked":"Metallicize","floor":21.0},{"not_picked":["Battle Trance","Headbutt"],"picked":"Shrug It Off","floor":22.0},{"not_picked":["Wild Strike","Whirlwind"],"picked":"True Grit","floor":23.0},{"not_picked":["Anger","Bludgeon"],"picked":"Flame Barrier","floor":25},{"not_picked":["Sword Boomerang","Havoc"],"picked":"Iron Wave","floor":31}],"player_experience":1182829,"relics_obtained":[{"floor":6.0,"key":"Omamori"},{"floor":9.0,"key":"Happy Flower"},{"floor":13.0,"key":"Potion Belt"},{"floor":19.0,"key":"Smiling Mask"},{"floor":23.0,"key":"Gambling Chip"},{"floor":25,"key":"Girya"},{"floor":26,"key":"Art of War"}],"event_choices":[{"damage_healed":0.0,"max_hp_gain":0.0,"max_hp_loss":0.0,"gold_gain":0.0,"event_name":"Accursed Blacksmith","player_choice":"Rummage","floor":2.0,"gold_loss":0.0,"damage_taken":0.0,"relics_obtained":["WarpedTongs"],"cards_obtained":["Pain"]},{"damage_healed":0.0,"max_hp_gain":0.0,"max_hp_loss":0.0,"gold_gain":0.0,"event_name":"Upgrade Shrine","player_choice":"Upgraded","floor":11.0,"gold_loss":0.0,"damage_taken":0.0,"cards_upgraded":["Pommel Strike"]},{"damage_healed":0,"gold_gain":0,"player_choice":"Opened","damage_taken":0,"relics_obtained":["Sundial"],"max_hp_gain":0,"max_hp_loss":0,"event_name":"The Mausoleum","floor":28,"gold_loss":0,"cards_obtained":["Writhe"]},{"damage_healed":0,"gold_gain":0,"player_choice":"CARD ","damage_taken":14,"max_hp_gain":0,"max_hp_loss":0,"event_name":"Knowing Skull","floor":29,"potions_obtained":[],"gold_loss":0,"cards_obtained":["Panacea"]}],"is_beta":false,"boss_relics":[{"not_picked":["Black Star","Astrolabe"],"picked":"Philosopher\u0027s Stone"}],"items_purged_floors":[4,14],"is_endless":false,"potions_floor_spawned":[5,10,13,16,21,23,31],"killed_by":"Automaton","ascension_level":20}