{"gold_per_floor":[116,291,291,291,291,291,332,347,396,396,396,24,85,108,108,237,237,253,298,6,6,29,29,29],"floor_reached":24,"playtime":1665,"items_purged":["Regret"],"score":372,"play_id":"2d90cd48-c98b-4cec-9096-d3dd21a5411d","local_time":"20190112211931","is_ascension_mode":true,"campfire_choices":[{"floor":6.0,"key":"REST"},{"floor":11.0,"key":"REST"},{"data":"HandOfGreed","floor":15.0,"key":"SMITH"},{"data":"Slimebound:TongueLash","floor":23.0,"key":"PURGE"}],"neow_cost":"","seed_source_timestamp":0,"circlet_count":0,"master_deck":["Slimebound:Split","Slimebound:CorrosiveSpit","Slimebound:ViciousTackle","Slimebound:GangUp","Doubt","Slimebound:PressTheAttack","Slimebound:ItLooksTasty","Slimebound:LevelUp+1","HandOfGreed+1","Slimebound:QuickStudy","Slimebound:RejuvenatingLick","Slimebound:SlimeSpikes","Slimebound:SuperSplit","Slimebound:HauntingLick","Slimebound:PrepareCrush","Slimebound:AcidGelatin+1","Slimebound:AcidTongue+1","Slimebound:HungryTackle","Slimebound:GrowthPunch","Slimebound:VenomTackle","Slimebound:LevelUp+1","Slimebound:LeadByExample+1","Mayhem+1","Slimebound:GoopTackle"],"special_seed":0,"relics":["Slimebound:AbsorbEndCombat","Frozen Egg 2","Singing Bowl","FossilizedHelix","Runic Dome","Golden Idol","Darkstone Periapt","Gremlin Horn","Regal Pillow","Strawberry","Slimebound:ScrapOozeRelic","Pear","Pandora\u0027s Box","Meat on the Bone"],"potions_floor_usage":[24],"damage_taken":[{"damage":12.0,"enemies":"Cultist","floor":1.0,"turns":3.0},{"damage":46.0,"enemies":"Lagavulin","floor":7.0,"turns":5.0},{"damage":28.0,"enemies":"Jaw Worm","floor":8.0,"turns":4.0},{"damage":22.0,"enemies":"3 Sentries","floor":13.0,"turns":4.0},{"damage":3.0,"enemies":"2 Louse","floor":14.0,"turns":2.0},{"damage":14.0,"enemies":"Slime Boss","floor":16.0,"turns":6.0},{"damage":21.0,"enemies":"Chosen","floor":18.0,"turns":4.0},{"damage":50.0,"enemies":"3 Byrds","floor":19.0,"turns":4.0},{"damage":31.0,"enemies":"Centurion and Healer","floor":22.0,"turns":3.0},{"damage":71,"enemies":"Gremlin Leader","floor":24,"turns":3}],"seed_played":"-608772638663247750","potions_obtained":[{"floor":13.0,"key":"SteroidPotion"},{"floor":14.0,"key":"Regen Potion"},{"floor":16.0,"key":"AttackPotion"},{"floor":19.0,"key":"EssenceOfSteel"}],"is_trial":false,"path_per_floor":["M","?","?","T","?","R","E","M","T","?","R","$","E","M","R","B",null,"M","M","$","?","M","R","E"],"character_chosen":"SLIMEBOUND","items_purchased":["Frozen Egg 2","Singing Bowl","Slimebound:LevelUp+1","HandOfGreed","Slimebound:QuickStudy","Slimebound:LeadByExample+1","Mayhem+1","Slimebound:GoopTackle"],"campfire_rested":2,"item_purchase_floors":[0,0,12,12,12,20,20,20],"current_hp_per_floor":[49,49,31,31,37,61,32,20,27,27,68,68,69,72,72,89,98,98,63,63,63,56,56,0],"gold":29,"neow_bonus":"","is_prod":false,"is_daily":false,"chose_seed":false,"campfire_upgraded":1,"win_rate":0,"timestamp":1547349571,"path_taken":["M","?","?","?","?","R","E","M","T","?","R","$","E","M","R","BOSS","M","M","$","?","M","R","E"],"build_version":"2019-01-10","purchased_purges":1,"victory":false,"max_hp_per_floor":[75,75,75,75,81,81,81,81,88,88,88,88,98,98,98,98,98,100,100,100,100,102,102,102],"card_choices":[{"not_picked":["Slimebound:PoisonLick","Slimebound:Grow"],"picked":"Slimebound:GangUp","floor":1.0},{"not_picked":["Slimebound:SoulSicken","Slimebound:Grow"],"picked":"Slimebound:PressTheAttack","floor":7.0},{"not_picked":["Slimebound:SamplingLick","Slimebound:RejuvenatingLick"],"picked":"Slimebound:ItLooksTasty","floor":8.0},{"not_picked":["Slimebound:DivideAndConquer","Slimebound:RollThrough"],"picked":"Slimebound:RejuvenatingLick","floor":13.0},{"not_picked":["Slimebound:GoopSpray","Slimebound:PressTheAttack"],"picked":"Slimebound:SlimeSpikes","floor":14.0},{"not_picked":["Slimebound:PrepareCrush","Slimebound:DouseInSlime"],"picked":"Slimebound:SuperSplit","floor":16.0},{"not_picked":["Slimebound:PressTheAttack","Slimebound:RollThrough","Slimebound:ProtectTheBoss+1"],"picked":"Singing Bowl","floor":18.0},{"not_picked":["Slimebound:VenomTackle+1","Slimebound:ProtectTheBoss+1"],"picked":"Slimebound:TongueLash","floor":19.0},{"not_picked":["Slimebound:RollThrough","Slimebound:PoisonLick","Slimebound:SplitLeeching"],"picked":"Singing Bowl","floor":22.0}],"player_experience":243221,"relics_obtained":[{"floor":4.0,"key":"Darkstone Periapt"},{"floor":7.0,"key":"Regal Pillow"},{"floor":9.0,"key":"Strawberry"},{"floor":13.0,"key":"Pear"}],"event_choices":[{"damage_healed":0.0,"max_hp_gain":0.0,"max_hp_loss":0.0,"gold_gain":175.0,"event_name":"Liars Game","player_choice":"AGREE","floor":2.0,"gold_loss":0.0,"damage_taken":0.0,"cards_obtained":["Doubt"]},{"damage_healed":0.0,"max_hp_gain":0.0,"max_hp_loss":0.0,"gold_gain":0.0,"event_name":"Golden Idol","player_choice":"Take Damage","floor":3.0,"gold_loss":0.0,"damage_taken":18.0,"relics_obtained":["Golden Idol"]},{"damage_healed":0.0,"max_hp_gain":0.0,"max_hp_loss":0.0,"gold_gain":0.0,"event_name":"Big Fish","player_choice":"Box","floor":5.0,"gold_loss":0.0,"damage_taken":0.0,"relics_obtained":["Gremlin Horn"],"cards_obtained":["Regret"]},{"damage_healed":0.0,"max_hp_gain":0.0,"max_hp_loss":0.0,"gold_gain":0.0,"event_name":"The Mausoleum","player_choice":"Opened","floor":21.0,"gold_loss":0.0,"damage_taken":0.0,"relics_obtained":["Meat on the Bone"]}],"is_beta":false,"boss_relics":[{"not_picked":["Ectoplasm","Runic Pyramid"],"picked":"Pandora\u0027s Box"}],"items_purged_floors":[12],"is_endless":false,"potions_floor_spawned":[13,14,16,19],"killed_by":"Gremlin Leader","ascension_level":3}