{"gold_per_floor":[119,43,43,8,8,8,23,23,23,37,67,79,130,166,178,283,295,330,361,373,404,427,439,376,417,429,453,465,497,509,550,562,574],"floor_reached":33,"playtime":1293,"items_purged":[],"score":590,"play_id":"7e94219c-4381-4313-b709-9e3ad10d1f6c","local_time":"20190212200833","is_ascension_mode":true,"campfire_choices":[{"data":"Zap","floor":6.0,"key":"SMITH"},{"data":"Beam Cell","floor":8.0,"key":"SMITH"},{"floor":15.0,"key":"REST"},{"floor":23.0,"key":"REST"},{"data":"Barrage","floor":28.0,"key":"SMITH"},{"floor":32,"key":"REST"}],"neow_cost":"NONE","seed_source_timestamp":0,"circlet_count":0,"master_deck":["AscendersBane","Strike_B","Strike_B","Defend_B","Defend_B","Defend_B","Defend_B","Zap+1","Dualcast","Beam Cell+1","Defragment+1","Barrage+1","Leap","Glacier","Ball Lightning","Static Discharge","Rainbow","Storm","BootSequence+1","Reinforced Body+1","Hologram","Sweeping Beam+1","Compile Driver+1","Gash+1"],"special_seed":0,"relics":["FrozenCore","Happy Flower","Letter Opener","MawBank","Bloody Idol","Vajra","Orichalcum","Cables","Toxic Egg 2"],"potions_floor_usage":[33],"damage_taken":[{"damage":2.0,"enemies":"Cultist","floor":1.0,"turns":4.0},{"damage":7.0,"enemies":"Small Slimes","floor":7.0,"turns":3.0},{"damage":12.0,"enemies":"Jaw Worm","floor":10.0,"turns":3.0},{"damage":11.0,"enemies":"3 Sentries","floor":11.0,"turns":6.0},{"damage":6.0,"enemies":"Lagavulin","floor":13.0,"turns":8.0},{"damage":5.0,"enemies":"Large Slime","floor":14.0,"turns":4.0},{"damage":21.0,"enemies":"The Guardian","floor":16.0,"turns":11.0},{"damage":8.0,"enemies":"2 Thieves","floor":18.0,"turns":5.0},{"damage":5.0,"enemies":"Chosen","floor":19.0,"turns":5.0},{"damage":9.0,"enemies":"Centurion and Healer","floor":21.0,"turns":6.0},{"damage":25.0,"enemies":"Chosen and Byrds","floor":22.0,"turns":5.0},{"damage":35.0,"enemies":"Slavers","floor":25.0,"turns":6.0},{"damage":5.0,"enemies":"Snake Plant","floor":27.0,"turns":5.0},{"damage":7,"enemies":"Sentry and Sphere","floor":29,"turns":6},{"damage":45,"enemies":"Gremlin Leader","floor":31,"turns":7},{"damage":65,"enemies":"Collector","floor":33,"turns":7}],"seed_played":"5546846387839852629","potions_obtained":[{"floor":7.0,"key":"Swift Potion"},{"floor":13.0,"key":"LiquidBronze"},{"floor":14.0,"key":"SpeedPotion"},{"floor":25.0,"key":"FocusPotion"}],"is_trial":false,"path_per_floor":["M","$","?","?","?","R","M","R","T","M","E","?","E","M","R","B",null,"M","M","?","M","M","R","?","E","T","M","R","M","$","E","R","B"],"character_chosen":"DEFECT","items_purchased":["Defragment"],"campfire_rested":3,"item_purchase_floors":[2],"current_hp_per_floor":[62,62,62,71,71,71,64,64,64,52,41,17,11,6,27,6,55,47,42,42,43,28,54,59,34,39,44,49,52,57,22,48,0],"gold":574,"neow_bonus":"REMOVE_CARD","is_prod":false,"is_daily":false,"chose_seed":false,"campfire_upgraded":3,"win_rate":0,"timestamp":1550002113,"path_taken":["M","?","?","?","?","R","M","R","T","?","E","?","E","M","R","BOSS","M","M","?","M","M","R","?","E","T","M","R","M","?","E","R","BOSS"],"build_version":"2019-01-23","purchased_purges":0,"victory":false,"max_hp_per_floor":[71,71,71,71,71,71,71,71,71,71,71,71,71,71,71,71,71,71,71,71,71,71,71,71,71,71,71,71,71,71,71,71,71],"card_choices":[{"not_picked":["Stack","Tempest"],"picked":"Beam Cell","floor":1.0},{"not_picked":["Tempest","Beam Cell"],"picked":"Barrage","floor":7.0},{"not_picked":["Beam Cell","Steam"],"picked":"Leap","floor":10.0},{"not_picked":["Heatsinks","Skim"],"picked":"Glacier","floor":11.0},{"not_picked":["Meteor Strike","Reinforced Body"],"picked":"Ball Lightning","floor":13.0},{"not_picked":["Skim","Go for the Eyes"],"picked":"Static Discharge","floor":14.0},{"not_picked":["Amplify","Multi-Cast"],"picked":"Rainbow","floor":16.0},{"not_picked":["Sweeping Beam","Go for the Eyes"],"picked":"Storm","floor":18.0},{"not_picked":["Steam","Rebound+1"],"picked":"BootSequence+1","floor":19.0},{"not_picked":["Rebound","Beam Cell"],"picked":"Reinforced Body+1","floor":21.0},{"not_picked":["Redo","Streamline+1"],"picked":"Hologram","floor":22.0},{"not_picked":["Biased Cognition","Streamline","Beam Cell"],"picked":"SKIP","floor":25.0},{"not_picked":["Fusion","Force Field"],"picked":"Sweeping Beam+1","floor":27.0},{"not_picked":["Hologram","Steam"],"picked":"Compile Driver+1","floor":29},{"not_picked":["Coolheaded","Barrage"],"picked":"Gash+1","floor":31}],"player_experience":1203705,"relics_obtained":[{"floor":5.0,"key":"Happy Flower"},{"floor":9.0,"key":"Letter Opener"},{"floor":11.0,"key":"MawBank"},{"floor":13.0,"key":"Vajra"},{"floor":25.0,"key":"Orichalcum"},{"floor":26.0,"key":"Cables"},{"floor":31,"key":"Toxic Egg 2"}],"event_choices":[{"damage_healed":0.0,"max_hp_gain":0.0,"max_hp_loss":0.0,"gold_gain":0.0,"event_name":"Living Wall","player_choice":"Grow","floor":3.0,"gold_loss":0.0,"damage_taken":0.0,"cards_upgraded":["Defragment"]},{"damage_healed":17.0,"max_hp_gain":0.0,"max_hp_loss":0.0,"gold_gain":0.0,"event_name":"The Cleric","player_choice":"Healed","floor":4.0,"gold_loss":35.0,"damage_taken":0.0},{"damage_healed":0.0,"max_hp_gain":0.0,"max_hp_loss":0.0,"gold_gain":0.0,"event_name":"Wheel of Change","player_choice":"Relic","floor":5.0,"gold_loss":0.0,"damage_taken":0.0},{"damage_healed":0.0,"max_hp_gain":0.0,"max_hp_loss":0.0,"gold_gain":0.0,"event_name":"Golden Idol","player_choice":"Take Damage","floor":12.0,"gold_loss":0.0,"damage_taken":24.0,"relics_obtained":["Golden Idol"]},{"damage_healed":0.0,"max_hp_gain":0.0,"max_hp_loss":0.0,"gold_gain":0.0,"event_name":"Forgotten Altar","player_choice":"Gave Idol","floor":20.0,"relics_lost":["Golden Idol"],"gold_loss":0.0,"damage_taken":0.0,"relics_obtained":["Bloody Idol"]},{"cards_removed":["Strike_B"],"damage_healed":0.0,"max_hp_gain":0.0,"max_hp_loss":0.0,"gold_gain":0.0,"event_name":"Beggar","player_choice":"Gave Gold","floor":24.0,"gold_loss":75.0,"damage_taken":0.0}],"is_beta":false,"boss_relics":[{"not_picked":["Busted Crown","Velvet Choker"],"picked":"FrozenCore"}],"items_purged_floors":[],"is_endless":false,"potions_floor_spawned":[7,13,14,16,22,25,29],"killed_by":"Collector","ascension_level":20}