{"gold_per_floor":[114,134,134,146,86,121,140,140,140,60,77,77,77,93,93,195,195,210,210,58,73,92,92,108,108,185,185],"floor_reached":27,"playtime":1073,"items_purged":["Regret","Normality"],"score":240,"play_id":"bf3f2695-8b87-45ef-9995-94cd4e991fa3","local_time":"20181115184315","is_ascension_mode":false,"campfire_choices":[{"floor":8,"key":"REST"},{"floor":15,"key":"REST"},{"data":"1","floor":23,"key":"LIFT"},{"data":"2","floor":25,"key":"LIFT"}],"neow_cost":"NONE","seed_source_timestamp":1671233315240,"circlet_count":0,"master_deck":["Strike_B","Strike_B","Strike_B","Strike_B","Defend_B","Defend_B","Defend_B","Defend_B","Zap","Dualcast","Parasite","Ball Lightning","White Noise","Chill","Steam","Amplify","Ghostly","Ghostly","Ghostly","Ghostly","Ghostly","Apotheosis","Coolheaded","Double Energy"],"relics":["Calling Bell","Oddly Smooth Stone","The Courier","Girya","Shuriken","Torii","Busted Crown","Mercury Hourglass"],"potions_floor_usage":[6,16,16,16,22,27],"damage_taken":[{"damage":8,"enemies":"Jaw Worm","floor":1,"turns":4},{"damage":3,"enemies":"Small Slimes","floor":2,"turns":4},{"damage":4,"enemies":"2 Louse","floor":4,"turns":3},{"damage":24,"enemies":"Lagavulin","floor":6,"turns":6},{"damage":20,"enemies":"Lots of Slimes","floor":7,"turns":6},{"damage":1,"enemies":"Red Slaver","floor":11,"turns":4},{"damage":2,"enemies":"Looter","floor":14,"turns":3},{"damage":35,"enemies":"Hexaghost","floor":16,"turns":10},{"damage":19,"enemies":"Shell Parasite","floor":18,"turns":6},{"damage":16,"enemies":"Chosen","floor":21,"turns":8},{"damage":8,"enemies":"Centurion and Healer","floor":22,"turns":10},{"damage":4,"enemies":"Snake Plant","floor":24,"turns":7},{"damage":32,"enemies":"Cultist and Chosen","floor":27,"turns":10}],"seed_played":"4386182643878155604","potions_obtained":[{"floor":2,"key":"Strength Potion"},{"floor":6,"key":"FearPotion"},{"floor":11,"key":"Strength Potion"},{"floor":14,"key":"Poison Potion"},{"floor":21,"key":"Regen Potion"},{"floor":24,"key":"Block Potion"}],"is_trial":false,"path_per_floor":["M","M","?","M","$","E","M","R","T","$","M","?","?","M","R","B",null,"M","?","$","M","M","R","M","R","T","M"],"character_chosen":"DEFECT","items_purchased":["Apotheosis"],"campfire_rested":2,"item_purchase_floors":[20],"current_hp_per_floor":[67,64,64,60,60,36,16,38,38,38,37,37,37,35,57,22,75,56,37,37,21,28,28,24,24,24,0],"gold":185,"neow_bonus":"BOSS_RELIC","is_prod":false,"is_daily":false,"chose_seed":false,"campfire_upgraded":0,"win_rate":0,"timestamp":1542307395,"path_taken":["M","M","?","M","$","E","M","R","T","$","M","?","?","M","R","BOSS","M","?","$","M","M","R","M","R","T","M"],"build_version":"2018-11-14","purchased_purges":2,"victory":false,"max_hp_per_floor":[75,75,75,75,75,75,75,75,75,75,75,75,75,75,75,75,75,75,37,37,37,37,37,37,37,37,37],"card_choices":[{"not_picked":["Rebound","Reprogram"],"picked":"Ball Lightning","floor":1},{"not_picked":["Cold Snap","Stack"],"picked":"White Noise","floor":2},{"not_picked":["Hologram","Steam","Darkness"],"picked":"SKIP","floor":4},{"not_picked":["Storm","Doom and Gloom"],"picked":"Chill","floor":6},{"not_picked":["Turbo","Streamline"],"picked":"Steam","floor":7},{"not_picked":["Self Repair","Steam","Static Discharge"],"picked":"SKIP","floor":11},{"not_picked":["Storm","Go for the Eyes","Hello World"],"picked":"SKIP","floor":14},{"not_picked":["Fission","Meteor Strike"],"picked":"Amplify","floor":16},{"not_picked":["Ball Lightning"],"picked":"SKIP","floor":18},{"not_picked":[],"picked":"Coolheaded","floor":21},{"not_picked":[],"picked":"Double Energy","floor":22},{"not_picked":["Compile Driver"],"picked":"SKIP","floor":24}],"player_experience":174633,"relics_obtained":[{"floor":0,"key":"Oddly Smooth Stone"},{"floor":0,"key":"The Courier"},{"floor":0,"key":"Girya"},{"floor":6,"key":"Shuriken"},{"floor":9,"key":"Torii"},{"floor":26,"key":"Mercury Hourglass"}],"event_choices":[{"damage_healed":0,"gold_gain":0,"player_choice":"Ignored","damage_taken":0,"max_hp_gain":0,"max_hp_loss":0,"event_name":"Golden Idol","floor":3,"gold_loss":0},{"damage_healed":0,"gold_gain":0,"player_choice":"Fled","damage_taken":0,"max_hp_gain":0,"max_hp_loss":0,"event_name":"Scrap Ooze","floor":12,"gold_loss":0},{"damage_healed":0,"gold_gain":0,"player_choice":"Ignored","damage_taken":0,"max_hp_gain":0,"max_hp_loss":0,"event_name":"Golden Wing","floor":13,"gold_loss":0},{"damage_healed":0,"gold_gain":0,"player_choice":"Became a Ghost","damage_taken":0,"max_hp_gain":0,"max_hp_loss":38,"event_name":"Ghosts","floor":19,"gold_loss":0,"cards_obtained":["Ghostly","Ghostly","Ghostly","Ghostly","Ghostly"]}],"is_beta":true,"boss_relics":[{"not_picked":["Cursed Key","Black Star"],"picked":"Busted Crown"}],"items_purged_floors":[5,10],"is_endless":false,"potions_floor_spawned":[2,6,11,14,21,24],"killed_by":"Cultist and Chosen","ascension_level":0}