{"gold_per_floor":[113,38,38,56,56,82,82,102,125,156,156,176,193,193,193,270,270,286,286,301,313,323,323,348,348,348,365,81,91,91,91,91,162,162,180,232,244,244,258,258,284,384,434,434],"floor_reached":44,"playtime":2877,"items_purged":["Defend_G","Defend_G"],"score":813,"play_id":"3a20c850-b51a-4b36-9145-0cfe4fb01be5","local_time":"20190423105004","is_ascension_mode":true,"campfire_choices":[{"data":"Neutralize","floor":7.0,"key":"SMITH"},{"data":"Cloak And Dagger","floor":11.0,"key":"SMITH"},{"data":"Footwork","floor":15.0,"key":"SMITH"},{"data":"Infinite Blades","floor":23.0,"key":"SMITH"},{"data":"Malaise","floor":25.0,"key":"SMITH"},{"floor":32.0,"key":"REST"},{"floor":40,"key":"REST"}],"neow_cost":"NONE","seed_source_timestamp":0,"circlet_count":0,"master_deck":["AscendersBane","Defend_G","Defend_G","Defend_G+1","Strike_G+1","Strike_G","Strike_G","Strike_G","Survivor","Neutralize+1","Infinite Blades+1","Cloak And Dagger+1","Cloak And Dagger+1","Cloak And Dagger","Footwork+1","Masterful Stab","Malaise+1","Backstab","Escape Plan+1","Accuracy","Infinite Blades","Envenom","Sucker Punch+1","Parasite","Adrenaline"],"special_seed":0,"relics":["Ring of the Snake","NeowsBlessing","Art of War","Potion Belt","Blood Vial","WristBlade","Pear","Kunai","Regal Pillow","Black Star","Shovel","Happy Flower","Smiling Mask","Tough Bandages","Bronze Scales"],"potions_floor_usage":[44],"damage_taken":[{"damage":0.0,"enemies":"Jaw Worm","floor":1.0,"turns":1.0},{"damage":0.0,"enemies":"Small Slimes","floor":4.0,"turns":1.0},{"damage":0.0,"enemies":"Lagavulin","floor":6.0,"turns":1.0},{"damage":0.0,"enemies":"Cultist","floor":8.0,"turns":4.0},{"damage":6.0,"enemies":"Gremlin Nob","floor":10.0,"turns":4.0},{"damage":1.0,"enemies":"Blue Slaver","floor":12.0,"turns":3.0},{"damage":3.0,"enemies":"Red Slaver","floor":13.0,"turns":4.0},{"damage":37.0,"enemies":"Slime Boss","floor":16.0,"turns":15.0},{"damage":0.0,"enemies":"Spheric Guardian","floor":18.0,"turns":3.0},{"damage":0.0,"enemies":"3 Byrds","floor":20.0,"turns":4.0},{"damage":8.0,"enemies":"Centurion and Healer","floor":21.0,"turns":7.0},{"damage":26.0,"enemies":"Shelled Parasite and Fungi","floor":22.0,"turns":7.0},{"damage":21.0,"enemies":"Slavers","floor":24.0,"turns":7.0},{"damage":2.0,"enemies":"Cultist and Chosen","floor":27.0,"turns":7.0},{"damage":11.0,"enemies":"Snake Plant","floor":29.0,"turns":5.0},{"damage":12.0,"enemies":"Collector","floor":33.0,"turns":12.0},{"damage":0.0,"enemies":"3 Shapes","floor":35.0,"turns":4.0},{"damage":44.0,"enemies":"2 Orb Walkers","floor":36.0,"turns":6.0},{"damage":3.0,"enemies":"Orb Walker","floor":37.0,"turns":4.0},{"damage":12,"enemies":"Writhing Mass","floor":39,"turns":9},{"damage":50,"enemies":"Nemesis","floor":41,"turns":9},{"damage":11,"enemies":"Mind Bloom Boss Battle","floor":42,"turns":7},{"damage":9,"enemies":"3 Darklings","floor":44,"turns":1}],"seed_played":"-7955755757766896717","potions_obtained":[{"floor":1.0,"key":"SteroidPotion"},{"floor":4.0,"key":"PowerPotion"},{"floor":12.0,"key":"LiquidBronze"},{"floor":13.0,"key":"Ancient Potion"},{"floor":16.0,"key":"SkillPotion"},{"floor":18.0,"key":"Fruit Juice"},{"floor":22.0,"key":"Weak Potion"},{"floor":33.0,"key":"AttackPotion"},{"floor":39,"key":"LiquidBronze"},{"floor":42,"key":"EssenceOfSteel"}],"is_trial":false,"path_per_floor":["M","$","?","M","?","E","R","M","T","E","R","M","M","?","R","B",null,"M","?","M","M","M","R","E","R","T","M","$","M","?","$","R","B",null,"M","?","M","?","M","R","E","?","T","M"],"character_chosen":"THE_SILENT","items_purchased":["Accuracy","Regal Pillow"],"campfire_rested":2,"item_purchase_floors":[28,28],"current_hp_per_floor":[63,63,49,49,49,49,49,49,49,43,43,44,43,43,43,8,55,62,62,64,58,34,34,25,25,25,25,25,16,16,16,56,46,75,77,35,34,34,24,63,15,6,6,0],"gold":434,"neow_bonus":"THREE_ENEMY_KILL","is_prod":false,"is_daily":false,"chose_seed":false,"campfire_upgraded":5,"win_rate":0,"timestamp":1556041804,"path_taken":["M","$","?","M","?","E","R","M","T","E","R","?","M","?","R","BOSS","M","?","?","?","M","R","E","R","T","M","$","M","?","?","R","BOSS","M","?","M","?","M","R","E","?","T","M"],"build_version":"2019-01-23","purchased_purges":2,"victory":false,"max_hp_per_floor":[70,70,70,70,70,70,70,70,70,70,70,70,70,70,70,70,70,75,75,75,75,75,75,85,85,85,85,85,85,85,85,85,85,85,85,85,85,81,81,81,81,81,81,81],"card_choices":[{"not_picked":["Deadly Poison","Deflect"],"picked":"Infinite Blades","floor":1.0},{"not_picked":["Dagger Throw","Prepared"],"picked":"Cloak And Dagger","floor":4.0},{"not_picked":["Slice","Backflip","Outmaneuver"],"picked":"SKIP","floor":6.0},{"not_picked":["Well Laid Plans","Backflip","Poisoned Stab"],"picked":"SKIP","floor":8.0},{"not_picked":["Reflex","Heel Hook"],"picked":"Cloak And Dagger","floor":10.0},{"not_picked":["Blade Dance","Prepared"],"picked":"Cloak And Dagger","floor":12.0},{"not_picked":["Dodge and Roll","Poisoned Stab"],"picked":"Footwork","floor":13.0},{"not_picked":["Burst","Storm of Steel"],"picked":"Malaise","floor":16.0},{"not_picked":["Deadly Poison+1","Dagger Throw"],"picked":"Backstab","floor":18.0},{"not_picked":["Predator","Prepared","Quick Slash+1"],"picked":"SKIP","floor":20.0},{"not_picked":["Crippling Poison","Prepared+1","Outmaneuver"],"picked":"SKIP","floor":21.0},{"not_picked":["PiercingWail","Heel Hook","Dagger Throw"],"picked":"SKIP","floor":22.0},{"not_picked":["Endless Agony","Skewer","Bouncing Flask"],"picked":"SKIP","floor":24.0},{"not_picked":["PiercingWail","Flying Knee+1"],"picked":"Escape Plan+1","floor":27.0},{"not_picked":["Poisoned Stab","Quick Slash"],"picked":"Infinite Blades","floor":29.0},{"not_picked":["Bullet Time","Wraith Form v2"],"picked":"Envenom","floor":33.0},{"not_picked":["Bouncing Flask","Bane"],"picked":"Sucker Punch+1","floor":35.0},{"not_picked":["Distraction+1","Bouncing Flask","Underhanded Strike+1"],"picked":"SKIP","floor":37.0},{"not_picked":["Dagger Throw","Dodge and Roll+1","Deadly Poison+1"],"picked":"SKIP","floor":39},{"not_picked":["Deflect","Flying Knee"],"picked":"Adrenaline","floor":41}],"player_experience":470413,"relics_obtained":[{"floor":6.0,"key":"Art of War"},{"floor":9.0,"key":"Potion Belt"},{"floor":10.0,"key":"Blood Vial"},{"floor":24.0,"key":"Pear"},{"floor":26.0,"key":"Kunai"},{"floor":36.0,"key":"Shovel"},{"floor":41,"key":"Happy Flower"},{"floor":41,"key":"Smiling Mask"},{"floor":42,"key":"Tough Bandages"},{"floor":43,"key":"Bronze Scales"}],"event_choices":[{"damage_healed":0.0,"max_hp_gain":0.0,"max_hp_loss":0.0,"gold_gain":0.0,"event_name":"Shining Light","player_choice":"Entered Light","floor":3.0,"gold_loss":0.0,"damage_taken":14.0,"cards_upgraded":["Strike_G","Defend_G"]},{"damage_healed":0.0,"max_hp_gain":0.0,"max_hp_loss":0.0,"gold_gain":0.0,"event_name":"Accursed Blacksmith","player_choice":"Forge","floor":5.0,"gold_loss":0.0,"damage_taken":0.0,"cards_upgraded":["Cloak And Dagger"]},{"damage_healed":0.0,"max_hp_gain":0.0,"max_hp_loss":0.0,"gold_gain":0.0,"cards_transformed":["Strike_G"],"event_name":"Transmorgrifier","player_choice":"Transformed","floor":14.0,"gold_loss":0.0,"damage_taken":0.0,"cards_obtained":["Masterful Stab"]},{"damage_healed":0.0,"max_hp_gain":0.0,"max_hp_loss":0.0,"gold_gain":0.0,"event_name":"Match and Keep!","player_choice":"0 cards matched","floor":19.0,"gold_loss":0.0,"damage_taken":0.0,"cards_obtained":[]},{"damage_healed":0.0,"max_hp_gain":0.0,"max_hp_loss":0.0,"gold_gain":0.0,"event_name":"N\u0027loth","player_choice":"Ignored","floor":30.0,"gold_loss":0.0,"damage_taken":0.0},{"damage_healed":0.0,"max_hp_gain":0.0,"max_hp_loss":0.0,"gold_gain":0.0,"event_name":"Mysterious Sphere","player_choice":"Fight","floor":36.0,"gold_loss":0.0,"damage_taken":0.0},{"damage_healed":0.0,"max_hp_gain":0.0,"max_hp_loss":4.0,"gold_gain":0.0,"event_name":"Winding Halls","player_choice":"Max HP","floor":38.0,"gold_loss":0.0,"damage_taken":0.0},{"damage_healed":0,"gold_gain":0,"player_choice":"Fight","damage_taken":0,"max_hp_gain":0,"max_hp_loss":0,"event_name":"MindBloom","floor":42,"gold_loss":0}],"is_beta":false,"boss_relics":[{"not_picked":["Ectoplasm","HoveringKite"],"picked":"WristBlade"},{"not_picked":["Lizard Tail","Astrolabe"],"picked":"Black Star"}],"items_purged_floors":[2,28],"is_endless":false,"potions_floor_spawned":[1,4,12,13,16,18,22,33,39,42],"killed_by":"3 Darklings","ascension_level":13}