{"gold_per_floor":[117,117,143,157,157,157,171,197,197,197,215,230,230,242,242,316,316],"floor_reached":17,"playtime":558,"items_purged":[],"score":314,"play_id":"72ee9f6f-76e7-43ac-906c-275276816304","local_time":"20190507172759","is_ascension_mode":true,"campfire_choices":[{"data":"Neutralize","floor":6.0,"key":"SMITH"},{"data":"Terror","floor":10.0,"key":"SMITH"},{"floor":13.0,"key":"REST"},{"data":"Dash","floor":15.0,"key":"SMITH"}],"neow_cost":"NONE","seed_source_timestamp":171813052967600,"circlet_count":0,"master_deck":["AscendersBane","Defend_G","Defend_G","Defend_G","Defend_G","Defend_G","Strike_G","Strike_G","Strike_G","Strike_G","Strike_G","Survivor","Neutralize+1","Predator","Predator","Heel Hook","Dagger Throw","Calculated Gamble","Dodge and Roll","Terror+1","Choke","Dodge and Roll","Escape Plan","Dash+1","Bullet Time"],"special_seed":0,"relics":["Orrery","Blood Vial","Strawberry","Art of War","Pantograph","Black Star"],"potions_floor_usage":[16],"damage_taken":[{"damage":0.0,"enemies":"2 Louse","floor":1.0,"turns":2.0},{"damage":0.0,"enemies":"Jaw Worm","floor":4.0,"turns":4.0},{"damage":2.0,"enemies":"Small Slimes","floor":7.0,"turns":3.0},{"damage":33.0,"enemies":"3 Sentries","floor":8.0,"turns":10.0},{"damage":0.0,"enemies":"Blue Slaver","floor":11.0,"turns":4.0},{"damage":6.0,"enemies":"2 Fungi Beasts","floor":12.0,"turns":4.0},{"damage":0.0,"enemies":"Large Slime","floor":14.0,"turns":3.0},{"damage":58,"enemies":"Slime Boss","floor":16,"turns":9}],"seed_played":"1489560105358660938","potions_obtained":[{"floor":4.0,"key":"Block Potion"},{"floor":8.0,"key":"Fire Potion"},{"floor":16,"key":"Block Potion"}],"is_trial":false,"path_per_floor":["M","?","T","M","?","R","M","E","T","R","M","M","R","M","R","B",null],"character_chosen":"THE_SILENT","items_purchased":[],"campfire_rested":1,"item_purchase_floors":[],"current_hp_per_floor":[59,59,59,61,57,57,57,26,26,26,28,24,45,47,47,15,59],"gold":316,"neow_bonus":"BOSS_RELIC","is_prod":false,"is_daily":false,"chose_seed":false,"campfire_upgraded":3,"win_rate":0,"timestamp":1557246479,"path_taken":["M","?","?","M","?","R","M","E","T","R","M","M","R","M","R","BOSS"],"build_version":"2019-01-23","purchased_purges":0,"victory":false,"max_hp_per_floor":[66,66,66,66,73,73,73,73,73,73,73,73,73,73,73,73,73],"card_choices":[{"not_picked":["Dodge and Roll","Backflip"],"picked":"Predator","floor":0.0},{"not_picked":["Blade Dance","Wraith Form v2"],"picked":"Predator","floor":0.0},{"not_picked":["Flechettes","Blade Dance"],"picked":"Heel Hook","floor":0.0},{"not_picked":["Setup","Infinite Blades"],"picked":"Dagger Throw","floor":0.0},{"not_picked":["PiercingWail","Blade Dance"],"picked":"Calculated Gamble","floor":0.0},{"not_picked":["Flying Knee","Blade Dance"],"picked":"Dodge and Roll","floor":1.0},{"not_picked":["Expertise","Calculated Gamble"],"picked":"Terror","floor":4.0},{"not_picked":["PiercingWail","Flying Knee"],"picked":"Choke","floor":7.0},{"not_picked":["Quick Slash","Prepared"],"picked":"Dodge and Roll","floor":8.0},{"not_picked":["Backflip","Dagger Throw","Flechettes"],"picked":"SKIP","floor":11.0},{"not_picked":["Finisher","Masterful Stab"],"picked":"Escape Plan","floor":12.0},{"not_picked":["Underhanded Strike","Flying Knee"],"picked":"Dash","floor":14.0},{"not_picked":["Unload","After Image"],"picked":"Bullet Time","floor":16}],"player_experience":1343335,"relics_obtained":[{"floor":3.0,"key":"Blood Vial"},{"floor":8.0,"key":"Art of War"},{"floor":9.0,"key":"Pantograph"}],"event_choices":[{"damage_healed":0.0,"max_hp_gain":0.0,"max_hp_loss":0.0,"gold_gain":0.0,"event_name":"Liars Game","player_choice":"Ignored","floor":2.0,"gold_loss":0.0,"damage_taken":0.0},{"damage_healed":0.0,"max_hp_gain":0.0,"max_hp_loss":0.0,"gold_gain":0.0,"event_name":"Scrap Ooze","player_choice":"Success","floor":5.0,"gold_loss":0.0,"damage_taken":11.0,"relics_obtained":["Strawberry"]}],"is_beta":false,"boss_relics":[{"not_picked":["Calling Bell","White Beast Statue"],"picked":"Black Star"}],"items_purged_floors":[],"is_endless":false,"potions_floor_spawned":[4,8,16],"ascension_level":20}