{"gold_per_floor":[116,132,149,167,179,210,210,228,253,253,253,228,259,276,276,372,372,390,405,405,55,55,55],"floor_reached":23,"playtime":2262,"items_purged":[],"score":203,"play_id":"41917c00-df6b-4063-bd3d-670139e3610d","local_time":"20181027201815","is_ascension_mode":false,"campfire_choices":[{"data":"Machine Learning","floor":7,"key":"SMITH"},{"floor":15,"key":"REST"}],"neow_cost":"NONE","seed_source_timestamp":171939139647369,"circlet_count":0,"master_deck":["Zap","Dualcast","Conserve Battery","Genetic Algorithm","Storm","Cold Snap","Heatsinks","Machine Learning+1","Loop","Loop","Regret","Streamline","Conserve Battery","Echo Form","Chaos","Chaos","Barrage","Sweeping Beam","Rip and Tear","Fusion","Reprogram","Defragment","FTL","Electrodynamics","Transmutation","Dramatic Entrance"],"relics":["Cracked Core","NeowsBlessing","Darkstone Periapt","PreservedInsect","Bag of Marbles","Art of War","Pandora\u0027s Box","Dodecahedron"],"potions_floor_usage":[6,6,13,16,19,23,23,23],"damage_taken":[{"damage":0,"enemies":"Cultist","floor":1,"turns":1},{"damage":0,"enemies":"Small Slimes","floor":2,"turns":1},{"damage":0,"enemies":"2 Louse","floor":3,"turns":1},{"damage":15,"enemies":"Large Slime","floor":4,"turns":8},{"damage":8,"enemies":"3 Louse","floor":5,"turns":3},{"damage":9,"enemies":"Lagavulin","floor":6,"turns":8},{"damage":1,"enemies":"Looter","floor":8,"turns":3},{"damage":17,"enemies":"3 Sentries","floor":13,"turns":7},{"damage":16,"enemies":"Blue Slaver","floor":14,"turns":3},{"damage":16,"enemies":"Hexaghost","floor":16,"turns":10},{"damage":20,"enemies":"Shell Parasite","floor":18,"turns":5},{"damage":26,"enemies":"2 Thieves","floor":19,"turns":5},{"damage":52,"enemies":"Book of Stabbing","floor":23,"turns":4}],"seed_played":"-8500506203910029772","potions_obtained":[{"floor":2,"key":"SpeedPotion"},{"floor":5,"key":"Dexterity Potion"},{"floor":8,"key":"SkillPotion"},{"floor":13,"key":"GamblersBrew"},{"floor":18,"key":"SkillPotion"},{"floor":20,"key":"Energy Potion"},{"floor":20,"key":"Regen Potion"},{"floor":20,"key":"Energy Potion"}],"is_trial":false,"path_per_floor":["M","M","M","M","M","E","R","M","T","?","?","?","E","M","R","B",null,"M","M","?","$","T"],"character_chosen":"DEFECT","items_purchased":["Electrodynamics","Transmutation","Dramatic Entrance"],"campfire_rested":1,"item_purchase_floors":[21,21,21],"current_hp_per_floor":[75,75,75,60,52,43,43,42,42,42,48,48,31,15,39,23,81,61,35,35,35,35,0],"gold":55,"neow_bonus":"THREE_ENEMY_KILL","is_prod":false,"is_daily":false,"chose_seed":false,"campfire_upgraded":1,"win_rate":0.0,"timestamp":1540696695,"path_taken":["M","M","M","M","M","E","R","M","T","?","?","?","E","M","R","BOSS","M","M","?","$","?","E"],"build_version":"2018-10-25v2","purchased_purges":0,"victory":false,"max_hp_per_floor":[75,75,75,75,75,75,75,75,75,75,81,81,81,81,81,81,81,81,81,81,81,81,81],"card_choices":[{"not_picked":["Streamline","Steam"],"picked":"Conserve Battery","floor":1},{"not_picked":["Leap","Coolheaded"],"picked":"Genetic Algorithm","floor":2},{"not_picked":["Genetic Algorithm","Scrape"],"picked":"Storm","floor":3},{"not_picked":["Undo","Tempest"],"picked":"Cold Snap","floor":4},{"not_picked":["Steam","Cold Snap"],"picked":"Heatsinks","floor":5},{"not_picked":["Undo","Capacitor"],"picked":"Machine Learning","floor":6},{"not_picked":["Redo","Conserve Battery"],"picked":"Loop","floor":8},{"not_picked":["Tempest","Barrage"],"picked":"Streamline","floor":13},{"not_picked":["Heatsinks","Coolheaded"],"picked":"Conserve Battery","floor":14},{"not_picked":["Multi-Cast","All For One"],"picked":"Echo Form","floor":16},{"not_picked":["Beam Cell+1","Compile Driver"],"picked":"Defragment","floor":18},{"not_picked":["Beam Cell+1","Leap"],"picked":"FTL","floor":19}],"player_experience":162315,"relics_obtained":[{"floor":6,"key":"Darkstone Periapt"},{"floor":9,"key":"PreservedInsect"},{"floor":13,"key":"Art of War"},{"floor":22,"key":"Dodecahedron"}],"event_choices":[{"damage_healed":0,"gold_gain":0,"cards_transformed":["Strike_B"],"player_choice":"Change","damage_taken":0,"max_hp_gain":0,"max_hp_loss":0,"event_name":"Living Wall","floor":10,"gold_loss":0,"cards_obtained":["Loop"]},{"damage_healed":0,"gold_gain":0,"player_choice":"Box","damage_taken":0,"relics_obtained":["Bag of Marbles"],"max_hp_gain":0,"max_hp_loss":0,"event_name":"Big Fish","floor":11,"gold_loss":0,"cards_obtained":["Regret"]},{"damage_healed":0,"gold_gain":0,"player_choice":"Left Gold","damage_taken":0,"max_hp_gain":0,"max_hp_loss":0,"event_name":"World of Goop","floor":12,"gold_loss":25},{"damage_healed":0,"gold_gain":0,"player_choice":"Got Potions","damage_taken":0,"max_hp_gain":0,"max_hp_loss":0,"event_name":"The Lab","floor":20,"gold_loss":0}],"is_beta":false,"boss_relics":[{"not_picked":["Sozu","Busted Crown"],"picked":"Pandora\u0027s Box"}],"items_purged_floors":[],"is_endless":false,"potions_floor_spawned":[2,5,8,13,18],"killed_by":"Book of Stabbing","ascension_level":0}