{"gold_per_floor":[117,135,148,148,162,162,17,17,17,17,17,41,84,84,84,177,177,117,117,117,133,133,133,157,157,182,195,213,227,227,248,248,339,339,357,371,123,123,123,123,248,262,289,313,333,35,49,65,65,65],"floor_reached":51,"playtime":3266,"items_purged":[],"score":1102,"play_id":"162498ef-4967-4969-a1e3-cdaa32c25310","local_time":"20190520021847","is_ascension_mode":true,"campfire_choices":[{"data":"Envenom","floor":6.0,"key":"SMITH"},{"floor":8.0,"key":"REST"},{"floor":11.0,"key":"REST"},{"floor":15.0,"key":"REST"},{"data":"Backstab","floor":23.0,"key":"SMITH"},{"data":"Backflip","floor":25.0,"key":"SMITH"},{"data":"Noxious Fumes","floor":30.0,"key":"SMITH"},{"data":"Catalyst","floor":32.0,"key":"SMITH"},{"data":"Cloak And Dagger","floor":40,"key":"SMITH"},{"data":"Endless Agony","floor":49,"key":"SMITH"}],"neow_cost":"NONE","seed_source_timestamp":304922422756895,"circlet_count":0,"master_deck":["AscendersBane","Defend_G","Defend_G","Defend_G+1","Defend_G+1","Survivor+1","Neutralize+1","Backstab+1","Backflip+1","Envenom+1","Backflip+1","After Image","Backstab+1","Bite","Bite","Bite","Bite","Bite","Endless Agony+1","Catalyst+1","Noxious Fumes+1","Adrenaline","Cloak And Dagger+1","Madness","Madness","Blur"],"special_seed":0,"relics":["Ring of the Serpent","Golden Idol","Happy Flower","Ornamental Fan","Kunai","War Paint","Busted Crown","Singing Bowl","Gambling Chip","Anchor","Turnip"],"potions_floor_usage":[],"damage_taken":[{"damage":4.0,"enemies":"Cultist","floor":1.0,"turns":6.0},{"damage":0.0,"enemies":"Jaw Worm","floor":2.0,"turns":3.0},{"damage":0.0,"enemies":"Small Slimes","floor":3.0,"turns":2.0},{"damage":1.0,"enemies":"Red Slaver","floor":5.0,"turns":4.0},{"damage":0.0,"enemies":"Blue Slaver","floor":12.0,"turns":5.0},{"damage":17.0,"enemies":"Gremlin Nob","floor":13.0,"turns":5.0},{"damage":2.0,"enemies":"The Guardian","floor":16.0,"turns":18.0},{"damage":10.0,"enemies":"2 Thieves","floor":18.0,"turns":4.0},{"damage":0.0,"enemies":"Chosen","floor":21.0,"turns":5.0},{"damage":15.0,"enemies":"Snake Plant","floor":24.0,"turns":5.0},{"damage":5.0,"enemies":"Shelled Parasite and Fungi","floor":27.0,"turns":8.0},{"damage":0.0,"enemies":"Sentry and Sphere","floor":28.0,"turns":10.0},{"damage":12.0,"enemies":"Snake Plant","floor":29.0,"turns":4.0},{"damage":7.0,"enemies":"Centurion and Healer","floor":31.0,"turns":7.0},{"damage":41.0,"enemies":"Collector","floor":33.0,"turns":11.0},{"damage":0.0,"enemies":"3 Shapes","floor":35.0,"turns":4.0},{"damage":1.0,"enemies":"3 Darklings","floor":36.0,"turns":7.0},{"damage":0,"enemies":"Mind Bloom Boss Battle","floor":41,"turns":7},{"damage":19,"enemies":"Writhing Mass","floor":42,"turns":7},{"damage":0,"enemies":"Transient","floor":44,"turns":5},{"damage":0,"enemies":"3 Darklings","floor":45,"turns":5},{"damage":0,"enemies":"4 Shapes","floor":47,"turns":6},{"damage":0,"enemies":"Spire Growth","floor":48,"turns":6},{"damage":14,"enemies":"Awakened One","floor":50,"turns":24}],"seed_played":"-8351437603350490233","potions_obtained":[{"floor":2.0,"key":"Swift Potion"},{"floor":3.0,"key":"GhostInAJar"},{"floor":13.0,"key":"Dexterity Potion"},{"floor":21.0,"key":"SpeedPotion"},{"floor":29.0,"key":"EssenceOfSteel"}],"is_trial":false,"path_per_floor":["M","M","M","?","M","R","$","R","T","?","R","M","E","?","R","B",null,"M","?","?","M","$","R","M","R","T","M","M","M","R","M","R","B",null,"M","M","$","?","?","R","?","M","T","M","M","$","M","M","R","B",null],"character_chosen":"THE_SILENT","items_purchased":["Happy Flower","Singing Bowl","Turnip"],"campfire_rested":3,"item_purchase_floors":[7,37,46],"current_hp_per_floor":[55,55,55,32,31,31,31,50,50,30,49,49,32,32,51,49,62,52,46,46,46,46,46,45,45,45,46,46,43,43,46,46,33,43,46,46,46,38,38,38,46,36,36,50,52,52,54,56,56,56],"gold":65,"neow_bonus":"UPGRADE_CARD","is_prod":false,"is_daily":false,"chose_seed":false,"campfire_upgraded":7,"win_rate":0,"timestamp":1558289927,"path_taken":["M","M","M","?","M","R","$","R","T","?","R","M","E","?","R","BOSS","M","?","?","M","$","R","M","R","T","M","M","?","R","M","R","BOSS","M","M","$","?","?","R","?","M","T","M","?","$","?","M","R","BOSS"],"build_version":"2019-01-23","purchased_purges":0,"victory":true,"max_hp_per_floor":[66,66,66,66,66,66,66,66,66,66,66,66,66,66,66,66,66,66,46,46,46,46,46,46,46,46,46,46,46,46,46,46,46,46,46,46,46,46,46,46,46,48,48,50,52,52,54,56,56,56],"card_choices":[{"not_picked":["Poisoned Stab","All Out Attack"],"picked":"Backstab","floor":1.0},{"not_picked":["Acrobatics","All Out Attack","Flying Knee"],"picked":"SKIP","floor":2.0},{"not_picked":["Outmaneuver","Bane"],"picked":"Backflip","floor":3.0},{"not_picked":["Backflip","Backstab"],"picked":"Envenom","floor":5.0},{"not_picked":["Poisoned Stab","Deadly Poison","Choke"],"picked":"SKIP","floor":12.0},{"not_picked":["Dagger Throw","Slice"],"picked":"Backflip","floor":13.0},{"not_picked":["Bullet Time","Die Die Die"],"picked":"After Image","floor":16.0},{"not_picked":["All Out Attack","Dodge and Roll"],"picked":"Backstab+1","floor":18.0},{"not_picked":["Calculated Gamble","Flying Knee+1","Deadly Poison"],"picked":"SKIP","floor":21.0},{"not_picked":["Poisoned Stab","All Out Attack+1","Quick Slash"],"picked":"SKIP","floor":24.0},{"not_picked":["Bane","Heel Hook","Skewer"],"picked":"SKIP","floor":27.0},{"not_picked":["Deadly Poison+1","PiercingWail"],"picked":"Catalyst","floor":28.0},{"not_picked":["All Out Attack","Underhanded Strike"],"picked":"Noxious Fumes","floor":29.0},{"not_picked":["Slice","Deflect","Poisoned Stab"],"picked":"SKIP","floor":31.0},{"not_picked":["Burst","Tools of the Trade"],"picked":"Adrenaline","floor":33.0},{"not_picked":[],"picked":"Cloak And Dagger","floor":35.0},{"not_picked":["Accuracy"],"picked":"SKIP","floor":36.0},{"not_picked":[],"picked":"Blur","floor":41},{"not_picked":["Acrobatics"],"picked":"Singing Bowl","floor":42},{"not_picked":["Underhanded Strike"],"picked":"Singing Bowl","floor":44},{"not_picked":["Accuracy"],"picked":"Singing Bowl","floor":45},{"not_picked":["All Out Attack+1"],"picked":"Singing Bowl","floor":47},{"not_picked":["Acrobatics+1"],"picked":"Singing Bowl","floor":48}],"player_experience":539697,"relics_obtained":[{"floor":9.0,"key":"Ornamental Fan"},{"floor":13.0,"key":"Kunai"},{"floor":26.0,"key":"War Paint"},{"floor":41,"key":"Gambling Chip"},{"floor":43,"key":"Anchor"}],"event_choices":[{"damage_healed":0.0,"max_hp_gain":0.0,"max_hp_loss":0.0,"gold_gain":0.0,"event_name":"Golden Idol","player_choice":"Take Damage","floor":4.0,"gold_loss":0.0,"damage_taken":23.0,"relics_obtained":["Golden Idol"]},{"damage_healed":0.0,"max_hp_gain":0.0,"max_hp_loss":0.0,"gold_gain":0.0,"event_name":"Shining Light","player_choice":"Entered Light","floor":10.0,"gold_loss":0.0,"damage_taken":20.0,"cards_upgraded":["Survivor","Backflip"]},{"damage_healed":0.0,"max_hp_gain":0.0,"max_hp_loss":0.0,"gold_gain":0.0,"event_name":"Lab","player_choice":"Got Potions","floor":14.0,"gold_loss":0.0,"damage_taken":0.0},{"damage_healed":0.0,"max_hp_gain":0.0,"max_hp_loss":20.0,"gold_gain":0.0,"event_name":"Vampires","player_choice":"Became a vampire","floor":19.0,"gold_loss":0.0,"damage_taken":0.0,"cards_obtained":["Bite","Bite","Bite","Bite","Bite"]},{"damage_healed":0.0,"max_hp_gain":0.0,"max_hp_loss":0.0,"gold_gain":0.0,"cards_transformed":["Defend_G"],"event_name":"Transmorgrifier","player_choice":"Transformed","floor":20.0,"gold_loss":0.0,"damage_taken":0.0,"cards_obtained":["Endless Agony"]},{"damage_healed":0.0,"max_hp_gain":0.0,"max_hp_loss":0.0,"gold_gain":0.0,"event_name":"Winding Halls","player_choice":"Embrace Madness","floor":38.0,"gold_loss":0.0,"damage_taken":8.0,"cards_obtained":["Madness","Madness"]},{"damage_healed":0,"gold_gain":0,"player_choice":"Ignored","damage_taken":0,"max_hp_gain":0,"max_hp_loss":0,"event_name":"Mysterious Sphere","floor":39,"gold_loss":0},{"damage_healed":0,"gold_gain":0,"player_choice":"Fight","damage_taken":0,"max_hp_gain":0,"max_hp_loss":0,"event_name":"MindBloom","floor":41,"gold_loss":0}],"is_beta":false,"boss_relics":[{"not_picked":["WristBlade","Black Star"],"picked":"Ring of the Serpent"},{"not_picked":["Orrery","White Beast Statue"],"picked":"Busted Crown"}],"items_purged_floors":[],"is_endless":false,"potions_floor_spawned":[2,3,13,21,29,35,44,47,48],"ascension_level":15}