{"gold_per_floor":[114,133,133,147,72,107,119,164,176,203,215,263,275,327,339,481,493,488,282,382,397,421,457,457,481,558,558,593,618,654,690,690,690],"floor_reached":33,"playtime":3633,"items_purged":["Injury"],"score":350,"play_id":"cc47eb32-f924-4c9b-9c8e-7dc12ba24321","local_time":"20190517002203","is_ascension_mode":true,"campfire_choices":[{"data":"Bash","floor":7.0,"key":"SMITH"},{"data":"Shrug It Off","floor":15.0,"key":"SMITH"},{"floor":24,"key":"REST"},{"data":"Metamorphosis","floor":27,"key":"SMITH"},{"floor":32,"key":"REST"}],"neow_cost":"NONE","seed_source_timestamp":0,"circlet_count":0,"master_deck":["Strike_R","Strike_R+1","Strike_R+1","Defend_R","Defend_R","Defend_R","Defend_R","Bash+1","Ghostly Armor","Flex","Cleave","Sword Boomerang","Shrug It Off+1","Corruption","Exhume","Flame Barrier+1","Metamorphosis+1","Flame Barrier","Clash","Battle Trance","Double Tap","Ghostly Armor","Shockwave","Headbutt","Infernal Blade"],"special_seed":0,"relics":["Burning Blood","Art of War","Golden Idol","MawBank","Vajra","Whetstone","Meat on the Bone","Pantograph","Empty Cage","Regal Pillow","Tiny Chest","Peace Pipe","Kunai","Red Mask"],"potions_floor_usage":[22,23,30,30,31,33],"damage_taken":[{"damage":0.0,"enemies":"Small Slimes","floor":1.0,"turns":3.0},{"damage":8.0,"enemies":"2 Louse","floor":2.0,"turns":3.0},{"damage":11.0,"enemies":"Cultist","floor":4.0,"turns":5.0},{"damage":25.0,"enemies":"3 Sentries","floor":6.0,"turns":8.0},{"damage":39.0,"enemies":"Lagavulin","floor":8.0,"turns":7.0},{"damage":0.0,"enemies":"3 Louse","floor":10.0,"turns":4.0},{"damage":14.0,"enemies":"Gremlin Nob","floor":12.0,"turns":3.0},{"damage":8.0,"enemies":"Lagavulin","floor":14.0,"turns":5.0},{"damage":15.0,"enemies":"Slime Boss","floor":16.0,"turns":10.0},{"damage":19.0,"enemies":"2 Thieves","floor":18.0,"turns":4.0},{"damage":0.0,"enemies":"Chosen","floor":21.0,"turns":4.0},{"damage":7,"enemies":"Centurion and Healer","floor":22,"turns":7},{"damage":69,"enemies":"Slavers","floor":23,"turns":7},{"damage":16,"enemies":"Shelled Parasite and Fungi","floor":25,"turns":5},{"damage":20,"enemies":"Gremlin Leader","floor":28,"turns":5},{"damage":28,"enemies":"Chosen and Byrds","floor":29,"turns":7},{"damage":33,"enemies":"Slavers","floor":30,"turns":8},{"damage":12,"enemies":"Masked Bandits","floor":31,"turns":4},{"damage":97,"enemies":"Collector","floor":33,"turns":9}],"seed_played":"-9171939099118863649","potions_obtained":[{"floor":2.0,"key":"Poison Potion"},{"floor":4.0,"key":"Poison Potion"},{"floor":12.0,"key":"SkillPotion"},{"floor":14.0,"key":"Weak Potion"},{"floor":18.0,"key":"Regen Potion"},{"floor":25,"key":"Strength Potion"},{"floor":29,"key":"GamblersBrew"},{"floor":30,"key":"Weak Potion"}],"is_trial":false,"path_per_floor":["M","M","?","M","$","E","R","E","T","M","?","E","$","E","R","B",null,"M","$","?","M","M","E","R","M","T","R","E","M","E","?","R","B"],"character_chosen":"IRONCLAD","items_purchased":["Metamorphosis","Flame Barrier"],"campfire_rested":2,"item_purchase_floors":[19,19],"current_hp_per_floor":[80,78,78,73,73,54,54,21,21,27,53,45,45,55,55,71,80,67,67,67,73,72,36,75,65,65,65,51,41,26,32,71,0],"gold":690,"neow_bonus":"RANDOM_COMMON_RELIC","is_prod":false,"is_daily":false,"chose_seed":false,"campfire_upgraded":3,"win_rate":0,"timestamp":1558066923,"path_taken":["M","M","?","M","$","E","R","E","T","M","?","E","$","E","R","BOSS","M","$","?","M","M","E","R","M","T","R","E","?","E","?","R","BOSS"],"build_version":"2019-01-23","purchased_purges":1,"victory":false,"max_hp_per_floor":[80,80,80,80,80,80,80,80,80,80,80,80,80,80,80,80,80,80,80,80,80,80,80,80,80,80,80,80,80,80,80,80,80],"card_choices":[{"not_picked":["Wild Strike","Anger"],"picked":"Ghostly Armor","floor":1.0},{"not_picked":["Clothesline","Anger"],"picked":"Flex","floor":2.0},{"not_picked":["Second Wind","Iron Wave"],"picked":"Cleave","floor":4.0},{"not_picked":["Cleave","Perfected Strike","Wild Strike"],"picked":"SKIP","floor":6.0},{"not_picked":["Havoc","Thunderclap","Evolve"],"picked":"SKIP","floor":8.0},{"not_picked":["Feel No Pain","Wild Strike"],"picked":"Sword Boomerang","floor":10.0},{"not_picked":["Metallicize","Sword Boomerang"],"picked":"Shrug It Off","floor":12.0},{"not_picked":["Perfected Strike","Rampage"],"picked":"Corruption","floor":14.0},{"not_picked":["Feed","Reaper"],"picked":"Exhume","floor":16.0},{"not_picked":["True Grit","Sword Boomerang"],"picked":"Flame Barrier+1","floor":18.0},{"not_picked":["Havoc+1","Sword Boomerang+1"],"picked":"Clash","floor":21.0},{"not_picked":["Headbutt","True Grit+1"],"picked":"Battle Trance","floor":22},{"not_picked":["Clothesline+1","Clash"],"picked":"Double Tap","floor":23},{"not_picked":["Headbutt+1","Armaments"],"picked":"Ghostly Armor","floor":25},{"not_picked":["Combust+1","Clash"],"picked":"Shockwave","floor":28},{"not_picked":["Cleave","Sever Soul"],"picked":"Headbutt","floor":29},{"not_picked":["Evolve","Sword Boomerang","Uppercut"],"picked":"SKIP","floor":30},{"not_picked":["Headbutt+1","Armaments"],"picked":"Infernal Blade","floor":31}],"player_experience":204769,"relics_obtained":[{"floor":6.0,"key":"MawBank"},{"floor":8.0,"key":"Vajra"},{"floor":9.0,"key":"Whetstone"},{"floor":12.0,"key":"Meat on the Bone"},{"floor":14.0,"key":"Pantograph"},{"floor":23,"key":"Regal Pillow"},{"floor":26,"key":"Tiny Chest"},{"floor":28,"key":"Peace Pipe"},{"floor":30,"key":"Kunai"},{"floor":31,"key":"Red Mask"}],"event_choices":[{"damage_healed":0.0,"max_hp_gain":0.0,"max_hp_loss":0.0,"gold_gain":0.0,"event_name":"Golden Idol","player_choice":"Take Wound","floor":3.0,"gold_loss":0.0,"damage_taken":0.0,"relics_obtained":["Golden Idol"],"cards_obtained":["Injury"]},{"damage_healed":26.0,"max_hp_gain":0.0,"max_hp_loss":0.0,"gold_gain":0.0,"event_name":"Big Fish","player_choice":"Banana","floor":11.0,"gold_loss":0.0,"damage_taken":0.0},{"damage_healed":0.0,"max_hp_gain":0.0,"max_hp_loss":0.0,"gold_gain":100.0,"event_name":"Golden Shrine","player_choice":"Pray","floor":20.0,"gold_loss":0.0,"damage_taken":0.0},{"damage_healed":0,"gold_gain":0,"player_choice":"Fought Bandits","damage_taken":0,"max_hp_gain":0,"max_hp_loss":0,"event_name":"Masked Bandits","floor":31,"gold_loss":0}],"is_beta":false,"boss_relics":[{"not_picked":["Lizard Tail","Cursed Key"],"picked":"Empty Cage"}],"items_purged_floors":[5],"is_endless":false,"potions_floor_spawned":[2,4,12,14,18,25,29,30],"killed_by":"Collector","ascension_level":1}