{"gold_per_floor":[115,125,50,50,69,113,113,157,157,157,188,188,204,223,223,353,353,377,401,316,35,56,56,181,181,181,216,216,249,249,269,269,388,388,408,408,433,433,766,766,784,800,800,55,55,155,207,0,0,0],"floor_reached":51,"playtime":3601,"items_purged":["Strike_B","Strike_B","Strike_B"],"score":852,"play_id":"661c23c0-6854-42df-bdd6-abc2cb6da1d1","local_time":"20190428112116","is_ascension_mode":true,"campfire_choices":[{"data":"Hyperbeam","floor":7.0,"key":"SMITH"},{"data":"Self Repair","floor":10.0,"key":"SMITH"},{"data":"Zap","floor":12.0,"key":"SMITH"},{"data":"Reboot","floor":15.0,"key":"SMITH"},{"data":"Scrape","floor":23.0,"key":"SMITH"},{"data":"Reprogram","floor":25.0,"key":"SMITH"},{"floor":30,"key":"DIG"},{"floor":32,"key":"DIG"},{"floor":40,"key":"DIG"},{"floor":45,"key":"DIG"},{"floor":49,"key":"DIG"}],"neow_cost":"NONE","seed_source_timestamp":0,"circlet_count":0,"master_deck":["Strike_B","Defend_B","Defend_B","Defend_B","Zap+1","Dualcast+1","Gash+1","Gash+1","Self Repair+1","Hyperbeam+1","Reprogram+1","Reboot+1","Seek","Scrape+1","Steam Power+1","Conserve Battery+1","Dark Shackles+1","Beam Cell+1","Hologram+1","Hyperbeam+1","Gash+1","Leap+1","Gash+1","Dark Shackles+1","Conserve Battery+1","Machine Learning"],"special_seed":0,"relics":["Cracked Core","Whetstone","The Courier","Bag of Marbles","Odd Mushroom","White Beast Statue","Prayer Wheel","Shuriken","Shovel","Toxic Egg 2","Molten Egg 2","Symbiotic Virus","Vajra","FossilizedHelix","Matryoshka","Fusion Hammer","Bronze Scales","Anchor","Mercury Hourglass","Oddly Smooth Stone","Kunai","Happy Flower","Dodecahedron","Unceasing Top","Nunchaku","Girya","Red Mask","Bag of Preparation"],"potions_floor_usage":[33,33,33,33,50],"damage_taken":[{"damage":0.0,"enemies":"2 Louse","floor":1.0,"turns":3.0},{"damage":3.0,"enemies":"Jaw Worm","floor":2.0,"turns":3.0},{"damage":0.0,"enemies":"Small Slimes","floor":5.0,"turns":3.0},{"damage":25.0,"enemies":"3 Sentries","floor":6.0,"turns":7.0},{"damage":13.0,"enemies":"Gremlin Nob","floor":8.0,"turns":3.0},{"damage":0.0,"enemies":"The Mushroom Lair","floor":11.0,"turns":2.0},{"damage":0.0,"enemies":"Exordium Thugs","floor":13.0,"turns":1.0},{"damage":0.0,"enemies":"Blue Slaver","floor":14.0,"turns":1.0},{"damage":34.0,"enemies":"Hexaghost","floor":16.0,"turns":9.0},{"damage":16.0,"enemies":"Shell Parasite","floor":18.0,"turns":5.0},{"damage":0.0,"enemies":"Chosen","floor":19.0,"turns":3.0},{"damage":11.0,"enemies":"Shelled Parasite and Fungi","floor":22.0,"turns":3.0},{"damage":2.0,"enemies":"Colosseum Slavers","floor":24.0,"turns":2.0},{"damage":0.0,"enemies":"Colosseum Nobs","floor":24.0,"turns":1.0},{"damage":6.0,"enemies":"Slavers","floor":27.0,"turns":4.0},{"damage":0.0,"enemies":"Book of Stabbing","floor":29.0,"turns":2.0},{"damage":0,"enemies":"3 Cultists","floor":31,"turns":1},{"damage":53,"enemies":"Champ","floor":33,"turns":11},{"damage":0,"enemies":"Orb Walker","floor":35,"turns":3},{"damage":0,"enemies":"3 Darklings","floor":37,"turns":1},{"damage":0,"enemies":"Writhing Mass","floor":41,"turns":3},{"damage":0,"enemies":"Jaw Worm Horde","floor":42,"turns":2},{"damage":9,"enemies":"Mind Bloom Boss Battle","floor":46,"turns":3},{"damage":0,"enemies":"2 Orb Walkers","floor":47,"turns":1},{"damage":0,"enemies":"Donu and Deca","floor":50,"turns":5}],"seed_played":"-2932200495525272591","potions_obtained":[{"floor":1.0,"key":"Energy Potion"},{"floor":6.0,"key":"Strength Potion"},{"floor":8.0,"key":"SpeedPotion"},{"floor":18.0,"key":"FocusPotion"},{"floor":19.0,"key":"FocusPotion"},{"floor":22.0,"key":"SpeedPotion"},{"floor":24.0,"key":"PowerPotion"},{"floor":27.0,"key":"FearPotion"},{"floor":29.0,"key":"Fire Potion"},{"floor":31,"key":"Explosive Potion"},{"floor":33,"key":"Fruit Juice"},{"floor":35,"key":"PowerPotion"},{"floor":37,"key":"LiquidBronze"},{"floor":41,"key":"FearPotion"}],"is_trial":false,"path_per_floor":["M","M","$","?","M","E","R","E","T","R","?","R","M","M","R","B",null,"M","M","?","$","M","R","?","R","T","E","?","E","R","M","R","B",null,"M","?","M","?","?","R","M","M","T","$","R","?","?","?","R","B",null],"character_chosen":"DEFECT","items_purchased":["Shuriken","Oddly Smooth Stone","Kunai","Happy Flower","Dodecahedron"],"campfire_rested":0,"item_purchase_floors":[21,44,44,44,44],"current_hp_per_floor":[75,72,72,69,69,51,51,45,45,45,55,55,55,65,65,41,69,63,69,69,69,68,68,66,66,66,60,60,69,69,69,69,31,74,74,74,74,74,74,74,74,74,74,74,74,74,74,74,74,74],"gold":0,"neow_bonus":"UPGRADE_CARD","is_prod":false,"is_daily":false,"chose_seed":false,"campfire_upgraded":6,"win_rate":0,"timestamp":1556464876,"path_taken":["M","M","$","?","M","E","R","E","T","R","?","R","M","M","R","BOSS","M","M","?","$","M","R","?","R","T","E","?","E","R","M","R","BOSS","M","?","M","?","?","R","M","M","T","$","R","?","?","?","R","BOSS"],"build_version":"2019-01-23","purchased_purges":3,"victory":true,"max_hp_per_floor":[75,75,75,69,69,69,69,69,69,69,69,69,69,69,69,69,69,69,69,69,69,69,69,69,69,69,69,69,69,69,69,69,74,74,74,74,74,74,74,74,74,74,74,74,74,74,74,74,74,74],"card_choices":[{"not_picked":["Glacier","Reprogram"],"picked":"Gash","floor":1.0},{"not_picked":["Sunder","Hologram"],"picked":"Gash","floor":2.0},{"not_picked":["Rip and Tear","Rebound"],"picked":"Self Repair","floor":5.0},{"not_picked":["Recycle","Consume"],"picked":"Hyperbeam","floor":6.0},{"not_picked":["Compile Driver","Heatsinks","Streamline"],"picked":"SKIP","floor":8.0},{"not_picked":["Ball Lightning","Cold Snap"],"picked":"Reprogram","floor":13.0},{"not_picked":["Reinforced Body","Sweeping Beam"],"picked":"Reboot","floor":14.0},{"not_picked":["Thunder Strike","Meteor Strike"],"picked":"Seek","floor":16.0},{"not_picked":["Hologram","Cold Snap"],"picked":"Scrape","floor":18.0},{"not_picked":["Capacitor","Rip and Tear","Ball Lightning"],"picked":"SKIP","floor":19.0},{"not_picked":["Tempest","Turbo"],"picked":"Steam Power+1","floor":22.0},{"not_picked":["Compile Driver","Fusion","Force Field"],"picked":"SKIP","floor":22.0},{"not_picked":["Doom and Gloom","Ball Lightning"],"picked":"Conserve Battery","floor":24.0},{"not_picked":["Barrage+1","Reinforced Body+1","Aggregate+1"],"picked":"SKIP","floor":27.0},{"not_picked":["Tempest+1","Chill+1"],"picked":"Beam Cell+1","floor":29.0},{"not_picked":["Compile Driver+1","Cold Snap+1"],"picked":"Hologram+1","floor":31},{"not_picked":["Turbo+1","Sweeping Beam+1","BootSequence+1"],"picked":"SKIP","floor":31},{"not_picked":["Rainbow+1","Fission+1"],"picked":"Hyperbeam+1","floor":33},{"not_picked":["BootSequence+1","Coolheaded+1"],"picked":"Gash+1","floor":35},{"not_picked":["Stack+1","Darkness+1"],"picked":"Leap+1","floor":35},{"not_picked":["Go for the Eyes+1","Scrape+1"],"picked":"Gash+1","floor":37},{"not_picked":["Redo+1","Barrage+1","Steam+1"],"picked":"SKIP","floor":37},{"not_picked":["Madness+1","Thinking Ahead+1"],"picked":"Dark Shackles+1","floor":38},{"not_picked":["Redo+1","Rebound+1","Hologram+1"],"picked":"SKIP","floor":41},{"not_picked":["Stack+1","Hologram+1","Reinforced Body+1"],"picked":"SKIP","floor":41},{"not_picked":["Coolheaded+1","Melter+1"],"picked":"Conserve Battery+1","floor":42},{"not_picked":["Rebound+1","White Noise+1","Streamline+1"],"picked":"SKIP","floor":42},{"not_picked":["Skim+1","Hologram+1"],"picked":"Machine Learning","floor":47}],"player_experience":144262,"relics_obtained":[{"floor":6.0,"key":"Whetstone"},{"floor":8.0,"key":"The Courier"},{"floor":9.0,"key":"Bag of Marbles"},{"floor":11.0,"key":"Odd Mushroom"},{"floor":24.0,"key":"Shovel"},{"floor":24.0,"key":"Toxic Egg 2"},{"floor":26.0,"key":"Molten Egg 2"},{"floor":27.0,"key":"Symbiotic Virus"},{"floor":29.0,"key":"Vajra"},{"floor":30,"key":"FossilizedHelix"},{"floor":32,"key":"Matryoshka"},{"floor":40,"key":"Bronze Scales"},{"floor":43,"key":"Anchor"},{"floor":43,"key":"Mercury Hourglass"},{"floor":45,"key":"Unceasing Top"},{"floor":46,"key":"Nunchaku"},{"floor":47,"key":"Girya"},{"floor":49,"key":"Bag of Preparation"}],"event_choices":[{"damage_healed":0.0,"max_hp_gain":0.0,"max_hp_loss":6.0,"gold_gain":0.0,"event_name":"Golden Idol","player_choice":"Lose Max HP","floor":4.0,"gold_loss":0.0,"damage_taken":0.0,"relics_obtained":["Golden Idol"]},{"damage_healed":0.0,"max_hp_gain":0.0,"max_hp_loss":0.0,"gold_gain":0.0,"event_name":"Mushrooms","player_choice":"Fought Mushrooms","floor":11.0,"gold_loss":0.0,"damage_taken":0.0},{"damage_healed":0.0,"max_hp_gain":0.0,"max_hp_loss":0.0,"gold_gain":0.0,"event_name":"Addict","player_choice":"Obtained Relic","floor":20.0,"gold_loss":85.0,"damage_taken":0.0,"relics_obtained":["Prayer Wheel"]},{"damage_healed":0.0,"max_hp_gain":0.0,"max_hp_loss":0.0,"gold_gain":0.0,"event_name":"Colosseum","player_choice":"Fight","floor":24.0,"gold_loss":0.0,"damage_taken":0.0},{"damage_healed":0.0,"max_hp_gain":0.0,"max_hp_loss":0.0,"gold_gain":0.0,"event_name":"Colosseum","player_choice":"Fought Nobs","floor":24.0,"gold_loss":0.0,"damage_taken":0.0},{"damage_healed":0.0,"max_hp_gain":0.0,"max_hp_loss":0.0,"gold_gain":0.0,"event_name":"Match and Keep!","player_choice":"1 cards matched","floor":28.0,"gold_loss":0.0,"damage_taken":0.0,"cards_obtained":["Dark Shackles"]},{"cards_removed":["Defend_B"],"damage_healed":0,"gold_gain":0,"player_choice":"Removed Skill","damage_taken":0,"max_hp_gain":0,"max_hp_loss":0,"event_name":"Falling","floor":36,"gold_loss":0},{"damage_healed":0,"gold_gain":0,"player_choice":"Memory 1","damage_taken":0,"max_hp_gain":0,"max_hp_loss":0,"event_name":"SensoryStone","floor":38,"gold_loss":0},{"damage_healed":0,"gold_gain":333,"player_choice":"Gave Idol","damage_taken":0,"max_hp_gain":0,"max_hp_loss":0,"event_name":"The Moai Head","floor":39,"relics_lost":["Golden Idol"],"gold_loss":0},{"damage_healed":0,"gold_gain":0,"player_choice":"Fight","damage_taken":0,"max_hp_gain":0,"max_hp_loss":0,"event_name":"MindBloom","floor":46,"gold_loss":0},{"damage_healed":0,"gold_gain":0,"player_choice":"Fight","damage_taken":0,"max_hp_gain":0,"max_hp_loss":0,"event_name":"Mysterious Sphere","floor":47,"gold_loss":0},{"damage_healed":0,"gold_gain":0,"player_choice":"Paid","damage_taken":0,"relics_obtained":["Red Mask"],"max_hp_gain":0,"max_hp_loss":0,"event_name":"Tomb of Lord Red Mask","floor":48,"gold_loss":207}],"is_beta":false,"boss_relics":[{"not_picked":["Sozu","Tiny House"],"picked":"White Beast Statue"},{"not_picked":["Coffee Dripper","Busted Crown"],"picked":"Fusion Hammer"}],"items_purged_floors":[3,21,44],"is_endless":false,"potions_floor_spawned":[1,6,8,18,19,22,24,24,27,29,31,33,35,37,41,42,46,47],"ascension_level":1}