{"gold_per_floor":[110,110,110,125,145,145,160,175,198,209,67,67,67,102,102,201,201,218,218,249,249,266,279,279,290,338,83,95,106,106,118,118,213,213,232,454,464,464,123,123,139,165,192,209,209,209,209,225,225,225],"floor_reached":51,"playtime":6240,"items_purged":["Defend_R","Strike_R","Strike_R"],"score":756,"play_id":"bcdffff8-b739-4a0c-b8da-2db2622ae4c4","local_time":"20190329150053","is_ascension_mode":false,"campfire_choices":[{"data":"Bash","floor":6,"key":"SMITH"},{"data":"Limit Break","floor":12,"key":"SMITH"},{"data":"Flex","floor":15,"key":"SMITH"},{"data":"Offering","floor":24,"key":"SMITH"},{"floor":30,"key":"REST"},{"floor":32,"key":"REST"},{"data":"Flame Barrier","floor":40,"key":"SMITH"},{"data":"Heavy Blade","floor":45,"key":"SMITH"},{"floor":47,"key":"REST"},{"floor":49,"key":"REST"}],"neow_cost":"NONE","seed_source_timestamp":38951770728658,"circlet_count":0,"master_deck":["Strike_R+1","Defend_R","Defend_R","Bash+1","Heavy Blade+1","Pommel Strike+1","Cleave","Offering+1","Flex+1","Limit Break+1","Clash","Anger+1","Seeing Red+1","Twin Strike","Intimidate+1","Double Tap","Spot Weakness","Iron Wave+1","Flame Barrier+1","Impervious","Headbutt+1","Disarm+1","Juggernaut","Whirlwind"],"relics":["Black Blood","Strawberry","Whetstone","Runic Cube","Nilry\u0027s Codex","Red Mask","Juzu Bracelet","Pen Nib","Bag of Marbles","Lantern"],"potions_floor_usage":[10,14,16,20,31,33,41,50,50,50],"damage_taken":[{"damage":5,"enemies":"Jaw Worm","floor":1,"turns":6},{"damage":0,"enemies":"Small Slimes","floor":4,"turns":3},{"damage":6,"enemies":"Cultist","floor":5,"turns":3},{"damage":13,"enemies":"Red Slaver","floor":7,"turns":4},{"damage":16,"enemies":"Looter","floor":8,"turns":2},{"damage":7,"enemies":"Blue Slaver","floor":10,"turns":2},{"damage":22,"enemies":"Lagavulin","floor":14,"turns":5},{"damage":39,"enemies":"Slime Boss","floor":16,"turns":9},{"damage":11,"enemies":"Spheric Guardian","floor":18,"turns":3},{"damage":6,"enemies":"Masked Bandits","floor":20,"turns":2},{"damage":10,"enemies":"3 Byrds","floor":22,"turns":3},{"damage":16,"enemies":"Centurion and Healer","floor":23,"turns":2},{"damage":30,"enemies":"Snecko","floor":25,"turns":4},{"damage":7,"enemies":"Shelled Parasite and Fungi","floor":28,"turns":2},{"damage":11,"enemies":"Cultist and Chosen","floor":29,"turns":4},{"damage":6,"enemies":"Centurion and Healer","floor":31,"turns":4},{"damage":27,"enemies":"Collector","floor":33,"turns":3},{"damage":14,"enemies":"3 Darklings","floor":35,"turns":4},{"damage":6,"enemies":"Orb Walker","floor":37,"turns":2},{"damage":28,"enemies":"Spire Growth","floor":41,"turns":4},{"damage":41,"enemies":"Giant Head","floor":42,"turns":8},{"damage":6,"enemies":"3 Darklings","floor":44,"turns":2},{"damage":29,"enemies":"4 Shapes","floor":48,"turns":2},{"damage":69,"enemies":"Awakened One","floor":50,"turns":9}],"seed_played":"-2175707195343315694","potions_obtained":[{"floor":3,"key":"Fire Potion"},{"floor":3,"key":"FairyPotion"},{"floor":3,"key":"Weak Potion"},{"floor":7,"key":"PowerPotion"},{"floor":16,"key":"Explosive Potion"},{"floor":22,"key":"SpeedPotion"},{"floor":28,"key":"SpeedPotion"},{"floor":31,"key":"Fruit Juice"},{"floor":33,"key":"Dexterity Potion"},{"floor":37,"key":"Poison Potion"},{"floor":44,"key":"Explosive Potion"},{"floor":48,"key":"Strength Potion"}],"is_trial":false,"path_per_floor":["M","?","?","M","M","R","M","M","T","M","$","R","$","E","R","B",null,"M","?","?","?","M","M","R","M","T","$","M","M","R","M","R","B",null,"M","?","M","?","$","R","M","E","T","M","R","?","R","M","R","B",null],"character_chosen":"IRONCLAD","items_purchased":["Limit Break","Double Tap","Juggernaut","Pen Nib"],"campfire_rested":4,"item_purchase_floors":[11,27,39,39],"current_hp_per_floor":[80,73,73,79,79,79,72,62,69,68,68,68,68,52,52,19,87,82,66,66,66,62,52,52,28,28,28,27,22,48,53,80,59,92,88,88,92,92,92,92,74,43,43,47,47,47,74,55,82,23],"gold":225,"neow_bonus":"REMOVE_CARD","is_prod":false,"is_daily":false,"chose_seed":false,"campfire_upgraded":6,"win_rate":0,"timestamp":1553886053,"path_taken":["M","?","?","M","?","R","M","M","T","M","?","R","$","E","R","BOSS","M","?","?","?","M","M","R","M","T","$","M","M","R","M","R","BOSS","M","?","M","?","$","R","M","E","T","M","R","?","R","M","R","BOSS"],"build_version":"2019-01-23","purchased_purges":3,"victory":true,"max_hp_per_floor":[80,80,80,80,80,80,80,80,87,87,87,87,87,87,87,87,87,87,87,87,87,87,87,87,87,87,87,87,87,87,92,92,92,92,92,92,92,92,92,92,92,92,92,92,92,92,92,92,92,92],"card_choices":[{"not_picked":["Corruption","Iron Wave"],"picked":"Heavy Blade","floor":1},{"not_picked":["Dropkick","Heavy Blade"],"picked":"Pommel Strike","floor":4},{"not_picked":["Anger","Bloodletting"],"picked":"Cleave","floor":5},{"not_picked":["Entrench","Armaments"],"picked":"Offering","floor":7},{"not_picked":["Clash","Cleave"],"picked":"Flex","floor":8},{"not_picked":["Wild Strike","Heavy Blade","Warcry"],"picked":"SKIP","floor":10},{"not_picked":["Feed","Bloodletting"],"picked":"Clash","floor":14},{"not_picked":["Heavy Blade","Iron Wave"],"picked":"Anger+1","floor":18},{"not_picked":["True Grit","Clash"],"picked":"Seeing Red+1","floor":20},{"not_picked":["Armaments","Rage","Pommel Strike+1"],"picked":"SKIP","floor":22},{"not_picked":["Warcry","Twin Strike","Thunderclap+1"],"picked":"SKIP","floor":23},{"not_picked":["Clash","Sword Boomerang"],"picked":"Intimidate+1","floor":25},{"not_picked":["Warcry+1","Twin Strike"],"picked":"Spot Weakness","floor":28},{"not_picked":["Pummel","Hemokinesis"],"picked":"Iron Wave+1","floor":29},{"not_picked":["Thunderclap","Twin Strike"],"picked":"Flame Barrier","floor":31},{"not_picked":["Double Tap","Berserk"],"picked":"Impervious","floor":33},{"not_picked":["Clash+1","Cleave"],"picked":"Headbutt+1","floor":35},{"not_picked":["Dual Wield+1","True Grit"],"picked":"Disarm+1","floor":37},{"not_picked":["True Grit","Metallicize","Clothesline+1"],"picked":"SKIP","floor":41},{"not_picked":["Dual Wield+1","Warcry","Clothesline"],"picked":"SKIP","floor":42},{"not_picked":["Shrug It Off","Clothesline","Anger"],"picked":"SKIP","floor":44},{"not_picked":["Feed","Pommel Strike+1"],"picked":"Whirlwind","floor":48}],"player_experience":50657,"relics_obtained":[{"floor":9,"key":"Strawberry"},{"floor":14,"key":"Whetstone"},{"floor":19,"key":"Nilry\u0027s Codex"},{"floor":20,"key":"Red Mask"},{"floor":26,"key":"Juzu Bracelet"},{"floor":42,"key":"Bag of Marbles"},{"floor":43,"key":"Lantern"}],"event_choices":[{"cards_removed":["Strike_R"],"damage_healed":0,"gold_gain":0,"player_choice":"Card Removal","damage_taken":7,"max_hp_gain":0,"max_hp_loss":0,"event_name":"Golden Wing","floor":2,"gold_loss":0},{"damage_healed":0,"gold_gain":0,"player_choice":"Got Potions","damage_taken":0,"max_hp_gain":0,"max_hp_loss":0,"event_name":"Lab","floor":3,"gold_loss":0},{"damage_healed":0,"gold_gain":0,"player_choice":"Obtained Book","damage_taken":16,"max_hp_gain":0,"max_hp_loss":0,"event_name":"Cursed Tome","floor":19,"gold_loss":0},{"damage_healed":0,"gold_gain":0,"player_choice":"Fought Bandits","damage_taken":0,"max_hp_gain":0,"max_hp_loss":0,"event_name":"Masked Bandits","floor":20,"gold_loss":0},{"damage_healed":0,"gold_gain":0,"player_choice":"1 cards matched","damage_taken":0,"max_hp_gain":0,"max_hp_loss":0,"event_name":"Match and Keep!","floor":21,"gold_loss":0,"cards_obtained":["Twin Strike"]},{"damage_healed":0,"gold_gain":222,"player_choice":"Wore Mask","damage_taken":0,"max_hp_gain":0,"max_hp_loss":0,"event_name":"Tomb of Lord Red Mask","floor":36,"gold_loss":0},{"cards_removed":["Defend_R"],"damage_healed":0,"gold_gain":0,"player_choice":"Removed Skill","damage_taken":0,"max_hp_gain":0,"max_hp_loss":0,"event_name":"Falling","floor":38,"gold_loss":0},{"damage_healed":0,"gold_gain":0,"player_choice":"Ignored","damage_taken":0,"max_hp_gain":0,"max_hp_loss":0,"event_name":"Mysterious Sphere","floor":46,"gold_loss":0}],"is_beta":false,"boss_relics":[{"not_picked":["Orrery","Eternal Feather"],"picked":"Runic Cube"},{"not_picked":["Lizard Tail","White Beast Statue"],"picked":"Black Blood"}],"items_purged_floors":[11,27,39],"is_endless":false,"potions_floor_spawned":[4,7,8,16,22,28,31,33,37,44,48],"ascension_level":0}