{"gold_per_floor":[117,117,137,156,169,197,122,133,133,133,163,92,57,67,67,170,170,183,83,83,101,115,115,134,151,151,167,167,180,55,70,70,165,165,181,195,208,208,208,263,263,274,274,300,300,42,42,61,61,61],"floor_reached":51,"playtime":5003,"items_purged":["Defend_G","Pain","Regret"],"score":942,"play_id":"f3e9670f-2fa6-402f-9fd1-fc09dc0a06e4","local_time":"20190306222912","is_ascension_mode":true,"campfire_choices":[{"floor":10.0,"key":"REST"},{"data":"Infinite Blades","floor":15.0,"key":"SMITH"},{"floor":23.0,"key":"REST"},{"floor":28.0,"key":"REST"},{"floor":32.0,"key":"REST"},{"floor":41,"key":"REST"},{"data":"A Thousand Cuts","floor":45,"key":"SMITH"},{"floor":49,"key":"REST"}],"neow_cost":"NONE","seed_source_timestamp":5752001249855,"circlet_count":0,"master_deck":["Defend_G+1","Defend_G+1","Defend_G+1","Defend_G+1","Strike_G+1","Strike_G+1","Strike_G+1","Strike_G+1","Survivor","Neutralize+1","Cloak And Dagger+1","Sucker Punch","Blade Dance","Infinite Blades+1","A Thousand Cuts+1","Parasite","Dagger Spray","After Image+1","Escape Plan+1","Prepared+1","After Image+1","Blade Dance+1","Magnetism+1","Footwork+1","Cloak And Dagger+1"],"special_seed":0,"relics":["Ring of the Snake","Kunai","Thread and Needle","Calling Bell","Vajra","Frozen Egg 2","Pocketwatch","Paper Crane","White Beast Statue","Peace Pipe","Meat on the Bone","Art of War","Shuriken"],"potions_floor_usage":[40,42,48,50,50,50],"damage_taken":[{"damage":2.0,"enemies":"Jaw Worm","floor":1.0,"turns":4.0},{"damage":0.0,"enemies":"Cultist","floor":3.0,"turns":4.0},{"damage":3.0,"enemies":"2 Louse","floor":4.0,"turns":3.0},{"damage":3.0,"enemies":"Exordium Wildlife","floor":5.0,"turns":4.0},{"damage":29.0,"enemies":"Lagavulin","floor":6.0,"turns":9.0},{"damage":1.0,"enemies":"Looter","floor":8.0,"turns":4.0},{"damage":13.0,"enemies":"Gremlin Nob","floor":11.0,"turns":5.0},{"damage":0.0,"enemies":"3 Louse","floor":14.0,"turns":4.0},{"damage":4.0,"enemies":"Hexaghost","floor":16.0,"turns":17.0},{"damage":22.0,"enemies":"Shell Parasite","floor":18.0,"turns":6.0},{"damage":2.0,"enemies":"3 Byrds","floor":21.0,"turns":7.0},{"damage":12.0,"enemies":"Cultist and Chosen","floor":22.0,"turns":10.0},{"damage":14.0,"enemies":"Centurion and Healer","floor":24.0,"turns":7.0},{"damage":15.0,"enemies":"Snecko","floor":25.0,"turns":6.0},{"damage":15.0,"enemies":"Shelled Parasite and Fungi","floor":27.0,"turns":6.0},{"damage":0.0,"enemies":"Snake Plant","floor":29.0,"turns":7.0},{"damage":5.0,"enemies":"Snecko","floor":31.0,"turns":7.0},{"damage":36.0,"enemies":"Automaton","floor":33.0,"turns":17.0},{"damage":1.0,"enemies":"Orb Walker","floor":35.0,"turns":5.0},{"damage":7.0,"enemies":"3 Darklings","floor":36.0,"turns":8.0},{"damage":0.0,"enemies":"Maw","floor":37.0,"turns":11.0},{"damage":41,"enemies":"Reptomancer","floor":40,"turns":12},{"damage":16,"enemies":"Jaw Worm Horde","floor":42,"turns":7},{"damage":15,"enemies":"Giant Head","floor":44,"turns":13},{"damage":0,"enemies":"Writhing Mass","floor":48,"turns":6},{"damage":9,"enemies":"Time Eater","floor":50,"turns":12}],"seed_played":"-4552941998733920357","potions_obtained":[{"floor":3.0,"key":"PowerPotion"},{"floor":8.0,"key":"SteroidPotion"},{"floor":11.0,"key":"EntropicBrew"},{"floor":16.0,"key":"SpeedPotion"},{"floor":24.0,"key":"Poison Potion"},{"floor":25.0,"key":"PowerPotion"},{"floor":31.0,"key":"Regen Potion"},{"floor":33.0,"key":"Weak Potion"},{"floor":35.0,"key":"Weak Potion"},{"floor":36.0,"key":"Fire Potion"},{"floor":40,"key":"Weak Potion"},{"floor":42,"key":"Energy Potion"},{"floor":44,"key":"Ancient Potion"},{"floor":48,"key":"LiquidBronze"}],"is_trial":false,"path_per_floor":["M","?","M","M","M","E","$","M","T","R","E","$","?","M","R","B",null,"M","$","?","M","M","R","M","M","T","M","R","M","$","M","R","B",null,"M","M","M","?","?","E","R","M","T","E","R","$","?","M","R","B",null],"character_chosen":"THE_SILENT","items_purchased":["Infinite Blades","Shuriken"],"campfire_rested":6,"item_purchase_floors":[12,46],"current_hp_per_floor":[61,61,61,58,55,26,26,25,25,46,33,33,50,50,50,46,64,42,42,42,40,28,49,35,20,20,5,26,26,26,21,42,6,54,67,60,60,60,60,19,40,24,24,21,21,21,21,33,54,45],"gold":61,"neow_bonus":"UPGRADE_CARD","is_prod":false,"is_daily":false,"chose_seed":false,"campfire_upgraded":2,"win_rate":0,"timestamp":1551940152,"path_taken":["M","?","M","M","?","E","?","M","T","R","E","$","?","M","R","BOSS","M","$","?","M","M","R","M","M","T","M","R","M","$","M","R","BOSS","M","M","M","?","?","E","R","M","T","E","R","$","?","M","R","BOSS"],"build_version":"2019-01-23","purchased_purges":3,"victory":true,"max_hp_per_floor":[70,70,70,70,70,70,70,70,70,70,70,70,70,70,70,70,70,70,70,70,70,70,70,70,70,70,70,70,70,70,70,70,70,70,70,70,70,70,70,70,70,70,70,70,70,70,70,70,70,70],"card_choices":[{"not_picked":["Slice","Dodge and Roll"],"picked":"Cloak And Dagger","floor":1.0},{"not_picked":["Dodge and Roll","Quick Slash"],"picked":"Sucker Punch","floor":3.0},{"not_picked":["Choke","PiercingWail","Masterful Stab"],"picked":"SKIP","floor":4.0},{"not_picked":["Quick Slash","Dodge and Roll"],"picked":"Blade Dance","floor":5.0},{"not_picked":["Sucker Punch","Skewer","Flechettes"],"picked":"SKIP","floor":6.0},{"not_picked":["Catalyst","Backflip","Predator"],"picked":"SKIP","floor":8.0},{"not_picked":["Tactician","Underhanded Strike","Deadly Poison"],"picked":"SKIP","floor":11.0},{"not_picked":["Bane","Dodge and Roll","Distraction"],"picked":"SKIP","floor":14.0},{"not_picked":["Corpse Explosion","Phantasmal Killer"],"picked":"A Thousand Cuts","floor":16.0},{"not_picked":["Heel Hook","Deadly Poison","Dodge and Roll"],"picked":"SKIP","floor":18.0},{"not_picked":["Acrobatics","Concentrate","Sucker Punch+1"],"picked":"SKIP","floor":21.0},{"not_picked":["Flying Knee","Outmaneuver+1"],"picked":"Dagger Spray","floor":22.0},{"not_picked":["Deadly Poison+1","Catalyst","Calculated Gamble+1"],"picked":"SKIP","floor":24.0},{"not_picked":["Leg Sweep","Bane+1"],"picked":"After Image+1","floor":25.0},{"not_picked":["Prepared","Dodge and Roll","All Out Attack"],"picked":"SKIP","floor":27.0},{"not_picked":["Dagger Throw","Deadly Poison"],"picked":"Escape Plan+1","floor":29.0},{"not_picked":["Quick Slash+1","Well Laid Plans+1"],"picked":"Prepared+1","floor":31.0},{"not_picked":["Die Die Die","Wraith Form v2+1"],"picked":"After Image+1","floor":33.0},{"not_picked":["Choke+1","PiercingWail+1","Dodge and Roll"],"picked":"SKIP","floor":35.0},{"not_picked":["Noxious Fumes+1","Blur"],"picked":"Blade Dance+1","floor":36.0},{"not_picked":["Skewer+1","Prepared+1","Blade Dance"],"picked":"SKIP","floor":37.0},{"not_picked":["Sadistic Nature+1","Apotheosis"],"picked":"Magnetism+1","floor":39.0},{"not_picked":["Dagger Throw+1","Slice+1","Sucker Punch"],"picked":"SKIP","floor":40},{"not_picked":["Deadly Poison","Crippling Poison","Calculated Gamble"],"picked":"SKIP","floor":42},{"not_picked":["Bullet Time","Dodge and Roll"],"picked":"Footwork+1","floor":44},{"not_picked":["Blade Dance","Calculated Gamble"],"picked":"Cloak And Dagger+1","floor":48}],"player_experience":418879,"relics_obtained":[{"floor":6.0,"key":"Kunai"},{"floor":11.0,"key":"Thread and Needle"},{"floor":17.0,"key":"Vajra"},{"floor":17.0,"key":"Frozen Egg 2"},{"floor":17.0,"key":"Pocketwatch"},{"floor":26.0,"key":"Paper Crane"},{"floor":40,"key":"Peace Pipe"},{"floor":43,"key":"Meat on the Bone"},{"floor":44,"key":"Art of War"}],"event_choices":[{"cards_removed":["Strike_G"],"damage_healed":0.0,"max_hp_gain":0.0,"max_hp_loss":0.0,"gold_gain":0.0,"event_name":"Purifier","player_choice":"Purged","floor":2.0,"gold_loss":0.0,"damage_taken":0.0},{"damage_healed":17.0,"max_hp_gain":0.0,"max_hp_loss":0.0,"gold_gain":0.0,"event_name":"The Cleric","player_choice":"Healed","floor":13.0,"gold_loss":35.0,"damage_taken":0.0},{"damage_healed":0.0,"max_hp_gain":0.0,"max_hp_loss":0.0,"gold_gain":0.0,"event_name":"Back to Basics","player_choice":"Simplicity","floor":20.0,"gold_loss":0.0,"damage_taken":0.0,"cards_upgraded":["Defend_G","Defend_G","Defend_G","Defend_G","Strike_G","Strike_G","Strike_G","Strike_G"]},{"damage_healed":0.0,"max_hp_gain":0.0,"max_hp_loss":0.0,"gold_gain":0.0,"event_name":"Tomb of Lord Red Mask","player_choice":"Ignored","floor":38.0,"gold_loss":0.0,"damage_taken":0.0},{"damage_healed":0.0,"max_hp_gain":0.0,"max_hp_loss":0.0,"gold_gain":0.0,"event_name":"SensoryStone","player_choice":"Memory 1","floor":39.0,"gold_loss":0.0,"damage_taken":0.0},{"damage_healed":0,"gold_gain":0,"player_choice":"Upgraded","damage_taken":0,"max_hp_gain":0,"max_hp_loss":0,"event_name":"Upgrade Shrine","floor":47,"gold_loss":0,"cards_upgraded":["Cloak And Dagger"]}],"is_beta":false,"boss_relics":[{"not_picked":["Runic Pyramid","HoveringKite"],"picked":"Calling Bell"},{"not_picked":["Orrery","Velvet Choker"],"picked":"White Beast Statue"}],"items_purged_floors":[7,19,30],"is_endless":false,"potions_floor_spawned":[3,8,11,16,24,25,31,33,35,36,37,40,42,44,48],"ascension_level":8}