{"gold_per_floor":[113,188,113,113,113,113,127,153,230,53,65,65,65,99,99,173,173,189,189,114,3,19,19],"floor_reached":23,"playtime":684,"items_purged":["Shame","Regret"],"score":390,"play_id":"f2a14e91-56cb-4088-b5f8-480f943c4748","local_time":"20190519225035","is_ascension_mode":true,"campfire_choices":[{"data":"Neutralize","floor":6,"key":"SMITH"},{"floor":13,"key":"REST"},{"data":"Parasite","floor":15,"key":"PURGE"}],"neow_cost":"NONE","seed_source_timestamp":278027843773700,"circlet_count":0,"master_deck":["AscendersBane","Defend_G","Defend_G","Defend_G","Defend_G","Defend_G","Strike_G","Strike_G","Strike_G","Strike_G","Survivor+1","Neutralize+1","Dagger Spray+1","Poisoned Stab","Tools of the Trade","Skewer","Sucker Punch","Dagger Throw","Envenom","Deflect","Noxious Fumes","Heel Hook","Backflip+1"],"relics":["Calling Bell","PreservedInsect","Mummified Hand","Ginger","Strawberry","Paper Crane","Peace Pipe","Philosopher\u0027s Stone"],"potions_floor_usage":[14,16],"damage_taken":[{"damage":8,"enemies":"Jaw Worm","floor":1,"turns":7},{"damage":0,"enemies":"2 Louse","floor":7,"turns":2},{"damage":30,"enemies":"Gremlin Nob","floor":8,"turns":4},{"damage":0,"enemies":"Small Slimes","floor":11,"turns":2},{"damage":10,"enemies":"3 Sentries","floor":14,"turns":6},{"damage":43,"enemies":"The Guardian","floor":16,"turns":17},{"damage":7,"enemies":"Chosen","floor":18,"turns":5},{"damage":30,"enemies":"Shell Parasite","floor":22,"turns":7},{"damage":45,"enemies":"Gremlin Leader","floor":23,"turns":4}],"seed_played":"2592534127730924322","potions_obtained":[{"floor":7,"key":"Energy Potion"},{"floor":8,"key":"SkillPotion"},{"floor":11,"key":"Regen Potion"}],"is_trial":false,"path_per_floor":["M","?","$","?","?","R","M","E","T","$","M","?","R","E","R","B",null,"M","?","?","$","M","E"],"character_chosen":"THE_SILENT","items_purchased":["Skewer","Noxious Fumes","Heel Hook"],"campfire_rested":1,"item_purchase_floors":[10,21,21],"current_hp_per_floor":[51,40,40,20,42,42,42,19,19,19,19,19,40,30,30,2,53,46,60,60,60,30,0],"gold":19,"neow_bonus":"BOSS_RELIC","is_prod":false,"is_daily":false,"chose_seed":false,"campfire_upgraded":1,"win_rate":0,"timestamp":1558302635,"path_taken":["M","?","$","?","?","R","M","E","T","$","M","?","R","E","R","BOSS","M","?","?","?","M","E"],"build_version":"2019-01-23","purchased_purges":2,"victory":false,"max_hp_per_floor":[66,66,66,66,66,66,66,73,73,73,73,73,73,73,70,70,70,70,70,70,70,70,70],"card_choices":[{"not_picked":["Slice","Poisoned Stab"],"picked":"Dagger Spray","floor":1},{"not_picked":["Expertise","Dodge and Roll"],"picked":"Poisoned Stab","floor":7},{"not_picked":["Backstab","Reflex"],"picked":"Tools of the Trade","floor":8},{"not_picked":["Underhanded Strike","Quick Slash"],"picked":"Sucker Punch","floor":11},{"not_picked":["Tactician","Eviscerate"],"picked":"Dagger Throw","floor":14},{"not_picked":["Storm of Steel","Bullet Time"],"picked":"Envenom","floor":16},{"not_picked":["Acrobatics","Calculated Gamble"],"picked":"Deflect","floor":18},{"not_picked":["Underhanded Strike","Poisoned Stab"],"picked":"Backflip+1","floor":22}],"player_experience":1368273,"relics_obtained":[{"floor":0,"key":"PreservedInsect"},{"floor":0,"key":"Mummified Hand"},{"floor":0,"key":"Ginger"},{"floor":8,"key":"Strawberry"},{"floor":9,"key":"Paper Crane"},{"floor":14,"key":"Peace Pipe"}],"event_choices":[{"damage_healed":0,"gold_gain":75,"player_choice":"Gather Gold","damage_taken":11,"max_hp_gain":0,"max_hp_loss":0,"event_name":"World of Goop","floor":2,"gold_loss":0},{"damage_healed":0,"gold_gain":0,"player_choice":"Entered Light","damage_taken":20,"max_hp_gain":0,"max_hp_loss":0,"event_name":"Shining Light","floor":4,"gold_loss":0,"cards_upgraded":["Dagger Spray","Survivor"]},{"damage_healed":22,"gold_gain":0,"player_choice":"Banana","damage_taken":0,"max_hp_gain":0,"max_hp_loss":0,"event_name":"Big Fish","floor":5,"gold_loss":0},{"damage_healed":0,"gold_gain":0,"player_choice":"Ignored","damage_taken":0,"max_hp_gain":0,"max_hp_loss":0,"event_name":"Golden Idol","floor":12,"gold_loss":0},{"damage_healed":14,"gold_gain":0,"player_choice":"Heal","damage_taken":0,"max_hp_gain":0,"max_hp_loss":0,"event_name":"The Library","floor":19,"gold_loss":0},{"cards_removed":["Strike_G"],"damage_healed":0,"gold_gain":0,"player_choice":"Gave Gold","damage_taken":0,"max_hp_gain":0,"max_hp_loss":0,"event_name":"Beggar","floor":20,"gold_loss":75}],"is_beta":false,"boss_relics":[{"not_picked":["Velvet Choker","WristBlade"],"picked":"Philosopher\u0027s Stone"}],"items_purged_floors":[3,10],"is_endless":false,"potions_floor_spawned":[7,8,11],"killed_by":"Gremlin Leader","ascension_level":20}