{"gold_per_floor":[115,65,65,75,75,86,118,128,154,171,201,221,221,221,221,221],"floor_reached":16,"playtime":996,"items_purged":["Defend_B"],"score":138,"play_id":"69d3ddf7-6165-4025-a105-0636a1a75d0d","local_time":"20190503174424","is_ascension_mode":true,"campfire_choices":[{"floor":13,"key":"REST"},{"floor":15,"key":"REST"}],"neow_cost":"NONE","seed_source_timestamp":0,"circlet_count":0,"master_deck":["Strike_B+1","Strike_B","Strike_B","Strike_B","Defend_B","Defend_B","Zap","Dualcast+1","Conserve Battery","Redo","Auto Shields","Chill","Gash","Buffer"],"special_seed":0,"relics":["Cracked Core","Smiling Mask","Vajra","Blood Vial","Centennial Puzzle","Odd Mushroom"],"potions_floor_usage":[4,12],"damage_taken":[{"damage":7.0,"enemies":"Jaw Worm","floor":1.0,"turns":4.0},{"damage":3,"enemies":"Small Slimes","floor":4,"turns":2},{"damage":1,"enemies":"2 Louse","floor":6,"turns":2},{"damage":26,"enemies":"3 Sentries","floor":7,"turns":8},{"damage":4,"enemies":"Looter","floor":8,"turns":3},{"damage":8,"enemies":"Gremlin Gang","floor":10,"turns":4},{"damage":17,"enemies":"Lagavulin","floor":11,"turns":7},{"damage":7,"enemies":"The Mushroom Lair","floor":12,"turns":4},{"damage":49,"enemies":"Slime Boss","floor":16,"turns":11}],"seed_played":"-3687620693121295337","potions_obtained":[{"floor":1.0,"key":"AttackPotion"},{"floor":7,"key":"LiquidBronze"},{"floor":11,"key":"FairyPotion"}],"is_trial":false,"path_per_floor":["M","$","?","M","?","M","E","M","T","M","E","?","R","?","R","B"],"character_chosen":"DEFECT","items_purchased":[],"campfire_rested":2,"item_purchase_floors":[],"current_hp_per_floor":[68,68,61,58,58,57,31,27,27,21,6,1,23,8,30,0],"gold":221,"neow_bonus":"RANDOM_COMMON_RELIC","is_prod":false,"is_daily":false,"chose_seed":false,"campfire_upgraded":0,"win_rate":0,"timestamp":1556930664,"path_taken":["M","$","?","M","?","M","E","M","T","M","E","?","R","?","R","BOSS"],"build_version":"2019-01-23","purchased_purges":1,"victory":false,"max_hp_per_floor":[75,75,75,75,75,75,75,75,75,75,75,75,75,75,75,75],"card_choices":[{"not_picked":["Capacitor","Steam"],"picked":"Conserve Battery","floor":1.0},{"not_picked":["Hologram","Stack"],"picked":"Redo","floor":4},{"not_picked":["Compile Driver","Coolheaded"],"picked":"Auto Shields","floor":6},{"not_picked":["Rebound","Doom and Gloom","Go for the Eyes"],"picked":"SKIP","floor":7},{"not_picked":["Darkness","Skim"],"picked":"Chill","floor":8},{"not_picked":["Leap","Hologram","Doom and Gloom"],"picked":"SKIP","floor":10},{"not_picked":["Leap","Go for the Eyes"],"picked":"Gash","floor":11},{"not_picked":["Doom and Gloom","Tempest"],"picked":"Buffer","floor":12}],"player_experience":470694,"relics_obtained":[{"floor":7,"key":"Vajra"},{"floor":9,"key":"Blood Vial"},{"floor":11,"key":"Centennial Puzzle"},{"floor":12,"key":"Odd Mushroom"}],"event_choices":[{"cards_removed":["Defend_B"],"damage_healed":0.0,"max_hp_gain":0.0,"max_hp_loss":0.0,"gold_gain":0.0,"event_name":"Golden Wing","player_choice":"Card Removal","floor":3.0,"gold_loss":0.0,"damage_taken":7.0},{"damage_healed":0,"gold_gain":0,"player_choice":"Ignored","damage_taken":0,"max_hp_gain":0,"max_hp_loss":0,"event_name":"Liars Game","floor":5,"gold_loss":0},{"damage_healed":0,"gold_gain":0,"player_choice":"Fought Mushrooms","damage_taken":0,"max_hp_gain":0,"max_hp_loss":0,"event_name":"Mushrooms","floor":12,"gold_loss":0},{"damage_healed":0,"gold_gain":0,"player_choice":"Entered Light","damage_taken":15,"max_hp_gain":0,"max_hp_loss":0,"event_name":"Shining Light","floor":14,"gold_loss":0,"cards_upgraded":["Strike_B","Dualcast"]}],"is_beta":false,"boss_relics":[],"items_purged_floors":[2],"is_endless":false,"potions_floor_spawned":[1,7,11],"killed_by":"Slime Boss","ascension_level":5}