{"gold_per_floor":[116,26,37,37,37,37,65,83,83,8,28,60,60,60,60,134,134,145,145,145,195,209,209,239,50,76,76,89,89,105,118,118,195,195,207,82,97,150,170,199,199,49,49,49],"floor_reached":44,"playtime":1368,"items_purged":["Strike_G","Strike_G","Writhe","Strike_G"],"score":978,"play_id":"3a03ca04-50cc-43a2-ab8a-ad3ee7b51497","local_time":"20190508211749","is_ascension_mode":true,"campfire_choices":[{"data":"Neutralize","floor":6.0,"key":"SMITH"},{"data":"Storm of Steel","floor":13.0,"key":"SMITH"},{"data":"1","floor":15.0,"key":"LIFT"},{"data":"2","floor":23.0,"key":"LIFT"},{"floor":27.0,"key":"REST"},{"data":"3","floor":29.0,"key":"LIFT"},{"floor":32.0,"key":"REST"},{"floor":41.0,"key":"REST"}],"neow_cost":"NONE","seed_source_timestamp":14923342930000,"circlet_count":0,"master_deck":["AscendersBane","Defend_G","Defend_G","Defend_G","Defend_G","Defend_G","Strike_G","Survivor","Neutralize+1","Slice","Footwork","Deadly Poison","Predator","Storm of Steel+1","Catalyst","Corpse Explosion","Deadly Poison","Accuracy+1","Backflip","Backflip","Tools of the Trade+1","Deflect","Underhanded Strike+1"],"special_seed":0,"relics":["Ring of the Snake","NeowsBlessing","Mercury Hourglass","Boot","Ninja Scroll","Girya","Fusion Hammer","Frozen Egg 2","Ornamental Fan","Bag of Marbles","Cursed Key","Nunchaku","Shovel"],"potions_floor_usage":[],"damage_taken":[{"damage":0.0,"enemies":"Small Slimes","floor":1.0,"turns":1.0},{"damage":0.0,"enemies":"Cultist","floor":3.0,"turns":1.0},{"damage":0.0,"enemies":"Gremlin Nob","floor":7.0,"turns":1.0},{"damage":0.0,"enemies":"Jaw Worm","floor":8.0,"turns":4.0},{"damage":2.0,"enemies":"Blue Slaver","floor":11.0,"turns":4.0},{"damage":22.0,"enemies":"Lagavulin","floor":12.0,"turns":5.0},{"damage":15.0,"enemies":"The Guardian","floor":16.0,"turns":11.0},{"damage":0.0,"enemies":"Chosen","floor":18.0,"turns":2.0},{"damage":9.0,"enemies":"2 Thieves","floor":22.0,"turns":2.0},{"damage":28.0,"enemies":"Slavers","floor":24.0,"turns":3.0},{"damage":9.0,"enemies":"Snake Plant","floor":28.0,"turns":2.0},{"damage":0.0,"enemies":"Centurion and Healer","floor":30.0,"turns":3.0},{"damage":0.0,"enemies":"Snecko","floor":31.0,"turns":1.0},{"damage":20.0,"enemies":"Automaton","floor":33.0,"turns":9.0},{"damage":0.0,"enemies":"3 Darklings","floor":35.0,"turns":1.0},{"damage":5.0,"enemies":"Orb Walker","floor":37.0,"turns":3.0},{"damage":1.0,"enemies":"2 Orb Walkers","floor":38.0,"turns":2.0},{"damage":1.0,"enemies":"Sphere and 2 Shapes","floor":39.0,"turns":3.0},{"damage":42.0,"enemies":"Giant Head","floor":40.0,"turns":9.0},{"damage":25,"enemies":"Nemesis","floor":44,"turns":4}],"seed_played":"-2957549428812342050","potions_obtained":[{"floor":7.0,"key":"Swift Potion"},{"floor":8.0,"key":"Weak Potion"},{"floor":24.0,"key":"Fire Potion"},{"floor":31.0,"key":"GhostInAJar"},{"floor":33.0,"key":"SkillPotion"},{"floor":39.0,"key":"Dexterity Potion"}],"is_trial":false,"path_per_floor":["M","$","M","$","?","R","E","M","T","$","M","E","R","T","R","B",null,"M","?","?","?","M","R","E","$","T","R","M","R","M","M","R","B",null,"M","$","M","?","M","E","R","$","T","E"],"character_chosen":"THE_SILENT","items_purchased":["Footwork","Accuracy+1"],"campfire_rested":3,"item_purchase_floors":[2,25],"current_hp_per_floor":[59,59,59,59,59,59,59,59,59,59,57,35,35,35,35,20,55,55,55,55,49,40,40,12,12,12,31,22,22,22,22,41,21,55,55,55,50,49,48,6,25,25,25,0],"gold":49,"neow_bonus":"THREE_ENEMY_KILL","is_prod":false,"is_daily":false,"chose_seed":false,"campfire_upgraded":2,"win_rate":0,"timestamp":1557346669,"path_taken":["M","$","M","$","?","R","E","M","T","?","M","E","R","?","R","BOSS","M","?","?","?","?","R","E","$","T","R","M","R","M","M","R","BOSS","M","$","M","?","M","E","R","$","T","E"],"build_version":"2019-01-23","purchased_purges":4,"victory":false,"max_hp_per_floor":[66,66,66,66,66,66,66,66,66,66,66,66,66,66,66,66,66,66,66,66,66,66,66,66,66,66,66,66,66,66,66,66,66,66,66,66,66,66,66,66,66,66,66,66],"card_choices":[{"not_picked":["Setup","Poisoned Stab"],"picked":"Slice","floor":1.0},{"not_picked":["Eviscerate","Backflip"],"picked":"Deadly Poison","floor":3.0},{"not_picked":["Accuracy","Expertise","Underhanded Strike"],"picked":"SKIP","floor":7.0},{"not_picked":["Quick Slash","Dagger Spray"],"picked":"Predator","floor":8.0},{"not_picked":["Dagger Spray","Slice"],"picked":"Storm of Steel","floor":11.0},{"not_picked":["Underhanded Strike","Dagger Spray"],"picked":"Catalyst","floor":12.0},{"not_picked":["Adrenaline","Phantasmal Killer"],"picked":"Corpse Explosion","floor":16.0},{"not_picked":["Concentrate","Prepared","Flying Knee"],"picked":"SKIP","floor":18.0},{"not_picked":["Tactician","Underhanded Strike"],"picked":"Deadly Poison","floor":22.0},{"not_picked":["Bane","Outmaneuver","Concentrate"],"picked":"SKIP","floor":24.0},{"not_picked":["Outmaneuver","All Out Attack"],"picked":"Backflip","floor":28.0},{"not_picked":["Sucker Punch","Slice+1"],"picked":"Backflip","floor":30.0},{"not_picked":["Dagger Spray","Flying Knee+1","Poisoned Stab"],"picked":"SKIP","floor":31.0},{"not_picked":["Unload","Die Die Die"],"picked":"Tools of the Trade+1","floor":33.0},{"not_picked":["Cloak And Dagger","Flying Knee","Eviscerate+1"],"picked":"SKIP","floor":35.0},{"not_picked":["Poisoned Stab","Venomology"],"picked":"Deflect","floor":37.0},{"not_picked":["Backflip","Cloak And Dagger"],"picked":"Underhanded Strike+1","floor":38.0},{"not_picked":["Slice","Outmaneuver","Dagger Spray"],"picked":"SKIP","floor":39.0},{"not_picked":["Dagger Spray","Die Die Die","Slice"],"picked":"SKIP","floor":40.0}],"player_experience":1345006,"relics_obtained":[{"floor":7.0,"key":"Mercury Hourglass"},{"floor":9.0,"key":"Boot"},{"floor":12.0,"key":"Ninja Scroll"},{"floor":14.0,"key":"Girya"},{"floor":24.0,"key":"Ornamental Fan"},{"floor":26.0,"key":"Bag of Marbles"},{"floor":38.0,"key":"Nunchaku"},{"floor":40.0,"key":"Shovel"}],"event_choices":[{"cards_removed":["Strike_G"],"damage_healed":0.0,"max_hp_gain":0.0,"max_hp_loss":0.0,"gold_gain":0.0,"event_name":"Purifier","player_choice":"Purged","floor":5.0,"gold_loss":0.0,"damage_taken":0.0},{"damage_healed":0.0,"max_hp_gain":0.0,"max_hp_loss":0.0,"gold_gain":0.0,"event_name":"The Mausoleum","player_choice":"Opened","floor":19.0,"gold_loss":0.0,"damage_taken":0.0,"relics_obtained":["Frozen Egg 2"],"cards_obtained":["Writhe"]},{"damage_healed":0.0,"max_hp_gain":0.0,"max_hp_loss":0.0,"gold_gain":0.0,"event_name":"Vampires","player_choice":"Ignored","floor":20.0,"gold_loss":0.0,"damage_taken":0.0},{"damage_healed":0.0,"max_hp_gain":0.0,"max_hp_loss":0.0,"gold_gain":50.0,"event_name":"FaceTrader","player_choice":"Touch","floor":21.0,"gold_loss":0.0,"damage_taken":6.0},{"damage_healed":0.0,"max_hp_gain":0.0,"max_hp_loss":0.0,"gold_gain":0.0,"event_name":"Mysterious Sphere","player_choice":"Fight","floor":38.0,"gold_loss":0.0,"damage_taken":0.0}],"is_beta":false,"boss_relics":[{"not_picked":["Pandora\u0027s Box","Empty Cage"],"picked":"Fusion Hammer"},{"not_picked":["Runic Dome","Eternal Feather"],"picked":"Cursed Key"}],"items_purged_floors":[10,25,36,42],"is_endless":false,"potions_floor_spawned":[7,8,11,24,31,33,39],"killed_by":"Nemesis","ascension_level":20}