{"gold_per_floor":[116,126,126,51,71,100,63,63,141,157,173,173,173,173,173,247,247,259,259,279,329,46,46,76,76,106,106,116,116,134,150,150,150],"floor_reached":33,"playtime":1101,"items_purged":["Defend_G"],"score":530,"play_id":"c666a884-c62c-4cbc-8d5c-11343e9c39ff","local_time":"20190521211735","is_ascension_mode":true,"campfire_choices":[{"floor":8.0,"key":"REST"},{"floor":12.0,"key":"REST"},{"floor":15.0,"key":"REST"},{"floor":23,"key":"REST"},{"floor":27,"key":"REST"},{"floor":29,"key":"REST"},{"floor":32,"key":"REST"}],"neow_cost":"NONE","seed_source_timestamp":8937228504700,"circlet_count":0,"master_deck":["AscendersBane","Defend_G","Defend_G","Defend_G","Defend_G","Strike_G","Strike_G","Strike_G","Survivor","Neutralize","Cloak And Dagger","Flying Knee","Skewer","Well Laid Plans","Footwork","Dodge and Roll","Dodge and Roll","Corpse Explosion","Blur","J.A.X.","Finisher+1","After Image","Leg Sweep"],"special_seed":0,"relics":["Fusion Hammer","Orichalcum","Bottled Flame","Sozu","Shuriken","Strawberry","Tiny Chest"],"potions_floor_usage":[],"damage_taken":[{"damage":0.0,"enemies":"Cultist","floor":1.0,"turns":4.0},{"damage":0.0,"enemies":"Small Slimes","floor":2.0,"turns":4.0},{"damage":0.0,"enemies":"2 Louse","floor":5.0,"turns":3.0},{"damage":49.0,"enemies":"Lagavulin","floor":6.0,"turns":10.0},{"damage":9.0,"enemies":"Large Slime","floor":10.0,"turns":8.0},{"damage":4.0,"enemies":"3 Louse","floor":11.0,"turns":4.0},{"damage":1.0,"enemies":"The Guardian","floor":16.0,"turns":17.0},{"damage":12,"enemies":"2 Thieves","floor":18,"turns":4},{"damage":24,"enemies":"Spheric Guardian","floor":20,"turns":8},{"damage":24,"enemies":"Slavers","floor":24,"turns":3},{"damage":3,"enemies":"Centurion and Healer","floor":28,"turns":6},{"damage":26,"enemies":"Snake Plant","floor":30,"turns":6},{"damage":8,"enemies":"3 Cultists","floor":31,"turns":3},{"damage":68,"enemies":"Collector","floor":33,"turns":8}],"seed_played":"6261392199332113666","potions_obtained":[{"floor":2.0,"key":"Regen Potion"},{"floor":6.0,"key":"Dexterity Potion"}],"is_trial":false,"path_per_floor":["M","M","?","$","M","E","$","R","T","M","M","R","?","?","R","B",null,"M","?","M","?","$","R","E","$","T","R","M","R","M","M","R","B"],"character_chosen":"THE_SILENT","items_purchased":["Footwork","Shuriken"],"campfire_rested":7,"item_purchase_floors":[7,22],"current_hp_per_floor":[59,59,59,59,59,10,10,29,29,20,16,35,35,28,47,46,61,49,49,25,25,25,44,27,27,27,48,45,66,40,32,53,0],"gold":150,"neow_bonus":"BOSS_RELIC","is_prod":false,"is_daily":false,"chose_seed":false,"campfire_upgraded":0,"win_rate":0,"timestamp":1558469855,"path_taken":["M","?","?","$","?","E","$","R","T","M","M","R","?","?","R","BOSS","M","?","M","?","$","R","E","$","T","R","M","R","M","M","R","BOSS"],"build_version":"2019-01-23","purchased_purges":1,"victory":false,"max_hp_per_floor":[66,66,66,66,66,66,66,66,66,66,66,66,66,66,66,66,66,66,66,66,66,66,66,73,73,73,73,73,73,73,73,73,73],"card_choices":[{"not_picked":["Backflip","Sucker Punch"],"picked":"Cloak And Dagger","floor":1.0},{"not_picked":["Sucker Punch","Blade Dance"],"picked":"Flying Knee","floor":2.0},{"not_picked":["Outmaneuver","PiercingWail"],"picked":"Skewer","floor":5.0},{"not_picked":["Underhanded Strike","Calculated Gamble"],"picked":"Well Laid Plans","floor":6.0},{"not_picked":["Unload","Blade Dance"],"picked":"Dodge and Roll","floor":10.0},{"not_picked":["Terror","Backflip"],"picked":"Dodge and Roll","floor":11.0},{"not_picked":["Malaise","Phantasmal Killer"],"picked":"Corpse Explosion","floor":16.0},{"not_picked":["Skewer","Prepared"],"picked":"Blur","floor":18},{"not_picked":["Noxious Fumes","Slice+1"],"picked":"Finisher+1","floor":20},{"not_picked":["Sucker Punch","Terror"],"picked":"After Image","floor":24},{"not_picked":["Dagger Throw","Calculated Gamble+1","Prepared"],"picked":"SKIP","floor":28},{"not_picked":["Outmaneuver","Deflect"],"picked":"Leg Sweep","floor":30},{"not_picked":["Accuracy","Riddle With Holes","Bane"],"picked":"SKIP","floor":31}],"player_experience":1372402,"relics_obtained":[{"floor":6.0,"key":"Orichalcum"},{"floor":9.0,"key":"Bottled Flame"},{"floor":24,"key":"Strawberry"},{"floor":26,"key":"Tiny Chest"}],"event_choices":[{"cards_removed":["Strike_G"],"damage_healed":0.0,"max_hp_gain":0.0,"max_hp_loss":0.0,"gold_gain":0.0,"event_name":"Purifier","player_choice":"Purged","floor":3.0,"gold_loss":0.0,"damage_taken":0.0},{"damage_healed":0.0,"max_hp_gain":0.0,"max_hp_loss":0.0,"gold_gain":0.0,"event_name":"Liars Game","player_choice":"Ignored","floor":13.0,"gold_loss":0.0,"damage_taken":0.0},{"cards_removed":["Strike_G"],"damage_healed":0.0,"max_hp_gain":0.0,"max_hp_loss":0.0,"gold_gain":0.0,"event_name":"Golden Wing","player_choice":"Card Removal","floor":14.0,"gold_loss":0.0,"damage_taken":7.0},{"damage_healed":0,"gold_gain":0,"player_choice":"Obtain J.A.X.","damage_taken":0,"max_hp_gain":0,"max_hp_loss":0,"event_name":"Drug Dealer","floor":19,"gold_loss":0,"cards_obtained":["J.A.X."]},{"damage_healed":0,"gold_gain":50,"player_choice":"Stole From Cult","damage_taken":0,"max_hp_gain":0,"max_hp_loss":0,"event_name":"Nest","floor":21,"gold_loss":0}],"is_beta":false,"boss_relics":[{"not_picked":["Lizard Tail","Orrery"],"picked":"Sozu"}],"items_purged_floors":[4],"is_endless":false,"potions_floor_spawned":[2,6,11,16,20,24,30,31],"killed_by":"Collector","ascension_level":20}