{"gold_per_floor":[112,187,187,199,55,75,75,75,75,75,75,75,75,85,85,180,180,200,200,220,220,147,147,157,174,174,189,189,202,235,81,81,179,229,247,347,347,146,161,161,192,192,245,245,257,273,273,291,291,291],"floor_reached":51,"playtime":2315,"items_purged":[],"score":785,"play_id":"cc25fdc4-ef75-480c-a469-6a9748ede3a6","local_time":"20190523232702","is_ascension_mode":false,"campfire_choices":[{"data":"Bash","floor":7.0,"key":"SMITH"},{"data":"Disarm","floor":11.0,"key":"SMITH"},{"data":"Strike_R","floor":13.0,"key":"SMITH"},{"data":"Corruption","floor":15.0,"key":"SMITH"},{"data":"Shockwave","floor":23.0,"key":"SMITH"},{"data":"Barricade","floor":28.0,"key":"SMITH"},{"data":"Dark Embrace","floor":32.0,"key":"SMITH"},{"data":"Juggernaut","floor":40.0,"key":"SMITH"},{"floor":42.0,"key":"REST"},{"data":"Feel No Pain","floor":47,"key":"SMITH"},{"data":"Spot Weakness","floor":49,"key":"SMITH"}],"neow_cost":"NONE","seed_source_timestamp":641340632415369,"circlet_count":0,"master_deck":["Strike_R+1","Strike_R+1","Defend_R+1","Defend_R","Bash+1","Disarm+1","Corruption+1","Barricade+1","Feel No Pain+1","Flame Barrier","Heavy Blade+1","Shockwave+1","Body Slam+1","Dark Embrace+1","Disarm+1","Juggernaut+1","Spot Weakness+1","Shockwave+1","Dropkick","Shrug It Off+1"],"special_seed":0,"relics":["Burning Blood","Oddly Smooth Stone","Dead Branch","Empty Cage","Mummified Hand","Regal Pillow","Strawberry","Tiny House","Bird Faced Urn","Medical Kit","Orichalcum","Bronze Scales"],"potions_floor_usage":[50,50],"damage_taken":[{"damage":7.0,"enemies":"2 Louse","floor":1.0,"turns":4.0},{"damage":0.0,"enemies":"Small Slimes","floor":4.0,"turns":4.0},{"damage":0.0,"enemies":"Jaw Worm","floor":6.0,"turns":4.0},{"damage":0.0,"enemies":"Blue Slaver","floor":14.0,"turns":4.0},{"damage":14.0,"enemies":"Slime Boss","floor":16.0,"turns":6.0},{"damage":7.0,"enemies":"Shell Parasite","floor":18.0,"turns":6.0},{"damage":25.0,"enemies":"2 Thieves","floor":20.0,"turns":4.0},{"damage":0.0,"enemies":"Snecko","floor":24.0,"turns":3.0},{"damage":0.0,"enemies":"Centurion and Healer","floor":25.0,"turns":3.0},{"damage":0.0,"enemies":"Cultist and Chosen","floor":27.0,"turns":3.0},{"damage":0.0,"enemies":"Snecko","floor":29.0,"turns":3.0},{"damage":5.0,"enemies":"Book of Stabbing","floor":30.0,"turns":5.0},{"damage":22.0,"enemies":"Automaton","floor":33.0,"turns":7.0},{"damage":0.0,"enemies":"3 Darklings","floor":35.0,"turns":4.0},{"damage":6.0,"enemies":"Mind Bloom Boss Battle","floor":36.0,"turns":3.0},{"damage":29.0,"enemies":"3 Shapes","floor":39.0,"turns":4.0},{"damage":57.0,"enemies":"Reptomancer","floor":41.0,"turns":4.0},{"damage":19.0,"enemies":"Jaw Worm Horde","floor":45.0,"turns":4.0},{"damage":1,"enemies":"Maw","floor":46,"turns":2},{"damage":1,"enemies":"Transient","floor":48,"turns":3},{"damage":25,"enemies":"Awakened One","floor":50,"turns":8}],"seed_played":"-3955450644964355378","potions_obtained":[{"floor":4.0,"key":"Energy Potion"},{"floor":6.0,"key":"Dexterity Potion"},{"floor":16.0,"key":"Fruit Juice"},{"floor":20.0,"key":"EntropicBrew"},{"floor":29.0,"key":"Swift Potion"},{"floor":30.0,"key":"Fruit Juice"},{"floor":34.0,"key":"SkillPotion"},{"floor":45.0,"key":"Ancient Potion"}],"is_trial":false,"path_per_floor":["M","?","?","M","$","M","R","$","T","?","R","?","R","M","R","B",null,"M","$","M","?","$","R","M","M","T","M","R","M","E","$","R","B",null,"M","?","?","$","M","R","E","R","T","?","M","M","R","M","R","B",null],"character_chosen":"IRONCLAD","items_purchased":["Oddly Smooth Stone","Shockwave","Strawberry","Medical Kit"],"campfire_rested":1,"item_purchase_floors":[5,22,31,38],"current_hp_per_floor":[87,76,58,64,64,70,70,70,70,63,63,63,63,69,69,66,93,92,92,73,73,73,73,79,85,85,91,91,93,98,105,105,89,110,110,110,110,110,93,93,52,100,100,100,93,110,110,110,110,109],"gold":291,"neow_bonus":"TEN_PERCENT_HP_BONUS","is_prod":false,"is_daily":false,"chose_seed":false,"campfire_upgraded":10,"win_rate":0,"timestamp":1558625222,"path_taken":["M","?","?","M","?","M","R","?","T","?","R","?","R","M","R","BOSS","M","$","M","?","$","R","M","M","T","?","R","M","E","$","R","BOSS","M","?","?","$","?","R","E","R","T","?","M","?","R","M","R","BOSS"],"build_version":"2019-01-23","purchased_purges":0,"victory":true,"max_hp_per_floor":[88,88,88,88,88,88,88,88,88,88,88,88,88,88,88,93,93,93,93,93,93,93,93,93,93,93,93,93,93,98,105,105,105,110,110,110,110,110,110,110,110,110,110,110,110,110,110,110,110,110],"card_choices":[{"not_picked":["Heavy Blade","Dropkick","Twin Strike"],"picked":"SKIP","floor":1.0},{"not_picked":["Body Slam","Clash","Anger"],"picked":"SKIP","floor":4.0},{"not_picked":["Perfected Strike","Pommel Strike"],"picked":"Disarm","floor":6.0},{"not_picked":["Pommel Strike","Iron Wave"],"picked":"Corruption","floor":14.0},{"not_picked":["Juggernaut","Exhume"],"picked":"Barricade","floor":16.0},{"not_picked":["Twin Strike","Corruption+1"],"picked":"Feel No Pain","floor":18.0},{"not_picked":["Perfected Strike","Armaments"],"picked":"Flame Barrier","floor":20.0},{"not_picked":["Wild Strike","Thunderclap"],"picked":"Body Slam+1","floor":24.0},{"not_picked":["Cleave+1","Whirlwind"],"picked":"Dark Embrace","floor":25.0},{"not_picked":["Anger","Rage+1","Rampage"],"picked":"SKIP","floor":27.0},{"not_picked":["Heavy Blade+1","Armaments+1"],"picked":"Disarm+1","floor":29.0},{"not_picked":["Iron Wave","Exhume"],"picked":"Limit Break","floor":30.0},{"not_picked":["Dark Embrace","Exhume"],"picked":"Juggernaut","floor":33.0},{"not_picked":["Cleave+1","Pommel Strike","Heavy Blade+1"],"picked":"SKIP","floor":35.0},{"not_picked":["Body Slam","Twin Strike+1"],"picked":"Spot Weakness","floor":36.0},{"not_picked":["Thunderclap","Wild Strike+1"],"picked":"Shockwave+1","floor":39.0},{"not_picked":["Armaments+1","Dark Embrace","Dual Wield+1"],"picked":"SKIP","floor":41.0},{"not_picked":["Clothesline+1","Corruption"],"picked":"Dropkick","floor":45.0},{"not_picked":["Evolve","Sword Boomerang+1","Twin Strike+1"],"picked":"SKIP","floor":46},{"not_picked":["Twin Strike","Body Slam+1"],"picked":"Shrug It Off+1","floor":48}],"player_experience":585673,"relics_obtained":[{"floor":9.0,"key":"Dead Branch"},{"floor":26.0,"key":"Mummified Hand"},{"floor":30.0,"key":"Regal Pillow"},{"floor":36.0,"key":"Bird Faced Urn"},{"floor":41.0,"key":"Orichalcum"},{"floor":43.0,"key":"Bronze Scales"}],"event_choices":[{"damage_healed":0.0,"max_hp_gain":0.0,"max_hp_loss":0.0,"gold_gain":75.0,"event_name":"World of Goop","player_choice":"Gather Gold","floor":2.0,"gold_loss":0.0,"damage_taken":11.0},{"damage_healed":0.0,"max_hp_gain":0.0,"max_hp_loss":0.0,"gold_gain":0.0,"event_name":"Shining Light","player_choice":"Entered Light","floor":3.0,"gold_loss":0.0,"damage_taken":18.0,"cards_upgraded":["Defend_R","Strike_R"]},{"cards_removed":["Strike_R"],"damage_healed":0.0,"max_hp_gain":0.0,"max_hp_loss":0.0,"gold_gain":0.0,"event_name":"Golden Wing","player_choice":"Card Removal","floor":10.0,"gold_loss":0.0,"damage_taken":7.0},{"damage_healed":0.0,"max_hp_gain":0.0,"max_hp_loss":0.0,"gold_gain":0.0,"event_name":"Liars Game","player_choice":"Ignored","floor":12.0,"gold_loss":0.0,"damage_taken":0.0},{"damage_healed":0.0,"max_hp_gain":0.0,"max_hp_loss":0.0,"gold_gain":0.0,"cards_transformed":["Strike_R"],"event_name":"Transmorgrifier","player_choice":"Transformed","floor":21.0,"gold_loss":0.0,"damage_taken":0.0,"cards_obtained":["Heavy Blade"]},{"damage_healed":0.0,"max_hp_gain":0.0,"max_hp_loss":0.0,"gold_gain":0.0,"event_name":"MindBloom","player_choice":"Fight","floor":36.0,"gold_loss":0.0,"damage_taken":0.0},{"cards_removed":["Limit Break"],"damage_healed":0.0,"max_hp_gain":0.0,"max_hp_loss":0.0,"gold_gain":0.0,"event_name":"Falling","player_choice":"Removed Skill","floor":37.0,"gold_loss":0.0,"damage_taken":0.0},{"cards_removed":["Defend_R"],"damage_healed":0.0,"max_hp_gain":0.0,"max_hp_loss":0.0,"gold_gain":0.0,"event_name":"Purifier","player_choice":"Purged","floor":44.0,"gold_loss":0.0,"damage_taken":0.0}],"is_beta":false,"boss_relics":[{"not_picked":["Black Star","Eternal Feather"],"picked":"Empty Cage"},{"not_picked":["Calling Bell","Sozu"],"picked":"Tiny House"}],"items_purged_floors":[],"is_endless":false,"potions_floor_spawned":[4,6,16,20,29,30,41,45,46],"ascension_level":0}