{"gold_per_floor":[114,127,127,48,123,123,157,157,184,58,73,105,122,134,134,206,206,216,250,267,12,30,30,62,75,128,128,157,157,157,6,6,80,80,95,95,108,127,349,376,376,405,485,485,497,597,607,624,624,624],"floor_reached":50,"playtime":3449,"items_purged":["Defend_G","Strike_G"],"score":1081,"play_id":"50c55cda-6a5e-43f4-b5b3-3bd66b14c1e4","local_time":"20190420121628","is_ascension_mode":true,"campfire_choices":[{"data":"Footwork","floor":6.0,"key":"SMITH"},{"data":"Cloak And Dagger","floor":15.0,"key":"SMITH"},{"data":"Blade Dance","floor":23.0,"key":"SMITH"},{"data":"Adrenaline","floor":27.0,"key":"SMITH"},{"data":"Blade Dance","floor":30.0,"key":"SMITH"},{"floor":32.0,"key":"REST"},{"data":"A Thousand Cuts","floor":41,"key":"SMITH"},{"floor":49,"key":"REST"}],"neow_cost":"NONE","seed_source_timestamp":915162302653961,"circlet_count":0,"master_deck":["AscendersBane","Defend_G","Defend_G+1","Defend_G","Defend_G","Strike_G","Strike_G","Strike_G","Strike_G","Survivor","Neutralize+1","Infinite Blades","Cloak And Dagger+1","Footwork+1","Cloak And Dagger+1","Dagger Spray","Flying Knee","Skewer","Blade Dance+1","Blade Dance+1","Adrenaline+1","Sucker Punch+1","Infinite Blades","A Thousand Cuts+1","Escape Plan","Cloak And Dagger","Escape Plan","Leg Sweep"],"special_seed":0,"relics":["Ring of the Snake","NeowsBlessing","Ornamental Fan","Omamori","Strawberry","WristBlade","Red Mask","Kunai","Potion Belt","Happy Flower","Pen Nib","Orrery","Anchor","Bottled Tornado","Pear","Tough Bandages"],"potions_floor_usage":[40,45,47,50],"damage_taken":[{"damage":0.0,"enemies":"Jaw Worm","floor":1.0,"turns":1.0},{"damage":0.0,"enemies":"2 Louse","floor":2.0,"turns":2.0},{"damage":0.0,"enemies":"3 Sentries","floor":7.0,"turns":2.0},{"damage":0.0,"enemies":"Cultist","floor":11.0,"turns":4.0},{"damage":6.0,"enemies":"Lagavulin","floor":12.0,"turns":9.0},{"damage":0.0,"enemies":"3 Louse","floor":13.0,"turns":3.0},{"damage":0.0,"enemies":"2 Fungi Beasts","floor":14.0,"turns":4.0},{"damage":1.0,"enemies":"The Guardian","floor":16.0,"turns":11.0},{"damage":0.0,"enemies":"3 Byrds","floor":18.0,"turns":5.0},{"damage":33.0,"enemies":"Masked Bandits","floor":19.0,"turns":5.0},{"damage":0.0,"enemies":"Chosen","floor":20.0,"turns":4.0},{"damage":13.0,"enemies":"Snake Plant","floor":22.0,"turns":6.0},{"damage":1.0,"enemies":"Slavers","floor":24.0,"turns":5.0},{"damage":6.0,"enemies":"Centurion and Healer","floor":25.0,"turns":5.0},{"damage":11.0,"enemies":"Gremlin Leader","floor":28.0,"turns":8.0},{"damage":0.0,"enemies":"Automaton","floor":33.0,"turns":8.0},{"damage":11.0,"enemies":"3 Shapes","floor":35.0,"turns":7.0},{"damage":0.0,"enemies":"Orb Walker","floor":37.0,"turns":3.0},{"damage":0.0,"enemies":"Maw","floor":38.0,"turns":7.0},{"damage":23,"enemies":"Reptomancer","floor":40,"turns":7},{"damage":6,"enemies":"Giant Head","floor":42,"turns":8},{"damage":35,"enemies":"Spire Growth","floor":45,"turns":5},{"damage":0,"enemies":"Mind Bloom Boss Battle","floor":46,"turns":5},{"damage":0,"enemies":"Transient","floor":47,"turns":5},{"damage":0,"enemies":"Maw","floor":48,"turns":6},{"damage":42,"enemies":"Time Eater","floor":50,"turns":10}],"seed_played":"4417684172806588892","potions_obtained":[{"floor":1.0,"key":"AttackPotion"},{"floor":11.0,"key":"SneckoOil"},{"floor":13.0,"key":"LiquidBronze"},{"floor":19.0,"key":"AttackPotion"},{"floor":22.0,"key":"Regen Potion"},{"floor":28.0,"key":"SteroidPotion"},{"floor":37.0,"key":"Weak Potion"},{"floor":40,"key":"Energy Potion"},{"floor":42,"key":"SpeedPotion"},{"floor":47,"key":"Explosive Potion"}],"is_trial":false,"path_per_floor":["M","M","?","$","?","R","E","?","T","$","M","E","M","M","R","B",null,"M","?","M","$","M","R","E","M","T","R","E","$","R","$","R","B",null,"M","?","M","M","?","E","R","E","T","?","M","?","M","M","R","B"],"character_chosen":"THE_SILENT","items_purchased":["Footwork","Dagger Spray","Kunai","Strength Potion"],"campfire_rested":2,"item_purchase_floors":[4,10,21,31],"current_hp_per_floor":[63,63,49,49,38,38,38,38,38,38,38,39,39,39,39,38,67,67,34,34,34,21,21,34,28,28,28,17,17,17,17,40,40,68,57,57,57,57,57,34,34,28,38,38,3,3,3,3,29,0],"gold":624,"neow_bonus":"THREE_ENEMY_KILL","is_prod":false,"is_daily":false,"chose_seed":false,"campfire_upgraded":6,"win_rate":0,"timestamp":1555787788,"path_taken":["M","M","?","$","?","R","E","?","T","$","?","E","M","M","R","BOSS","M","?","M","$","M","R","E","M","T","R","E","$","R","$","R","BOSS","M","?","?","M","?","E","R","E","T","?","M","?","?","M","R","BOSS"],"build_version":"2019-01-23","purchased_purges":2,"victory":false,"max_hp_per_floor":[70,70,70,70,70,70,70,70,70,70,70,77,77,77,77,77,77,77,77,77,77,77,77,77,77,77,77,77,77,77,77,77,77,77,77,77,77,77,77,77,77,77,87,87,87,87,87,87,87,87],"card_choices":[{"not_picked":["Concentrate","Slice"],"picked":"Infinite Blades","floor":1.0},{"not_picked":["Deflect","Blade Dance"],"picked":"Cloak And Dagger","floor":2.0},{"not_picked":["Noxious Fumes","Acrobatics"],"picked":"Cloak And Dagger","floor":7.0},{"not_picked":["Bouncing Flask","Distraction"],"picked":"Flying Knee","floor":11.0},{"not_picked":["PiercingWail","Deflect"],"picked":"Skewer","floor":12.0},{"not_picked":["Outmaneuver","Backflip"],"picked":"Blade Dance","floor":13.0},{"not_picked":["Slice","Corpse Explosion"],"picked":"Blade Dance","floor":14.0},{"not_picked":["A Thousand Cuts","Glass Knife"],"picked":"Adrenaline","floor":16.0},{"not_picked":["Cloak And Dagger","Slice"],"picked":"Sucker Punch+1","floor":18.0},{"not_picked":["All Out Attack","Escape Plan"],"picked":"Infinite Blades","floor":20.0},{"not_picked":["Prepared","Deflect","Riddle With Holes+1"],"picked":"SKIP","floor":22.0},{"not_picked":["PiercingWail","Predator","Burst"],"picked":"SKIP","floor":24.0},{"not_picked":["Outmaneuver+1","Slice","Expertise"],"picked":"SKIP","floor":25.0},{"not_picked":["Setup+1","Calculated Gamble"],"picked":"A Thousand Cuts","floor":28.0},{"not_picked":["Blade Dance","Prepared"],"picked":"Escape Plan","floor":34.0},{"not_picked":["Dagger Spray","Quick Slash"],"picked":"Cloak And Dagger","floor":34.0},{"not_picked":["Poisoned Stab","Well Laid Plans","Setup"],"picked":"SKIP","floor":35.0},{"not_picked":["Acrobatics","Outmaneuver+1","Calculated Gamble"],"picked":"SKIP","floor":37.0},{"not_picked":["Poisoned Stab","Expertise","Underhanded Strike"],"picked":"SKIP","floor":38.0},{"not_picked":["All Out Attack","Night Terror"],"picked":"Escape Plan","floor":40},{"not_picked":["Catalyst","Flying Knee","Envenom"],"picked":"SKIP","floor":42},{"not_picked":["Quick Slash","PiercingWail","Dagger Throw"],"picked":"SKIP","floor":45},{"not_picked":["Blade Dance","Quick Slash"],"picked":"Leg Sweep","floor":46},{"not_picked":["Setup","Underhanded Strike","Blade Dance+1"],"picked":"SKIP","floor":47},{"not_picked":["Concentrate","Dagger Spray","Bouncing Flask+1"],"picked":"SKIP","floor":48}],"player_experience":466329,"relics_obtained":[{"floor":7.0,"key":"Ornamental Fan"},{"floor":9.0,"key":"Omamori"},{"floor":12.0,"key":"Strawberry"},{"floor":19.0,"key":"Red Mask"},{"floor":24.0,"key":"Potion Belt"},{"floor":26.0,"key":"Happy Flower"},{"floor":28.0,"key":"Pen Nib"},{"floor":40,"key":"Anchor"},{"floor":42,"key":"Bottled Tornado"},{"floor":43,"key":"Pear"},{"floor":46,"key":"Tough Bandages"}],"event_choices":[{"damage_healed":0.0,"max_hp_gain":0.0,"max_hp_loss":0.0,"gold_gain":0.0,"event_name":"Shining Light","player_choice":"Entered Light","floor":3.0,"gold_loss":0.0,"damage_taken":14.0,"cards_upgraded":["Cloak And Dagger","Defend_G"]},{"damage_healed":0.0,"max_hp_gain":0.0,"max_hp_loss":0.0,"gold_gain":75.0,"event_name":"World of Goop","player_choice":"Gather Gold","floor":5.0,"gold_loss":0.0,"damage_taken":11.0},{"damage_healed":0.0,"max_hp_gain":0.0,"max_hp_loss":0.0,"gold_gain":0.0,"event_name":"Accursed Blacksmith","player_choice":"Forge","floor":8.0,"gold_loss":0.0,"damage_taken":0.0,"cards_upgraded":["Neutralize"]},{"damage_healed":0.0,"max_hp_gain":0.0,"max_hp_loss":0.0,"gold_gain":0.0,"event_name":"Masked Bandits","player_choice":"Fought Bandits","floor":19.0,"gold_loss":0.0,"damage_taken":0.0},{"damage_healed":0.0,"max_hp_gain":0.0,"max_hp_loss":0.0,"gold_gain":0.0,"event_name":"SecretPortal","player_choice":"Ignored","floor":36.0,"gold_loss":0.0,"damage_taken":0.0},{"damage_healed":0.0,"max_hp_gain":0.0,"max_hp_loss":0.0,"gold_gain":222.0,"event_name":"Tomb of Lord Red Mask","player_choice":"Wore Mask","floor":39.0,"gold_loss":0.0,"damage_taken":0.0},{"damage_healed":0,"gold_gain":0,"player_choice":"Ignored","damage_taken":0,"max_hp_gain":0,"max_hp_loss":0,"event_name":"The Moai Head","floor":44,"gold_loss":0},{"damage_healed":0,"gold_gain":0,"player_choice":"Fight","damage_taken":0,"max_hp_gain":0,"max_hp_loss":0,"event_name":"MindBloom","floor":46,"gold_loss":0}],"is_beta":false,"boss_relics":[{"not_picked":["Velvet Choker","Calling Bell"],"picked":"WristBlade"},{"not_picked":["Astrolabe","Lizard Tail"],"picked":"Orrery"}],"items_purged_floors":[10,31],"is_endless":false,"potions_floor_spawned":[1,11,13,19,22,28,37,40,42,47],"killed_by":"Time Eater","ascension_level":13}