{"gold_per_floor":[116,191,156,156,156,189,200,200,200,224,224,267,267,283,283,403,403,417,417,440,460,23,23,23,56,81,81,81,81,81,99,99,225,225,243,261,22,35,35,66,66,66,66,66,191,191,191,215,215,215,215,215,41,76,76],"floor_reached":55,"playtime":2933,"items_purged":["Strike_G","Writhe"],"score":749,"play_id":"05a4d55c-71ec-4f41-b0d7-f56be492de7b","local_time":"20181122231044","is_ascension_mode":false,"campfire_choices":[{"data":"Skewer","floor":11.0,"key":"SMITH"},{"floor":13.0,"key":"RECALL"},{"data":"Sucker Punch","floor":15.0,"key":"SMITH"},{"data":"Footwork","floor":23.0,"key":"SMITH"},{"data":"Accuracy","floor":28.0,"key":"SMITH"},{"data":"A Thousand Cuts","floor":32.0,"key":"SMITH"},{"data":"A Thousand Cuts","floor":41.0,"key":"SMITH"},{"data":"Adrenaline","floor":46.0,"key":"SMITH"},{"data":"Thinking Ahead","floor":49.0,"key":"SMITH"},{"data":"Die Die Die","floor":52,"key":"SMITH"}],"neow_cost":"NONE","seed_source_timestamp":0,"circlet_count":0,"master_deck":["Defend_G","Defend_G","Defend_G","Defend_G","Defend_G","Strike_G","Strike_G","Strike_G","Survivor","Neutralize","A Thousand Cuts+1","Skewer+1","All Out Attack","Cloak And Dagger","All Out Attack","Sucker Punch+1","Adrenaline+1","Cloak And Dagger","Footwork+1","Accuracy+1","Heel Hook","A Thousand Cuts+1","Blade Dance+1","Adrenaline+1","Flash of Steel","Die Die Die+1","Cloak And Dagger","Writhe","Prepared","Thinking Ahead+1","Blade Dance+1","Infinite Blades","Cloak And Dagger"],"special_seed":0,"relics":["Ring of the Serpent","Pantograph","Golden Idol","Happy Flower","Dead Branch","Lantern","Vajra","Shuriken","Philosopher\u0027s Stone","Strawberry","Snake Skull","Pocketwatch","WingedGreaves","Ice Cream"],"potions_floor_usage":[50,55,55,55],"damage_taken":[{"damage":2.0,"enemies":"Small Slimes","floor":1.0,"turns":5.0},{"damage":33.0,"enemies":"Lagavulin","floor":6.0,"turns":9.0},{"damage":0.0,"enemies":"2 Louse","floor":7.0,"turns":2.0},{"damage":5.0,"enemies":"Jaw Worm","floor":10.0,"turns":4.0},{"damage":5.0,"enemies":"Gremlin Nob","floor":12.0,"turns":4.0},{"damage":4.0,"enemies":"2 Fungi Beasts","floor":14.0,"turns":3.0},{"damage":1.0,"enemies":"Slime Boss","floor":16.0,"turns":7.0},{"damage":9.0,"enemies":"3 Byrds","floor":18.0,"turns":3.0},{"damage":2.0,"enemies":"Chosen","floor":20.0,"turns":4.0},{"damage":29.0,"enemies":"Snake Plant","floor":21.0,"turns":8.0},{"damage":4.0,"enemies":"Book of Stabbing","floor":25.0,"turns":10.0},{"damage":0.0,"enemies":"Cultist and Chosen","floor":31.0,"turns":5.0},{"damage":18.0,"enemies":"Automaton","floor":33.0,"turns":8.0},{"damage":11.0,"enemies":"Orb Walker","floor":35.0,"turns":2.0},{"damage":0.0,"enemies":"3 Shapes","floor":36.0,"turns":3.0},{"damage":0.0,"enemies":"Jaw Worm Horde","floor":38.0,"turns":2.0},{"damage":15.0,"enemies":"Nemesis","floor":40.0,"turns":5.0},{"damage":9.0,"enemies":"Mind Bloom Boss Battle","floor":45.0,"turns":6.0},{"damage":30.0,"enemies":"Writhing Mass","floor":48.0,"turns":4.0},{"damage":28,"enemies":"Donu and Deca","floor":50,"turns":6},{"damage":37,"enemies":"Shield and Spear","floor":54,"turns":4},{"damage":76,"enemies":"The Heart","floor":55,"turns":3}],"seed_played":"-4055613877743708811","potions_obtained":[{"floor":6.0,"key":"Fire Potion"},{"floor":12.0,"key":"Block Potion"},{"floor":16.0,"key":"SteroidPotion"},{"floor":21.0,"key":"Poison Potion"},{"floor":31.0,"key":"Dexterity Potion"},{"floor":33.0,"key":"EssenceOfSteel"},{"floor":38.0,"key":"SpeedPotion"},{"floor":40.0,"key":"Fire Potion"},{"floor":45.0,"key":"PowerPotion"},{"floor":54,"key":"Block Potion"}],"is_trial":false,"path_per_floor":["M","?","?","?","?","E","M","?","T","M","R","E","R","M","R","B",null,"M","?","M","M","$","R","?","E","T","?","R","?","$","M","R","B",null,"M","M","$","M","?","E","R","$","T","?","?","R","T","M","R","B",null,"R","$","E","B"],"character_chosen":"THE_SILENT","items_purchased":["Dead Branch","Accuracy","Flash of Steel","Die Die Die","Infinite Blades"],"campfire_rested":0,"item_purchase_floors":[22,22,37,37,53],"current_hp_per_floor":[68,57,70,70,70,37,37,37,37,32,32,27,27,23,23,47,65,56,56,54,25,25,25,25,21,21,21,21,21,21,21,21,28,65,54,54,54,54,65,57,57,57,57,57,63,63,63,33,33,30,72,72,72,35,0],"gold":76,"neow_bonus":"ONE_RANDOM_RARE_CARD","is_prod":false,"is_daily":false,"chose_seed":false,"campfire_upgraded":9,"win_rate":0,"timestamp":1542957044,"path_taken":["M","?","?","?","?","E","?","?","T","M","R","E","R","M","R","BOSS","M","?","?","M","$","R","?","E","T","?","R","?","$","M","R","BOSS","M","M","$","M","?","E","R","$","T","?","?","R","?","?","R","BOSS","R","$","E","BOSS"],"build_version":"2018-11-15","purchased_purges":2,"victory":false,"max_hp_per_floor":[70,70,70,70,70,70,70,65,65,65,65,65,65,65,65,65,65,65,65,65,65,65,65,65,65,65,65,65,65,65,65,65,65,65,65,65,65,65,65,72,72,72,72,72,72,72,72,72,72,72,72,72,72,72,72],"card_choices":[{"not_picked":["Dodge and Roll","Underhanded Strike"],"picked":"Skewer","floor":1.0},{"not_picked":["Heel Hook","Leg Sweep"],"picked":"All Out Attack","floor":6.0},{"not_picked":["Distraction","Dagger Throw"],"picked":"Cloak And Dagger","floor":7.0},{"not_picked":["Finisher","Dagger Throw"],"picked":"All Out Attack","floor":10.0},{"not_picked":["Dodge and Roll","Crippling Poison","Outmaneuver"],"picked":"SKIP","floor":12.0},{"not_picked":["Reflex","Blade Dance"],"picked":"Sucker Punch","floor":14.0},{"not_picked":["Night Terror","Tools of the Trade"],"picked":"Adrenaline","floor":16.0},{"not_picked":["Dodge and Roll","Flying Knee","Concentrate"],"picked":"SKIP","floor":18.0},{"not_picked":["Outmaneuver","PiercingWail"],"picked":"Cloak And Dagger","floor":20.0},{"not_picked":["Escape Plan","Poisoned Stab"],"picked":"Footwork","floor":21.0},{"not_picked":["Dagger Throw","Underhanded Strike"],"picked":"A Thousand Cuts","floor":25.0},{"not_picked":["Skewer","Flying Knee"],"picked":"Blade Dance+1","floor":31.0},{"not_picked":["Venomology","Malaise"],"picked":"Adrenaline","floor":33.0},{"not_picked":["Deadly Poison","Prepared","Outmaneuver+1"],"picked":"SKIP","floor":35.0},{"not_picked":["Crippling Poison","Leg Sweep+1","Calculated Gamble"],"picked":"SKIP","floor":36.0},{"not_picked":["Deflect+1","Reflex"],"picked":"Cloak And Dagger","floor":38.0},{"not_picked":["Acrobatics","Glass Knife"],"picked":"Prepared","floor":40.0},{"not_picked":["Deep Breath","Swift Strike"],"picked":"Thinking Ahead","floor":44.0},{"not_picked":["Outmaneuver+1","Dagger Throw"],"picked":"Blade Dance+1","floor":45.0},{"not_picked":["Cloak And Dagger","Distraction+1","Poisoned Stab+1"],"picked":"SKIP","floor":48.0},{"not_picked":["Dagger Spray+1","PiercingWail"],"picked":"Cloak And Dagger","floor":54}],"player_experience":367517,"relics_obtained":[{"floor":6.0,"key":"Pantograph"},{"floor":12.0,"key":"Happy Flower"},{"floor":25.0,"key":"Lantern"},{"floor":26.0,"key":"Vajra"},{"floor":40.0,"key":"Strawberry"},{"floor":43.0,"key":"Snake Skull"},{"floor":45.0,"key":"Pocketwatch"},{"floor":47.0,"key":"WingedGreaves"},{"floor":54,"key":"Ice Cream"}],"event_choices":[{"damage_healed":0.0,"max_hp_gain":0.0,"max_hp_loss":0.0,"gold_gain":75.0,"event_name":"World of Goop","player_choice":"Gather Gold","floor":2.0,"gold_loss":0.0,"damage_taken":11.0},{"damage_healed":17.0,"max_hp_gain":0.0,"max_hp_loss":0.0,"gold_gain":0.0,"event_name":"The Cleric","player_choice":"Healed","floor":3.0,"gold_loss":35.0,"damage_taken":0.0},{"damage_healed":0.0,"max_hp_gain":0.0,"max_hp_loss":0.0,"gold_gain":0.0,"event_name":"Golden Wing","player_choice":"Ignored","floor":4.0,"gold_loss":0.0,"damage_taken":0.0},{"cards_removed":["Strike_G"],"damage_healed":0.0,"max_hp_gain":0.0,"max_hp_loss":0.0,"gold_gain":0.0,"event_name":"Purifier","player_choice":"Purged","floor":5.0,"gold_loss":0.0,"damage_taken":0.0},{"damage_healed":0.0,"max_hp_gain":0.0,"max_hp_loss":5.0,"gold_gain":0.0,"event_name":"Golden Idol","player_choice":"Lose Max HP","floor":8.0,"gold_loss":0.0,"damage_taken":0.0,"relics_obtained":["Golden Idol"]},{"damage_healed":0.0,"max_hp_gain":0.0,"max_hp_loss":0.0,"gold_gain":0.0,"event_name":"Accursed Blacksmith","player_choice":"Forge","floor":19.0,"gold_loss":0.0,"damage_taken":0.0,"cards_upgraded":["Adrenaline"]},{"damage_healed":0.0,"max_hp_gain":0.0,"max_hp_loss":0.0,"gold_gain":0.0,"event_name":"The Library","player_choice":"Read","floor":24.0,"gold_loss":0.0,"damage_taken":0.0,"cards_obtained":["Heel Hook"]},{"damage_healed":0.0,"max_hp_gain":0.0,"max_hp_loss":0.0,"gold_gain":0.0,"event_name":"Beggar","player_choice":"Ignored","floor":27.0,"gold_loss":0.0,"damage_taken":0.0},{"damage_healed":0.0,"max_hp_gain":0.0,"max_hp_loss":0.0,"gold_gain":0.0,"event_name":"The Mausoleum","player_choice":"Opened","floor":29.0,"gold_loss":0.0,"damage_taken":0.0,"relics_obtained":["Shuriken"],"cards_obtained":["Writhe"]},{"damage_healed":16.0,"max_hp_gain":0.0,"max_hp_loss":0.0,"gold_gain":0.0,"event_name":"Winding Halls","player_choice":"Writhe","floor":39.0,"gold_loss":0.0,"damage_taken":0.0,"cards_obtained":["Writhe"]},{"damage_healed":0.0,"max_hp_gain":0.0,"max_hp_loss":0.0,"gold_gain":0.0,"event_name":"SensoryStone","player_choice":"Memory 1","floor":44.0,"gold_loss":0.0,"damage_taken":0.0},{"damage_healed":0.0,"max_hp_gain":0.0,"max_hp_loss":0.0,"gold_gain":0.0,"event_name":"MindBloom","player_choice":"Fight","floor":45.0,"gold_loss":0.0,"damage_taken":0.0}],"is_beta":false,"boss_relics":[{"not_picked":["Eternal Feather","Astrolabe"],"picked":"Ring of the Serpent"},{"not_picked":["Runic Dome","HoveringKite"],"picked":"Philosopher\u0027s Stone"}],"items_purged_floors":[22,53],"is_endless":false,"potions_floor_spawned":[6,12,16,21,31,33,38,40,45,54],"killed_by":"The Heart","ascension_level":0}