{"gold_per_floor":[111,122,138,213,213,247,247],"floor_reached":7,"playtime":322,"items_purged":[],"score":74,"play_id":"0dacfed7-c699-42a4-88a2-8f6f8b21a990","local_time":"20190310153921","is_ascension_mode":true,"campfire_choices":[],"neow_cost":"NONE","seed_source_timestamp":241566965308769,"circlet_count":0,"master_deck":["Defend_G","Defend_G","Defend_G","Defend_G","Defend_G","Strike_G","Strike_G","Strike_G","Strike_G","Survivor","Neutralize","Cloak And Dagger","Dagger Spray","Riddle With Holes","Blur"],"relics":["Ring of the Snake","Centennial Puzzle","Happy Flower"],"potions_floor_usage":[],"damage_taken":[{"damage":1,"enemies":"Cultist","floor":1,"turns":5},{"damage":1,"enemies":"Jaw Worm","floor":2,"turns":4},{"damage":4,"enemies":"2 Louse","floor":3,"turns":2},{"damage":42,"enemies":"Gremlin Nob","floor":6,"turns":6},{"damage":0,"enemies":"Lots of Slimes","floor":7,"turns":1}],"seed_played":"-1361202625214308912","potions_obtained":[{"floor":3,"key":"GhostInAJar"},{"floor":6,"key":"Ancient Potion"}],"is_trial":false,"path_per_floor":["M","M","M","?","?","E","M"],"character_chosen":"THE_SILENT","items_purchased":[],"campfire_rested":0,"item_purchase_floors":[],"current_hp_per_floor":[62,61,57,46,46,4,4],"gold":247,"neow_bonus":"RANDOM_COMMON_RELIC","is_prod":false,"is_daily":false,"chose_seed":false,"campfire_upgraded":0,"win_rate":0,"timestamp":1552257561,"path_taken":["M","?","M","?","?","E","M"],"build_version":"2019-01-23","purchased_purges":0,"victory":false,"max_hp_per_floor":[70,70,70,70,70,70,70],"card_choices":[{"not_picked":["All Out Attack","Bouncing Flask"],"picked":"Cloak And Dagger","floor":1},{"not_picked":["Finisher","Choke"],"picked":"Dagger Spray","floor":2},{"not_picked":["PiercingWail","Bane","Flechettes"],"picked":"SKIP","floor":3},{"not_picked":["Acrobatics","Underhanded Strike"],"picked":"Blur","floor":6}],"player_experience":425653,"relics_obtained":[{"floor":6,"key":"Happy Flower"}],"event_choices":[{"damage_healed":0,"gold_gain":75,"player_choice":"Gather Gold","damage_taken":11,"max_hp_gain":0,"max_hp_loss":0,"event_name":"World of Goop","floor":4,"gold_loss":0},{"damage_healed":0,"gold_gain":0,"cards_transformed":["Strike_G"],"player_choice":"Transformed","damage_taken":0,"max_hp_gain":0,"max_hp_loss":0,"event_name":"Transmorgrifier","floor":5,"gold_loss":0,"cards_obtained":["Riddle With Holes"]}],"is_beta":false,"boss_relics":[],"items_purged_floors":[],"is_endless":false,"potions_floor_spawned":[3,6],"killed_by":"Lots of Slimes","ascension_level":9}