{"gold_per_floor":[109,109,122,47,62,98,98,132,159,202,277,277,295,316,316,436,436,461,482,12,12],"floor_reached":21,"playtime":2418,"items_purged":["Shame","Strike_B"],"score":249,"play_id":"6f2e7a39-ba9e-425c-b9e3-5fb447a9a814","local_time":"20181226161245","is_ascension_mode":true,"campfire_choices":[{"floor":12,"key":"REST"},{"data":"Zap","floor":15,"key":"SMITH"}],"neow_cost":"CURSE","seed_source_timestamp":256042060119,"circlet_count":0,"master_deck":["Strike_B","Strike_B","Strike_B","Defend_B","Defend_B","Defend_B","Defend_B","Zap+1","Dualcast","Seek","Compile Driver","Cold Snap","Conserve Battery","BootSequence","Parasite","Conserve Battery","Buffer","Ball Lightning","Chill","Echo Form","White Noise","Loop","Go for the Eyes","Skim","Hologram","BootSequence","Cold Snap+1","Coolheaded","Panache"],"relics":["Cracked Core","Golden Idol","Blood Vial","Oddly Smooth Stone","Centennial Puzzle","The Courier","Orrery","Toy Ornithopter"],"potions_floor_usage":[8,16,16,21,21],"damage_taken":[{"damage":0,"enemies":"Jaw Worm","floor":1,"turns":3},{"damage":5,"enemies":"Small Slimes","floor":3,"turns":4},{"damage":6,"enemies":"2 Louse","floor":5,"turns":3},{"damage":12,"enemies":"Gremlin Nob","floor":6,"turns":4},{"damage":20,"enemies":"Lagavulin","floor":8,"turns":6},{"damage":8,"enemies":"3 Sentries","floor":10,"turns":8},{"damage":1,"enemies":"Looter","floor":13,"turns":3},{"damage":1,"enemies":"Red Slaver","floor":14,"turns":2},{"damage":10,"enemies":"The Guardian","floor":16,"turns":12},{"damage":23,"enemies":"3 Byrds","floor":18,"turns":6},{"damage":35,"enemies":"Chosen","floor":19,"turns":7},{"damage":44,"enemies":"3 Cultists","floor":21,"turns":5}],"seed_played":"5628140076285161840","potions_obtained":[{"floor":3,"key":"FocusPotion"},{"floor":10,"key":"Energy Potion"},{"floor":14,"key":"Fire Potion"},{"floor":16,"key":"SkillPotion"},{"floor":18,"key":"Strength Potion"}],"is_trial":false,"path_per_floor":["M","?","M","$","M","E","?","E","T","E","?","R","M","M","R","B",null,"M","M","$","M"],"character_chosen":"DEFECT","items_purchased":["Toy Ornithopter","Coolheaded","Panache","Regen Potion"],"campfire_rested":1,"item_purchase_floors":[20,20,20,20],"current_hp_per_floor":[75,57,52,52,46,34,52,34,34,28,17,39,40,41,41,33,65,44,11,11,0],"gold":12,"neow_bonus":"THREE_RARE_CARDS","is_prod":false,"is_daily":false,"chose_seed":false,"campfire_upgraded":1,"win_rate":0,"timestamp":1545858765,"path_taken":["M","?","M","$","M","E","?","E","T","E","?","R","M","M","R","BOSS","M","M","$","M"],"build_version":"2018-12-25","purchased_purges":2,"victory":false,"max_hp_per_floor":[75,75,75,75,75,75,75,75,75,75,75,75,75,75,75,75,75,75,75,75,75],"card_choices":[{"not_picked":["Rainbow","Reboot"],"picked":"Seek","floor":0},{"not_picked":["Steam Power","Beam Cell"],"picked":"Compile Driver","floor":1},{"not_picked":["Rebound","Hello World"],"picked":"Cold Snap","floor":3},{"not_picked":["Beam Cell","Double Energy"],"picked":"Conserve Battery","floor":5},{"not_picked":["Redo","Darkness"],"picked":"BootSequence","floor":6},{"not_picked":["Chaos","Sweeping Beam"],"picked":"Conserve Battery","floor":8},{"not_picked":["Leap","Go for the Eyes"],"picked":"Buffer","floor":10},{"not_picked":["Stack","Beam Cell"],"picked":"Ball Lightning","floor":13},{"not_picked":["Undo","Ball Lightning"],"picked":"Chill","floor":14},{"not_picked":["Rainbow","Amplify"],"picked":"Echo Form","floor":16},{"not_picked":["Coolheaded","Cold Snap"],"picked":"White Noise","floor":17},{"not_picked":["Compile Driver","Streamline"],"picked":"Loop","floor":17},{"not_picked":["Redo","Ball Lightning"],"picked":"Go for the Eyes","floor":17},{"not_picked":["Leap","Hyperbeam"],"picked":"Skim","floor":17},{"not_picked":["Gash","Compile Driver"],"picked":"Hologram","floor":17},{"not_picked":["Darkness","Reprogram+1"],"picked":"BootSequence","floor":18},{"not_picked":["Go for the Eyes+1","Aggregate"],"picked":"Cold Snap+1","floor":19}],"player_experience":330680,"relics_obtained":[{"floor":6,"key":"Blood Vial"},{"floor":8,"key":"Oddly Smooth Stone"},{"floor":9,"key":"Centennial Puzzle"},{"floor":10,"key":"The Courier"}],"event_choices":[{"damage_healed":0,"gold_gain":0,"player_choice":"Take Damage","damage_taken":18,"relics_obtained":["Golden Idol"],"max_hp_gain":0,"max_hp_loss":0,"event_name":"Golden Idol","floor":2,"gold_loss":0},{"damage_healed":18,"gold_gain":0,"player_choice":"Healed and dodged fight","damage_taken":0,"max_hp_gain":0,"max_hp_loss":0,"event_name":"Mushrooms","floor":7,"gold_loss":0,"cards_obtained":["Parasite"]},{"damage_healed":0,"gold_gain":75,"player_choice":"Gather Gold","damage_taken":11,"max_hp_gain":0,"max_hp_loss":0,"event_name":"World of Goop","floor":11,"gold_loss":0}],"is_beta":true,"boss_relics":[{"not_picked":["Velvet Choker","Empty Cage"],"picked":"Orrery"}],"items_purged_floors":[4,20],"is_endless":false,"potions_floor_spawned":[3,10,14,16,18],"killed_by":"3 Cultists","ascension_level":5}