{"gold_per_floor":[115,126,58,9,19,52,52,62,62,62,91,21,51,63,63,162,162,174,89,89,99,112,112,147,147,147,68,87,100,132,150],"floor_reached":31,"playtime":1831,"items_purged":[],"score":287,"play_id":"83939e1b-eabc-4e3b-a00c-76e0a6167a81","local_time":"20181209203955","is_ascension_mode":false,"campfire_choices":[{"data":"Metallicize","floor":7.0,"key":"SMITH"},{"floor":10.0,"key":"RECALL"},{"data":"Body Slam","floor":15.0,"key":"SMITH"},{"data":"Cleave","floor":23,"key":"SMITH"},{"data":"Shrug It Off","floor":25,"key":"SMITH"}],"neow_cost":"NONE","seed_source_timestamp":0,"circlet_count":0,"master_deck":["Strike_R","Strike_R","Strike_R","Strike_R","Strike_R","Defend_R","Defend_R","Defend_R","Defend_R","Bash","Headbutt","Inflame","Shrug It Off+1","Metallicize+1","Shrug It Off+1","Cleave+1","Inflame","Body Slam+1","Offering+1","Entrench+1","Armaments+1","Impatience+1","Shrug It Off+1","Armaments+1","Rage+1","Juggernaut","Evolve"],"special_seed":0,"relics":["Burning Blood","PreservedInsect","Kunai","Toxic Egg 2","Odd Mushroom","Strawberry","Orrery","Lantern","Question Card","Bronze Scales","Centennial Puzzle"],"potions_floor_usage":[24,30],"damage_taken":[{"damage":6.0,"enemies":"Cultist","floor":1.0,"turns":3.0},{"damage":7.0,"enemies":"2 Louse","floor":2.0,"turns":4.0},{"damage":5.0,"enemies":"Small Slimes","floor":5.0,"turns":3.0},{"damage":34.0,"enemies":"Lagavulin","floor":6.0,"turns":6.0},{"damage":3.0,"enemies":"2 Fungi Beasts","floor":8.0,"turns":4.0},{"damage":22.0,"enemies":"The Mushroom Lair","floor":11.0,"turns":5.0},{"damage":8.0,"enemies":"3 Sentries","floor":13.0,"turns":6.0},{"damage":5.0,"enemies":"Lots of Slimes","floor":14.0,"turns":3.0},{"damage":20.0,"enemies":"Hexaghost","floor":16.0,"turns":9.0},{"damage":18,"enemies":"Spheric Guardian","floor":18,"turns":4},{"damage":7,"enemies":"Chosen","floor":21,"turns":5},{"damage":1,"enemies":"Snecko","floor":22,"turns":6},{"damage":31,"enemies":"Gremlin Leader","floor":24,"turns":5},{"damage":8,"enemies":"Centurion and Healer","floor":28,"turns":8},{"damage":6,"enemies":"Snake Plant","floor":29,"turns":4},{"damage":45,"enemies":"Slavers","floor":30,"turns":5},{"damage":11,"enemies":"3 Cultists","floor":31,"turns":4}],"seed_played":"-3644936848080540015","potions_obtained":[{"floor":6.0,"key":"Regen Potion"},{"floor":8.0,"key":"FearPotion"},{"floor":11.0,"key":"PowerPotion"},{"floor":14.0,"key":"Regen Potion"},{"floor":24,"key":"Regen Potion"},{"floor":28,"key":"SmokeBomb"},{"floor":30,"key":"Swift Potion"}],"is_trial":false,"path_per_floor":["M","M","$","$","M","E","R","M","T","R","?","$","E","M","R","B",null,"M","?","?","M","M","R","E","R","T","$","M","M","E","M"],"character_chosen":"IRONCLAD","items_purchased":["Inflame","Shrug It Off","Shrug It Off+1","Cleave","Rage+1"],"campfire_rested":0,"item_purchase_floors":[3,4,12,12,27],"current_hp_per_floor":[80,79,79,79,80,52,52,55,55,55,53,53,58,59,59,45,87,75,75,75,74,79,79,68,68,68,68,66,66,41,36],"gold":150,"neow_bonus":"RANDOM_COMMON_RELIC","is_prod":false,"is_daily":false,"chose_seed":false,"campfire_upgraded":4,"win_rate":0,"timestamp":1544416795,"path_taken":["M","M","?","$","M","E","R","M","T","R","?","$","E","M","R","BOSS","M","?","?","M","M","R","E","R","T","$","M","M","E","M"],"build_version":"2018-12-06","purchased_purges":0,"victory":false,"max_hp_per_floor":[80,80,80,80,80,80,80,80,80,80,80,80,87,87,87,87,87,87,87,87,87,87,87,87,87,87,87,87,87,87,87],"card_choices":[{"not_picked":["Wild Strike","Anger","Headbutt"],"picked":"SKIP","floor":1.0},{"not_picked":["Dual Wield","Sword Boomerang"],"picked":"Headbutt","floor":2.0},{"not_picked":["Second Wind","Headbutt","Wild Strike"],"picked":"SKIP","floor":5.0},{"not_picked":["Infernal Blade","Flex"],"picked":"Metallicize","floor":6.0},{"not_picked":["Twin Strike","Searing Blow","Pommel Strike"],"picked":"SKIP","floor":8.0},{"not_picked":["Dropkick","Headbutt"],"picked":"Inflame","floor":13.0},{"not_picked":["Sword Boomerang","Dropkick"],"picked":"Body Slam","floor":14.0},{"not_picked":["Reaper","Brutality"],"picked":"Offering+1","floor":16.0},{"not_picked":["Reckless Charge","Perfected Strike"],"picked":"Entrench+1","floor":17.0},{"not_picked":["Rupture","Entrench+1"],"picked":"Armaments+1","floor":17.0},{"not_picked":["Perfected Strike","Anger","Heavy Blade+1"],"picked":"SKIP","floor":18},{"not_picked":["Armaments+1","Anger"],"picked":"Shrug It Off+1","floor":21},{"not_picked":["Sword Boomerang+1","Burning Pact+1","Rupture+1"],"picked":"SKIP","floor":22},{"not_picked":["Blood for Blood+1","Bloodletting+1"],"picked":"Armaments+1","floor":24},{"not_picked":["Rampage","Infernal Blade+1","Havoc+1"],"picked":"Juggernaut","floor":28},{"not_picked":["True Grit+1","Shockwave+1","Hemokinesis","Feel No Pain"],"picked":"SKIP","floor":29},{"not_picked":["Warcry+1","Burning Pact+1","Rampage"],"picked":"Evolve","floor":30},{"not_picked":["Whirlwind","Sword Boomerang","Heavy Blade+1","Pommel Strike"],"picked":"SKIP","floor":31}],"player_experience":375846,"relics_obtained":[{"floor":6.0,"key":"Kunai"},{"floor":9.0,"key":"Toxic Egg 2"},{"floor":11.0,"key":"Odd Mushroom"},{"floor":13.0,"key":"Strawberry"},{"floor":24,"key":"Question Card"},{"floor":26,"key":"Bronze Scales"},{"floor":30,"key":"Centennial Puzzle"}],"event_choices":[{"damage_healed":0.0,"max_hp_gain":0.0,"max_hp_loss":0.0,"gold_gain":0.0,"event_name":"Mushrooms","player_choice":"Fought Mushrooms","floor":11.0,"gold_loss":0.0,"damage_taken":0.0},{"damage_healed":0,"gold_gain":0,"player_choice":"Obtained Relic","damage_taken":0,"relics_obtained":["Lantern"],"max_hp_gain":0,"max_hp_loss":0,"event_name":"Addict","floor":19,"gold_loss":85},{"damage_healed":0,"gold_gain":0,"player_choice":"1 cards matched","damage_taken":0,"max_hp_gain":0,"max_hp_loss":0,"event_name":"Match and Keep!","floor":20,"gold_loss":0,"cards_obtained":["Impatience"]}],"is_beta":false,"boss_relics":[{"not_picked":["Runic Cube","Snecko Eye"],"picked":"Orrery"}],"items_purged_floors":[],"is_endless":false,"potions_floor_spawned":[6,8,11,14,24,28,30],"killed_by":"3 Cultists","ascension_level":0}