{"gold_per_floor":[119,133,148,158,169,195,195,228,276,295,295,295,312,331,331,331],"floor_reached":16,"playtime":652,"items_purged":[],"score":232,"play_id":"c90ce4cf-d8d0-4c00-b70f-11ac4a099168","local_time":"20190124175921","is_ascension_mode":true,"campfire_choices":[{"floor":7.0,"key":"REST"},{"floor":11.0,"key":"REST"},{"floor":15.0,"key":"REST"}],"neow_cost":"NONE","seed_source_timestamp":29937832065792,"circlet_count":0,"master_deck":["AscendersBane","Defend_G","Defend_G","Defend_G","Defend_G","Defend_G","Strike_G","Strike_G","Strike_G","Strike_G","Survivor","Neutralize","All Out Attack","Backstab","Blade Dance","Acrobatics","PiercingWail","Bouncing Flask","Dodge and Roll","Endless Agony","Slice","Quick Slash","Blade Dance"],"special_seed":0,"relics":["Ring of the Snake","Question Card","PreservedInsect"],"potions_floor_usage":[16],"damage_taken":[{"damage":0.0,"enemies":"Jaw Worm","floor":1.0,"turns":5.0},{"damage":1.0,"enemies":"Cultist","floor":2.0,"turns":4.0},{"damage":0.0,"enemies":"2 Louse","floor":3.0,"turns":3.0},{"damage":0.0,"enemies":"2 Fungi Beasts","floor":4.0,"turns":2.0},{"damage":0.0,"enemies":"Lots of Slimes","floor":5.0,"turns":3.0},{"damage":43.0,"enemies":"Gremlin Nob","floor":6.0,"turns":6.0},{"damage":21.0,"enemies":"Lagavulin","floor":8.0,"turns":6.0},{"damage":0.0,"enemies":"Exordium Thugs","floor":10.0,"turns":4.0},{"damage":2.0,"enemies":"Looter","floor":13.0,"turns":4.0},{"damage":0.0,"enemies":"Gremlin Gang","floor":14.0,"turns":2.0},{"damage":50,"enemies":"Slime Boss","floor":16,"turns":7}],"seed_played":"3697080292771106797","potions_obtained":[{"floor":2.0,"key":"Explosive Potion"},{"floor":4.0,"key":"Ancient Potion"},{"floor":6.0,"key":"SpeedPotion"},{"floor":10.0,"key":"FearPotion"}],"is_trial":false,"path_per_floor":["M","M","M","M","M","E","R","E","T","M","R","?","M","M","R","B"],"character_chosen":"THE_SILENT","items_purchased":[],"campfire_rested":3,"item_purchase_floors":[],"current_hp_per_floor":[59,58,58,58,58,15,34,13,13,13,32,32,30,30,49,0],"gold":331,"neow_bonus":"THREE_CARDS","is_prod":false,"is_daily":false,"chose_seed":false,"campfire_upgraded":0,"win_rate":0,"timestamp":1548352761,"path_taken":["M","M","M","M","M","E","R","E","T","M","R","?","?","M","R","BOSS"],"build_version":"2019-01-23","purchased_purges":0,"victory":false,"max_hp_per_floor":[66,66,66,66,66,66,66,66,66,66,66,66,66,66,66,66],"card_choices":[{"not_picked":["Infinite Blades","Bouncing Flask"],"picked":"All Out Attack","floor":0.0},{"not_picked":["Masterful Stab","Backflip"],"picked":"Backstab","floor":1.0},{"not_picked":["Deflect","Dagger Spray"],"picked":"Blade Dance","floor":2.0},{"not_picked":["Bane","Sucker Punch"],"picked":"Acrobatics","floor":3.0},{"not_picked":["Dagger Spray","Distraction"],"picked":"PiercingWail","floor":4.0},{"not_picked":["Cloak And Dagger","Dagger Throw"],"picked":"Bouncing Flask","floor":5.0},{"not_picked":["Terror","Acrobatics"],"picked":"Dodge and Roll","floor":6.0},{"not_picked":["Tactician","Prepared","A Thousand Cuts"],"picked":"Endless Agony","floor":8.0},{"not_picked":["Flying Knee","Backflip","Expertise"],"picked":"Slice","floor":10.0},{"not_picked":["Slice","Flechettes","Leg Sweep"],"picked":"Quick Slash","floor":13.0},{"not_picked":["Deflect","Heel Hook","Endless Agony"],"picked":"Blade Dance","floor":14.0}],"player_experience":1167543,"relics_obtained":[{"floor":6.0,"key":"Question Card"},{"floor":8.0,"key":"PreservedInsect"}],"event_choices":[{"cards_removed":["Strike_G"],"damage_healed":0.0,"max_hp_gain":0.0,"max_hp_loss":0.0,"gold_gain":0.0,"event_name":"Purifier","player_choice":"Purged","floor":12.0,"gold_loss":0.0,"damage_taken":0.0}],"is_beta":false,"boss_relics":[],"items_purged_floors":[],"is_endless":false,"potions_floor_spawned":[2,4,6,10,13],"killed_by":"Slime Boss","ascension_level":20}