{"gold_per_floor":[111,131,131,56,67,67,97,97,97,97,117,117,143,163,163,237,237,252,100,100,113,30,30,50,70,70,89,103,130,80,80],"floor_reached":31,"playtime":1478,"items_purged":["Defend_R","Strike_R","Bite"],"score":559,"play_id":"10c8f52a-ec26-4588-84c3-baaa967de363","local_time":"20190517180301","is_ascension_mode":true,"campfire_choices":[{"data":"Bash","floor":6.0,"key":"SMITH"},{"floor":8.0,"key":"REST"},{"data":"Anger","floor":10.0,"key":"SMITH"},{"floor":15.0,"key":"REST"},{"data":"Clothesline","floor":23.0,"key":"SMITH"}],"neow_cost":"CURSE","seed_source_timestamp":87062441067300,"circlet_count":0,"master_deck":["AscendersBane","Defend_R","Defend_R","Defend_R","Bash+1","Shrug It Off","Pummel","Feed","Anger+1","Clothesline+1","Pummel","Double Tap+1","Armaments+1","Shrug It Off+1","Bite","Bite","Bite","Bite","Dropkick","Havoc+1","Impervious+1","Havoc+1","Iron Wave+1"],"special_seed":0,"relics":["Burning Blood","Ice Cream","Shuriken","Blue Candle","Toxic Egg 2","Sozu","Torii","Smiling Mask"],"potions_floor_usage":[],"damage_taken":[{"damage":13.0,"enemies":"2 Louse","floor":1.0,"turns":3.0},{"damage":12.0,"enemies":"Jaw Worm","floor":2.0,"turns":5.0},{"damage":10.0,"enemies":"Small Slimes","floor":5.0,"turns":3.0},{"damage":24.0,"enemies":"Gremlin Nob","floor":7.0,"turns":4.0},{"damage":6.0,"enemies":"Exordium Thugs","floor":11.0,"turns":4.0},{"damage":37.0,"enemies":"3 Sentries","floor":13.0,"turns":9.0},{"damage":10.0,"enemies":"Gremlin Gang","floor":14.0,"turns":4.0},{"damage":23.0,"enemies":"Hexaghost","floor":16.0,"turns":9.0},{"damage":21.0,"enemies":"Shell Parasite","floor":18.0,"turns":4.0},{"damage":0.0,"enemies":"Spheric Guardian","floor":21.0,"turns":3.0},{"damage":22,"enemies":"Snecko","floor":24,"turns":6},{"damage":27,"enemies":"Sentry and Sphere","floor":25,"turns":5},{"damage":10,"enemies":"Centurion and Healer","floor":27,"turns":4},{"damage":9,"enemies":"Snake Plant","floor":28,"turns":2},{"damage":65,"enemies":"Slavers","floor":29,"turns":8},{"damage":22,"enemies":"Shelled Parasite and Fungi","floor":31,"turns":1}],"seed_played":"3373916679749021794","potions_obtained":[{"floor":5.0,"key":"Weak Potion"},{"floor":7.0,"key":"Poison Potion"},{"floor":13.0,"key":"Fire Potion"},{"floor":14.0,"key":"PowerPotion"}],"is_trial":false,"path_per_floor":["M","M","?","$","M","R","E","R","T","R","M","?","E","M","R","B",null,"M","$","?","M","$","R","M","M","T","M","M","E","$","M"],"character_chosen":"IRONCLAD","items_purchased":["Shrug It Off+1","Dropkick"],"campfire_rested":2,"item_purchase_floors":[19,22],"current_hp_per_floor":[61,55,48,48,44,44,26,48,48,48,48,48,17,16,39,22,64,52,52,52,59,59,59,52,44,44,54,55,14,14,0],"gold":80,"neow_bonus":"ONE_RARE_RELIC","is_prod":false,"is_daily":false,"chose_seed":false,"campfire_upgraded":3,"win_rate":0,"timestamp":1558112581,"path_taken":["M","M","?","$","M","R","E","R","T","R","M","?","E","M","R","BOSS","M","$","?","M","?","R","?","M","T","M","M","E","$","M"],"build_version":"2019-01-23","purchased_purges":3,"victory":false,"max_hp_per_floor":[75,75,75,75,75,75,75,75,75,75,75,75,75,78,78,78,78,81,81,56,59,59,59,62,62,62,62,62,62,62,62],"card_choices":[{"not_picked":["Perfected Strike","Body Slam"],"picked":"Shrug It Off","floor":1.0},{"not_picked":["Ghostly Armor","Heavy Blade"],"picked":"Pummel","floor":2.0},{"not_picked":["Clash","Anger"],"picked":"Feed","floor":5.0},{"not_picked":["Thunderclap","Havoc"],"picked":"Anger","floor":7.0},{"not_picked":["Anger","Blood for Blood","Havoc"],"picked":"SKIP","floor":11.0},{"not_picked":["Headbutt","Brutality"],"picked":"Clothesline","floor":13.0},{"not_picked":["Rupture","Sword Boomerang"],"picked":"Pummel","floor":14.0},{"not_picked":["Demon Form","Offering+1"],"picked":"Double Tap+1","floor":16.0},{"not_picked":["Blood for Blood","Thunderclap"],"picked":"Armaments+1","floor":18.0},{"not_picked":["Cleave","Perfected Strike","Second Wind+1"],"picked":"SKIP","floor":21.0},{"not_picked":["Anger","Barricade"],"picked":"Havoc+1","floor":24},{"not_picked":["Iron Wave","Pommel Strike","Wild Strike"],"picked":"SKIP","floor":25},{"not_picked":["Iron Wave+1","Rampage"],"picked":"Impervious+1","floor":27},{"not_picked":["Blood for Blood+1","Wild Strike"],"picked":"Havoc+1","floor":28},{"not_picked":["Body Slam","Thunderclap"],"picked":"Iron Wave+1","floor":29}],"player_experience":1359770,"relics_obtained":[{"floor":7.0,"key":"Shuriken"},{"floor":9.0,"key":"Blue Candle"},{"floor":13.0,"key":"Toxic Egg 2"},{"floor":26,"key":"Torii"},{"floor":29,"key":"Smiling Mask"}],"event_choices":[{"cards_removed":["Decay"],"damage_healed":0.0,"max_hp_gain":0.0,"max_hp_loss":0.0,"gold_gain":0.0,"event_name":"Golden Wing","player_choice":"Card Removal","floor":3.0,"gold_loss":0.0,"damage_taken":7.0},{"cards_removed":["Strike_R"],"damage_healed":0.0,"max_hp_gain":0.0,"max_hp_loss":0.0,"gold_gain":0.0,"event_name":"Living Wall","player_choice":"Forget","floor":12.0,"gold_loss":0.0,"damage_taken":0.0},{"damage_healed":0.0,"max_hp_gain":0.0,"max_hp_loss":25.0,"gold_gain":0.0,"event_name":"Vampires","player_choice":"Became a vampire","floor":20.0,"gold_loss":0.0,"damage_taken":0.0,"cards_obtained":["Bite","Bite","Bite","Bite","Bite"]}],"is_beta":false,"boss_relics":[{"not_picked":["Snecko Eye","Ectoplasm"],"picked":"Sozu"}],"items_purged_floors":[4,19,30],"is_endless":false,"potions_floor_spawned":[5,7,13,14,21,25],"killed_by":"Shelled Parasite and Fungi","ascension_level":20}