{"path_per_floor":["M","M","M","M","M","E","?","M","T","E","$","M","E","?","R","B",null,"M","M","?","M","M","E","?","R","T","$","$","E","R","M","R","B",null,"M","M","?","M","M","E","R","E","T","?","E","R","M","?","R","B"],"character_chosen":"THE_SILENT","items_purchased":["Bird Faced Urn","Mind Blast","Energy Potion","Cloak And Dagger"],"gold_per_floor":[114,129,144,159,174,204,204,219,294,324,24,39,69,69,69,169,169,184,199,199,214,229,259,259,259,259,36,13,43,43,58,58,158,158,173,188,188,203,218,248,248,278,303,303,333,333,348,348,348,348],"floor_reached":51,"campfire_rested":2,"playtime":10382,"current_hp_per_floor":[70,70,70,70,48,19,19,28,28,28,28,28,35,35,35,41,70,65,57,57,40,38,16,16,37,37,37,37,27,48,52,52,68,70,49,54,80,65,77,74,80,71,71,71,67,80,69,69,80,53],"items_purged":["Regret"],"gold":348,"score":902,"play_id":"c46a7516-29f7-44b3-9eee-e536b4a912c0","local_time":"20180313211716","daily_mods":["Diverse","Insanity","Binary"],"is_prod":false,"is_daily":true,"is_ascension_mode":false,"campfire_upgraded":5,"timestamp":1521001036,"path_taken":["M","M","M","M","M","E","?","M","T","E","$","M","E","?","R","BOSS","M","M","?","M","?","E","?","R","T","?","$","E","R","M","R","BOSS","M","M","?","M","M","E","R","E","T","?","E","R","?","?","R","BOSS"],"build_version":"2018-03-09","purchased_purges":2,"victory":true,"master_deck":["Neutralize","Heel Hook","Slice","Backstab+1","Footwork","Tools of the Trade","Prepared","Infinite Blades+1","Catalyst","Eviscerate","Eviscerate","Finisher","Catalyst","Burst","Doppelganger","Heel Hook","Sucker Punch","Glass Knife","Expertise","All Out Attack","Eviscerate","Quick Slash","Blade Dance","Glass Knife","Dodge and Roll","Flechettes","Storm of Steel","Expertise","Blade Dance","Masterful Stab","Distraction","Dagger Spray","Reflex","Tools of the Trade","A Thousand Cuts","Eviscerate","Cloak And Dagger","Flechettes","PiercingWail","Choke","Acrobatics","Backstab+1","Phantasmal Killer","Escape Plan","Survivor","Outmaneuver","Terror","Glass Knife","Fire Breathing","Havoc","Deadly Poison","Underhanded Strike","Reflex","Blur","Bouncing Flask","Cloak And Dagger","Poisoned Stab","Deadly Poison","Escape Plan","Backstab+1","After Image+1","Infinite Blades","Backflip","Reflex","Bane","Calculated Gamble","Neutralize","Sucker Punch","Mind Blast","Cloak And Dagger","Sucker Punch","Distraction+1","Bouncing Flask+1","Phantasmal Killer","Infinite Blades","Malaise","Setup+1","Prepared","Setup+1","Caltrops","Backstab+1","Sucker Punch+1","Dagger Spray+1"],"max_hp_per_floor":[70,70,70,70,70,70,70,70,70,70,70,70,70,70,70,70,70,70,70,70,70,70,70,70,70,70,70,70,70,70,70,70,70,70,70,70,80,80,80,80,80,80,80,80,80,80,80,80,80,80],"relics":["Ring of the Snake","Vajra","Tough Bandages","Centennial Puzzle","Bird Faced Urn","Dream Catcher","Black Star","Ninja Scroll","Paper Crane","Dead Branch","Snake Skull","Oddly Smooth Stone","Eternal Feather","Ginger","Torii","Letter Opener","Shuriken","Orichalcum","Pantograph","Molten Egg 2"],"card_choices":[{"not_picked":["Bane"],"picked":"Deadly Poison"},{"not_picked":["Cloak And Dagger"],"picked":"Underhanded Strike"},{"not_picked":["Dagger Spray"],"picked":"Reflex"},{"not_picked":["Cloak And Dagger"],"picked":"Blur"},{"not_picked":["Dash"],"picked":"Bouncing Flask"},{"not_picked":["Bane"],"picked":"Cloak And Dagger"},{"not_picked":["Underhanded Strike"],"picked":"Poisoned Stab"},{"not_picked":["Heel Hook"],"picked":"Deadly Poison"},{"not_picked":["Dagger Throw"],"picked":"Escape Plan"},{"not_picked":["Poisoned Stab"],"picked":"Backstab"},{"not_picked":["Bullet Time"],"picked":"After Image"},{"not_picked":["Dodge and Roll"],"picked":"Infinite Blades"},{"not_picked":["Quick Slash"],"picked":"Backflip"},{"not_picked":["Slice"],"picked":"Reflex"},{"not_picked":["Skewer"],"picked":"Bane"},{"not_picked":["Bane"],"picked":"Calculated Gamble"},{"not_picked":["Quick Slash"],"picked":"Sucker Punch"},{"not_picked":["Dagger Spray"],"picked":"Sucker Punch"},{"not_picked":["Flying Knee"],"picked":"Distraction"},{"not_picked":["Poisoned Stab"],"picked":"Bouncing Flask"},{"not_picked":["Doppelganger"],"picked":"Phantasmal Killer"},{"not_picked":["Deadly Poison"],"picked":"Infinite Blades"},{"not_picked":["Bane"],"picked":"Malaise"},{"not_picked":["PiercingWail"],"picked":"Setup"},{"not_picked":["Outmaneuver"],"picked":"Prepared"},{"not_picked":["Backflip"],"picked":"Setup"},{"not_picked":["Bane"],"picked":"Caltrops"},{"not_picked":["Deadly Poison"],"picked":"Sucker Punch"},{"not_picked":["Expertise"],"picked":"Dagger Spray"}],"player_experience":81816,"potions_floor_usage":[5,5,8,13,16,16,21,22,23,23,29,33,50,50,50],"damage_taken":[{"damage":0,"enemies":"Jaw Worm","floor":1,"turns":1},{"damage":0,"enemies":"Cultist","floor":2,"turns":2},{"damage":0,"enemies":"2 Louse","floor":3,"turns":1},{"damage":0,"enemies":"2 Fungi Beasts","floor":4,"turns":1},{"damage":22,"enemies":"Gremlin Gang","floor":5,"turns":4},{"damage":29,"enemies":"Lagavulin","floor":6,"turns":4},{"damage":0,"enemies":"Large Slime","floor":8,"turns":3},{"damage":0,"enemies":"Gremlin Nob","floor":10,"turns":2},{"damage":0,"enemies":"Looter","floor":12,"turns":1},{"damage":3,"enemies":"3 Sentries","floor":13,"turns":4},{"damage":2,"enemies":"Hexaghost","floor":16,"turns":6},{"damage":7,"enemies":"2 Thieves","floor":18,"turns":2},{"damage":17,"enemies":"Spheric Guardian","floor":19,"turns":4},{"damage":21,"enemies":"Centurion and Healer","floor":21,"turns":4},{"damage":8,"enemies":"Chosen and Byrds","floor":22,"turns":4},{"damage":30,"enemies":"Slavers","floor":23,"turns":5},{"damage":14,"enemies":"Gremlin Leader","floor":29,"turns":4},{"damage":0,"enemies":"Snecko","floor":31,"turns":2},{"damage":0,"enemies":"Champ","floor":33,"turns":7},{"damage":25,"enemies":"3 Darklings","floor":35,"turns":4},{"damage":1,"enemies":"Orb Walker","floor":36,"turns":2},{"damage":19,"enemies":"4 Shapes","floor":38,"turns":4},{"damage":0,"enemies":"Maw","floor":39,"turns":6},{"damage":16,"enemies":"2 Orb Walkers","floor":40,"turns":5},{"damage":9,"enemies":"Giant Head","floor":42,"turns":4},{"damage":10,"enemies":"2 Orb Walkers","floor":45,"turns":3},{"damage":11,"enemies":"Sphere and 2 Shapes","floor":47,"turns":3},{"damage":37,"enemies":"Awakened One","floor":50,"turns":8}],"event_choices":[{"event_name":"The Lab","player_choice":"Got Potions","floor":7,"damage_taken":0},{"event_name":"Accursed Blacksmith","player_choice":"Forge","floor":14,"damage_taken":0},{"event_name":"The Woman in Blue","player_choice":"Bought 0 Potions","floor":20,"damage_taken":0},{"event_name":"Match and Keep!","player_choice":"2 cards matched","floor":24,"damage_taken":0},{"event_name":"Bonfire Elementals","player_choice":"RARE","floor":37,"damage_taken":0},{"event_name":"Duplicator","player_choice":"One dupe","floor":44,"damage_taken":0},{"event_name":"Purifier","player_choice":"One Purge","floor":48,"damage_taken":0}],"boss_relics":[{"not_picked":["The Specimen","Snecko Eye"],"picked":"Black Star"},{"not_picked":["Question Card","Cursed Key"],"picked":"Eternal Feather"}],"potions_floor_spawned":[2,4,6,13,16,18,19,22,31,39,40,45,47],"seed_played":"5990498444709922547","ascension_level":0,"is_trial":false}