{"gold_per_floor":[118,130,150,166,186,186,217,217,243,163,163,176,194,294,294,294],"floor_reached":16,"playtime":888,"items_purged":[],"score":104,"play_id":"7185cdf8-1657-4708-8cee-91449e0172bf","local_time":"20181108174119","is_ascension_mode":false,"campfire_choices":[{"data":"Chill","floor":6.0,"key":"SMITH"},{"floor":8.0,"key":"REST"},{"data":"Defragment","floor":15.0,"key":"SMITH"}],"neow_cost":"NONE","seed_source_timestamp":0,"circlet_count":0,"master_deck":["Strike_B","Strike_B","Strike_B","Strike_B","Defend_B","Defend_B","Defend_B","Zap","Dualcast","Chill+1","Ball Lightning","Leap","Conserve Battery","Hologram","Double Energy","Defragment+1","Streamline"],"special_seed":0,"relics":["Nuclear Battery","Calipers","Vajra"],"potions_floor_usage":[],"damage_taken":[{"damage":1.0,"enemies":"Jaw Worm","floor":1.0,"turns":4.0},{"damage":4.0,"enemies":"Cultist","floor":2.0,"turns":4.0},{"damage":0.0,"enemies":"2 Louse","floor":3.0,"turns":3.0},{"damage":3.0,"enemies":"Red Slaver","floor":4.0,"turns":4.0},{"damage":5.0,"enemies":"3 Louse","floor":5.0,"turns":4.0},{"damage":47.0,"enemies":"Gremlin Nob","floor":7.0,"turns":5.0},{"damage":0.0,"enemies":"Lots of Slimes","floor":12.0,"turns":6.0},{"damage":0.0,"enemies":"Blue Slaver","floor":13.0,"turns":3.0},{"damage":45,"enemies":"Slime Boss","floor":16,"turns":7}],"seed_played":"517283785979078595","potions_obtained":[{"floor":1.0,"key":"Explosive Potion"},{"floor":2.0,"key":"EssenceOfSteel"},{"floor":3.0,"key":"AttackPotion"},{"floor":12.0,"key":"SpeedPotion"}],"is_trial":false,"path_per_floor":["M","M","M","M","M","R","E","R","T","$","?","M","M","?","R","B"],"character_chosen":"DEFECT","items_purchased":["Defragment"],"campfire_rested":1,"item_purchase_floors":[10],"current_hp_per_floor":[74,70,70,67,62,62,15,37,37,37,37,37,37,37,37,0],"gold":294,"neow_bonus":"BOSS_RELIC","is_prod":false,"is_daily":false,"chose_seed":false,"campfire_upgraded":2,"win_rate":0.0,"timestamp":1541698879,"path_taken":["M","M","M","M","M","R","E","R","T","$","?","M","?","?","R","BOSS"],"build_version":"2018-11-07","purchased_purges":0,"victory":false,"max_hp_per_floor":[75,75,75,75,75,75,75,75,75,75,75,75,75,75,75,75],"card_choices":[{"not_picked":["Fusion","Steam"],"picked":"Chill","floor":1.0},{"not_picked":["Go for the Eyes","Barrage"],"picked":"Ball Lightning","floor":2.0},{"not_picked":["Melter","Biased Cognition"],"picked":"Leap","floor":3.0},{"not_picked":["Redo","Coolheaded"],"picked":"Conserve Battery","floor":4.0},{"not_picked":["Gash","Machine Learning"],"picked":"Hologram","floor":5.0},{"not_picked":["Conserve Battery","Doom and Gloom"],"picked":"Double Energy","floor":7.0},{"not_picked":["Chaos","Hologram"],"picked":"Streamline","floor":12.0},{"not_picked":["Leap","Consume","Loop"],"picked":"SKIP","floor":13.0}],"player_experience":161465,"relics_obtained":[{"floor":7.0,"key":"Calipers"},{"floor":9.0,"key":"Vajra"}],"event_choices":[{"cards_removed":["Defend_B"],"damage_healed":0.0,"max_hp_gain":0.0,"max_hp_loss":0.0,"gold_gain":0.0,"event_name":"Wheel of Change","player_choice":"Card Removal","floor":11.0,"gold_loss":0.0,"damage_taken":0.0},{"damage_healed":0.0,"max_hp_gain":0.0,"max_hp_loss":0.0,"gold_gain":100.0,"event_name":"Golden Shrine","player_choice":"Pray","floor":14.0,"gold_loss":0.0,"damage_taken":0.0}],"is_beta":true,"boss_relics":[],"items_purged_floors":[],"is_endless":false,"potions_floor_spawned":[1,2,3,12],"killed_by":"Slime Boss","ascension_level":0}