{"gold_per_floor":[109,159,104,122,47,47,76,88,88,88,88,120,120,139,139,217,217,236,81,97,110,160,160,172,172,251,131,165,177,177,196,196,196],"floor_reached":33,"playtime":936,"items_purged":["Strike_B"],"score":700,"play_id":"d4888ccc-4133-4d8f-990c-00c0bd02bf1e","local_time":"20190420142123","is_ascension_mode":true,"campfire_choices":[{"data":"Zap","floor":6.0,"key":"SMITH"},{"data":"Streamline","floor":10.0,"key":"SMITH"},{"data":"Conserve Battery","floor":13.0,"key":"SMITH"},{"data":"Glacier","floor":15.0,"key":"SMITH"},{"floor":23,"key":"REST"},{"data":"Defragment","floor":25,"key":"SMITH"},{"floor":30,"key":"REST"},{"floor":32,"key":"REST"}],"neow_cost":"NONE","seed_source_timestamp":871509756141000,"circlet_count":0,"master_deck":["AscendersBane","Strike_B","Strike_B","Defend_B","Defend_B","Defend_B","Defend_B","Zap+1","Dualcast","Gash","Compile Driver","Ball Lightning","Streamline+1","Ball Lightning","Conserve Battery+1","Glacier+1","Hyperbeam","Conserve Battery","Defragment+1","Tempest","Blizzard","Chill","BootSequence","Cold Snap"],"special_seed":0,"relics":["Busted Crown","FossilizedHelix","WingedGreaves","PreservedInsect","Sozu","Symbiotic Virus","Bag of Marbles"],"potions_floor_usage":[31],"damage_taken":[{"damage":2.0,"enemies":"2 Louse","floor":1.0,"turns":2.0},{"damage":2.0,"enemies":"Cultist","floor":4.0,"turns":4.0},{"damage":20.0,"enemies":"Lagavulin","floor":7.0,"turns":5.0},{"damage":0.0,"enemies":"Small Slimes","floor":8.0,"turns":2.0},{"damage":0.0,"enemies":"Gremlin Nob","floor":12.0,"turns":3.0},{"damage":0.0,"enemies":"Red Slaver","floor":14.0,"turns":2.0},{"damage":0.0,"enemies":"Slime Boss","floor":16.0,"turns":8.0},{"damage":18.0,"enemies":"2 Thieves","floor":18.0,"turns":4.0},{"damage":13.0,"enemies":"Chosen","floor":20.0,"turns":6.0},{"damage":13.0,"enemies":"3 Cultists","floor":21.0,"turns":5.0},{"damage":5,"enemies":"Snecko","floor":24,"turns":5},{"damage":5,"enemies":"Book of Stabbing","floor":28,"turns":4},{"damage":28,"enemies":"Shelled Parasite and Fungi","floor":29,"turns":4},{"damage":0,"enemies":"Centurion and Healer","floor":31,"turns":5},{"damage":58,"enemies":"Automaton","floor":33,"turns":10}],"seed_played":"2919907134519689066","potions_obtained":[{"floor":4.0,"key":"Dexterity Potion"},{"floor":7.0,"key":"Regen Potion"}],"is_trial":false,"path_per_floor":["M","?","$","M","?","R","E","M","T","R","?","E","R","M","R","B",null,"M","$","M","M","?","R","M","R","T","$","E","M","R","M","R","B"],"character_chosen":"DEFECT","items_purchased":["Compile Driver","Defragment","Blizzard","Chill"],"campfire_rested":3,"item_purchase_floors":[3,19,27,27],"current_hp_per_floor":[62,62,62,60,60,60,40,40,40,40,40,40,40,40,40,40,63,45,45,32,19,19,40,35,35,35,35,30,2,23,37,58,0],"gold":196,"neow_bonus":"BOSS_RELIC","is_prod":false,"is_daily":false,"chose_seed":false,"campfire_upgraded":5,"win_rate":0,"timestamp":1555766483,"path_taken":["M","?","?","?","?","R","E","M","T","R","?","E","R","M","R","BOSS","M","$","M","M","?","R","M","R","T","?","E","M","R","?","R","BOSS"],"build_version":"2019-01-23","purchased_purges":1,"victory":false,"max_hp_per_floor":[71,71,71,71,71,71,71,71,71,71,71,71,71,71,71,71,71,71,71,71,71,71,71,71,71,71,71,71,71,71,71,71,71],"card_choices":[{"not_picked":[],"picked":"Gash","floor":1.0},{"not_picked":[],"picked":"Ball Lightning","floor":4.0},{"not_picked":[],"picked":"Streamline","floor":7.0},{"not_picked":[],"picked":"Ball Lightning","floor":8.0},{"not_picked":[],"picked":"Conserve Battery","floor":12.0},{"not_picked":[],"picked":"Glacier","floor":14.0},{"not_picked":[],"picked":"Hyperbeam","floor":16.0},{"not_picked":[],"picked":"Conserve Battery","floor":18.0},{"not_picked":["Stack+1"],"picked":"SKIP","floor":20.0},{"not_picked":["Steam"],"picked":"SKIP","floor":21.0},{"not_picked":[],"picked":"Tempest","floor":24},{"not_picked":["Amplify"],"picked":"SKIP","floor":28},{"not_picked":[],"picked":"BootSequence","floor":29},{"not_picked":[],"picked":"Cold Snap","floor":31}],"player_experience":1303999,"relics_obtained":[{"floor":7.0,"key":"FossilizedHelix"},{"floor":9.0,"key":"WingedGreaves"},{"floor":12.0,"key":"PreservedInsect"},{"floor":26,"key":"Symbiotic Virus"},{"floor":28,"key":"Bag of Marbles"}],"event_choices":[{"damage_healed":0.0,"max_hp_gain":0.0,"max_hp_loss":0.0,"gold_gain":50.0,"event_name":"Golden Shrine","player_choice":"Pray","floor":2.0,"gold_loss":0.0,"damage_taken":0.0},{"cards_removed":["Strike_B"],"damage_healed":0.0,"max_hp_gain":0.0,"max_hp_loss":0.0,"gold_gain":0.0,"event_name":"The Cleric","player_choice":"Card Removal","floor":5.0,"gold_loss":75.0,"damage_taken":0.0},{"damage_healed":0.0,"max_hp_gain":0.0,"max_hp_loss":0.0,"gold_gain":0.0,"event_name":"FaceTrader","player_choice":"Leave","floor":11.0,"gold_loss":0.0,"damage_taken":0.0},{"damage_healed":0,"gold_gain":100,"player_choice":"Bet on Murderer","damage_taken":0,"max_hp_gain":0,"max_hp_loss":0,"event_name":"The Joust","floor":22,"gold_loss":50}],"is_beta":false,"boss_relics":[{"not_picked":["Tiny House","Orrery"],"picked":"Sozu"}],"items_purged_floors":[19],"is_endless":false,"potions_floor_spawned":[4,7,18,20,28,31],"killed_by":"Automaton","ascension_level":20}