{"gold_per_floor":[219,234,234,234,234,266,33,33,108,139,139,139,149,167,167,271,271,281,292,310,310,310,310,645,645,670,381,396,157,157,182,182,277,277,291,291,339,339,339,352,363,376,447,474,474,508,508,508,508,508,508,508,56,89,89],"floor_reached":56,"playtime":3500,"items_purged":["Strike_B+1","Strike_B+1"],"score":1349,"play_id":"3299c32e-919a-4998-9c2f-67653f013408","local_time":"20190426211816","is_ascension_mode":false,"campfire_choices":[{"data":"Echo Form","floor":8.0,"key":"SMITH"},{"floor":11.0,"key":"REST"},{"data":"Redo","floor":15.0,"key":"SMITH"},{"data":"Glacier","floor":25.0,"key":"SMITH"},{"floor":30.0,"key":"REST"},{"data":"Seek","floor":32.0,"key":"SMITH"},{"floor":45,"key":"RECALL"},{"data":"Blizzard","floor":47,"key":"SMITH"},{"data":"Biased Cognition","floor":49,"key":"SMITH"},{"data":"Coolheaded","floor":52,"key":"SMITH"}],"neow_cost":"NONE","seed_source_timestamp":0,"circlet_count":0,"master_deck":["Strike_B+1","Strike_B+1","Defend_B+1","Defend_B+1","Defend_B+1","Defend_B+1","Zap+1","Dualcast+1","Defragment","Coolheaded+1","Echo Form+1","Panacea","Cold Snap+1","Ball Lightning","Redo+1","Thunder Strike","Double Energy+1","Conserve Battery+1","Glacier+1","Seek+1","Leap","Self Repair","Ball Lightning+1","Biased Cognition+1","Chill+1","Panacea","Barrage+1","Self Repair+1","Blizzard+1"],"special_seed":0,"relics":["Cracked Core","Nunchaku","Cables","DataDisk","Tiny Chest","Ice Cream","Bird Faced Urn","Inserter","Old Coin","Vajra","PreservedInsect","FossilizedHelix","StoneCalendar","Dodecahedron","Gremlin Horn","Omamori","Whetstone","Mummified Hand","Bottled Lightning","Bronze Scales"],"potions_floor_usage":[37,50,50,55,55,55],"damage_taken":[{"damage":6.0,"enemies":"Jaw Worm","floor":1.0,"turns":3.0},{"damage":5.0,"enemies":"Small Slimes","floor":2.0,"turns":3.0},{"damage":27.0,"enemies":"Gremlin Nob","floor":6.0,"turns":5.0},{"damage":9.0,"enemies":"3 Sentries","floor":10.0,"turns":6.0},{"damage":0.0,"enemies":"2 Louse","floor":13.0,"turns":2.0},{"damage":1.0,"enemies":"Exordium Thugs","floor":14.0,"turns":4.0},{"damage":13.0,"enemies":"The Guardian","floor":16.0,"turns":9.0},{"damage":17.0,"enemies":"Shell Parasite","floor":18.0,"turns":5.0},{"damage":25.0,"enemies":"2 Thieves","floor":19.0,"turns":3.0},{"damage":10.0,"enemies":"3 Cultists","floor":20.0,"turns":5.0},{"damage":13.0,"enemies":"Book of Stabbing","floor":24.0,"turns":5.0},{"damage":2.0,"enemies":"Shelled Parasite and Fungi","floor":28.0,"turns":6.0},{"damage":39.0,"enemies":"Slavers","floor":31.0,"turns":4.0},{"damage":0.0,"enemies":"Collector","floor":33.0,"turns":8.0},{"damage":0,"enemies":"Orb Walker","floor":35,"turns":4},{"damage":22,"enemies":"2 Orb Walkers","floor":37,"turns":5},{"damage":0,"enemies":"3 Darklings","floor":40,"turns":6},{"damage":0,"enemies":"Writhing Mass","floor":41,"turns":6},{"damage":20,"enemies":"Sphere and 2 Shapes","floor":42,"turns":4},{"damage":0,"enemies":"Reptomancer","floor":44,"turns":5},{"damage":0,"enemies":"Giant Head","floor":46,"turns":6},{"damage":10,"enemies":"Donu and Deca","floor":50,"turns":7},{"damage":10,"enemies":"Shield and Spear","floor":54,"turns":5},{"damage":47,"enemies":"The Heart","floor":55,"turns":9}],"seed_played":"-5058898349990366463","potions_obtained":[{"floor":2.0,"key":"GamblersBrew"},{"floor":14.0,"key":"LiquidBronze"},{"floor":19.0,"key":"Block Potion"},{"floor":28.0,"key":"Dexterity Potion"},{"floor":31.0,"key":"Poison Potion"},{"floor":42,"key":"Poison Potion"},{"floor":44,"key":"Dexterity Potion"},{"floor":46,"key":"LiquidBronze"}],"is_trial":false,"path_per_floor":["M","M","?","?","?","E","$","R","T","E","R","T","M","M","R","B",null,"M","M","M","?","T","?","E","R","T","$","M","$","R","E","R","B",null,"M","?","?","?","T","M","M","M","T","E","R","E","R","T","R","B",null,"R","$","E","B",null],"character_chosen":"DEFECT","items_purchased":["Panacea","DataDisk","Seek","Leap","Self Repair","PreservedInsect","Ball Lightning","Bottled Lightning","Dexterity Potion","Strength Potion"],"campfire_rested":2,"item_purchase_floors":[7,7,27,27,29,29,29,53,53,53],"current_hp_per_floor":[69,64,64,49,46,19,19,19,19,10,32,32,34,35,35,26,75,62,39,33,33,33,33,24,24,24,24,26,26,48,31,31,44,75,75,75,62,62,62,71,71,61,61,71,71,71,71,71,71,71,71,71,71,71,52],"gold":89,"neow_bonus":"HUNDRED_GOLD","is_prod":false,"is_daily":false,"chose_seed":false,"campfire_upgraded":7,"win_rate":0,"timestamp":1556338696,"path_taken":["M","M","?","?","?","E","$","R","T","E","R","?","?","M","R","BOSS","M","M","?","?","?","?","E","R","T","$","M","?","R","E","R","BOSS","M","?","?","?","?","M","M","?","T","E","R","E","R","?","R","BOSS","R","$","E","BOSS"],"build_version":"2019-01-23","purchased_purges":2,"victory":true,"max_hp_per_floor":[75,75,75,75,75,75,75,75,75,75,75,75,75,75,75,75,75,75,75,75,75,75,75,75,75,75,75,75,75,75,75,75,75,75,75,75,75,71,71,71,71,71,71,71,71,71,71,71,71,71,71,71,71,71,71],"card_choices":[{"not_picked":["Conserve Battery","Ball Lightning"],"picked":"Defragment","floor":1.0},{"not_picked":["Hologram","Leap"],"picked":"Coolheaded","floor":2.0},{"not_picked":["Turbo","Force Field"],"picked":"Echo Form","floor":6.0},{"not_picked":["Streamline","Steam"],"picked":"Cold Snap","floor":10.0},{"not_picked":["Darkness","Chill"],"picked":"Ball Lightning","floor":13.0},{"not_picked":["Compile Driver","Sunder"],"picked":"Redo","floor":14.0},{"not_picked":["Electrodynamics","Amplify"],"picked":"Thunder Strike","floor":16.0},{"not_picked":["Aggregate","Steam+1","Barrage"],"picked":"SKIP","floor":18.0},{"not_picked":["Recycle","Lockon+1"],"picked":"Double Energy+1","floor":19.0},{"not_picked":["Hello World+1","FTL"],"picked":"Conserve Battery+1","floor":20.0},{"not_picked":["Recycle+1","Ball Lightning"],"picked":"Glacier","floor":24.0},{"not_picked":["Gash","Leap","Rip and Tear"],"picked":"SKIP","floor":28.0},{"not_picked":["Steam+1","Stack","Gash"],"picked":"SKIP","floor":31.0},{"not_picked":["Amplify","Creative AI"],"picked":"Biased Cognition","floor":33.0},{"not_picked":["Lockon+1","Beam Cell+1"],"picked":"Chill+1","floor":35},{"not_picked":["Dramatic Entrance","Finesse"],"picked":"Panacea","floor":36},{"not_picked":["Glacier+1","Hologram"],"picked":"Barrage+1","floor":40},{"not_picked":["Double Energy+1","Beam Cell+1"],"picked":"Self Repair+1","floor":41},{"not_picked":["Stack+1","Conserve Battery+1"],"picked":"Blizzard","floor":42},{"not_picked":["Redo+1","Cold Snap","Steam Power"],"picked":"SKIP","floor":44},{"not_picked":["Ball Lightning","Cold Snap+1","Streamline"],"picked":"SKIP","floor":46},{"not_picked":["Darkness+1","BootSequence","Fusion+1"],"picked":"SKIP","floor":54}],"player_experience":477782,"relics_obtained":[{"floor":6.0,"key":"Cables"},{"floor":9.0,"key":"Tiny Chest"},{"floor":10.0,"key":"Ice Cream"},{"floor":12.0,"key":"Bird Faced Urn"},{"floor":24.0,"key":"Old Coin"},{"floor":26.0,"key":"Vajra"},{"floor":31.0,"key":"FossilizedHelix"},{"floor":37,"key":"StoneCalendar"},{"floor":39,"key":"Dodecahedron"},{"floor":43,"key":"Gremlin Horn"},{"floor":44,"key":"Omamori"},{"floor":46,"key":"Whetstone"},{"floor":48,"key":"Mummified Hand"},{"floor":54,"key":"Bronze Scales"}],"event_choices":[{"damage_healed":0.0,"max_hp_gain":0.0,"max_hp_loss":0.0,"gold_gain":0.0,"event_name":"Living Wall","player_choice":"Grow","floor":3.0,"gold_loss":0.0,"damage_taken":0.0,"cards_upgraded":["Zap"]},{"damage_healed":0.0,"max_hp_gain":0.0,"max_hp_loss":0.0,"gold_gain":0.0,"event_name":"Shining Light","player_choice":"Entered Light","floor":4.0,"gold_loss":0.0,"damage_taken":15.0,"cards_upgraded":["Dualcast","Defend_B"]},{"damage_healed":0.0,"max_hp_gain":0.0,"max_hp_loss":0.0,"gold_gain":0.0,"event_name":"Scrap Ooze","player_choice":"Success","floor":5.0,"gold_loss":0.0,"damage_taken":3.0,"relics_obtained":["Nunchaku"]},{"damage_healed":0.0,"max_hp_gain":0.0,"max_hp_loss":0.0,"gold_gain":0.0,"event_name":"Ghosts","player_choice":"Ignored","floor":21.0,"gold_loss":0.0,"damage_taken":0.0},{"damage_healed":0.0,"max_hp_gain":0.0,"max_hp_loss":0.0,"gold_gain":0.0,"event_name":"Back to Basics","player_choice":"Simplicity","floor":23.0,"gold_loss":0.0,"damage_taken":0.0,"cards_upgraded":["Strike_B","Strike_B","Strike_B","Strike_B","Defend_B","Defend_B","Defend_B"]},{"damage_healed":0,"gold_gain":0,"player_choice":"Memory 1","damage_taken":0,"max_hp_gain":0,"max_hp_loss":0,"event_name":"SensoryStone","floor":36,"gold_loss":0},{"damage_healed":0,"gold_gain":0,"player_choice":"Fight","damage_taken":0,"max_hp_gain":0,"max_hp_loss":0,"event_name":"Mysterious Sphere","floor":37,"gold_loss":0},{"damage_healed":0,"gold_gain":0,"player_choice":"Max HP","damage_taken":0,"max_hp_gain":0,"max_hp_loss":4,"event_name":"Winding Halls","floor":38,"gold_loss":0}],"is_beta":false,"boss_relics":[{"not_picked":["Calling Bell","Fusion Hammer"],"picked":"Inserter"},{"not_picked":["Philosopher\u0027s Stone","Snecko Eye","Pandora\u0027s Box"]}],"items_purged_floors":[27,53],"is_endless":false,"potions_floor_spawned":[2,14,19,28,31,42,44,46],"ascension_level":0}