{"gold_per_floor":[109,128,154,229,242,242,271,283,283,283,300,330,330,359,359,454,454,464,47,65,81,95,95,130,130,154,154,166,201,201,216,216,312,312,332,332,351,367,1,1,1],"floor_reached":41,"playtime":4574,"items_purged":["Strike_B","Strike_B"],"score":575,"play_id":"08a087a2-1a25-47e4-bc78-3deab2c19208","local_time":"20181201150734","is_ascension_mode":true,"campfire_choices":[{"data":"Zap","floor":6,"key":"SMITH"},{"floor":10,"key":"REST"},{"data":"Dualcast","floor":13,"key":"SMITH"},{"data":"Glacier","floor":15,"key":"SMITH"},{"data":"Sunder","floor":23,"key":"SMITH"},{"data":"All For One","floor":25,"key":"SMITH"},{"data":"Conserve Battery","floor":27,"key":"SMITH"},{"floor":30,"key":"REST"},{"floor":32,"key":"REST"}],"neow_cost":"NONE","seed_source_timestamp":18026450586606,"circlet_count":0,"master_deck":["Strike_B+1","Defend_B","Defend_B","Defend_B","Zap+1","Dualcast+1","Cold Snap+1","Glacier+1","Conserve Battery+1","Sunder+1","Cold Snap","Hologram+1","Redo+1","Steam+1","FTL","All For One+1","Gash","Secret Technique+1","Conserve Battery+1","Panacea+1","Ball Lightning+1","Coolheaded+1","Redo+1","White Noise+1","Gash","Reinforced Body+1","BootSequence+1","Defragment","Electrodynamics","Self Repair+1","Finesse+1","Trip+1","Mind Blast","Hologram+1","Parasite","Glacier+1","Capacitor","Stack+1","Madness+1","Madness+1"],"relics":["Cracked Core","Boot","Dream Catcher","Toxic Egg 2","Letter Opener","Sundial","Nuclear Battery","Darkstone Periapt","Whetstone","Ancient Tea Set","Empty Cage","Bronze Scales"],"potions_floor_usage":[12,12,12,16,24,33,33,38,38],"damage_taken":[{"damage":1,"enemies":"Cultist","floor":1,"turns":3},{"damage":6,"enemies":"Small Slimes","floor":2,"turns":3},{"damage":0,"enemies":"Jaw Worm","floor":5,"turns":3},{"damage":19,"enemies":"Lagavulin","floor":7,"turns":9},{"damage":2,"enemies":"Exordium Thugs","floor":8,"turns":3},{"damage":3,"enemies":"Large Slime","floor":11,"turns":4},{"damage":0,"enemies":"Gremlin Nob","floor":12,"turns":3},{"damage":1,"enemies":"3 Sentries","floor":14,"turns":7},{"damage":36,"enemies":"Hexaghost","floor":16,"turns":11},{"damage":4,"enemies":"Shell Parasite","floor":18,"turns":3},{"damage":0,"enemies":"Spheric Guardian","floor":20,"turns":3},{"damage":0,"enemies":"Cultist and Chosen","floor":21,"turns":4},{"damage":9,"enemies":"Snake Plant","floor":22,"turns":3},{"damage":10,"enemies":"Book of Stabbing","floor":24,"turns":5},{"damage":18,"enemies":"Shelled Parasite and Fungi","floor":28,"turns":3},{"damage":38,"enemies":"Slavers","floor":29,"turns":4},{"damage":0,"enemies":"Centurion and Healer","floor":31,"turns":2},{"damage":32,"enemies":"Automaton","floor":33,"turns":10},{"damage":0,"enemies":"3 Shapes","floor":35,"turns":3},{"damage":14,"enemies":"3 Darklings","floor":37,"turns":4},{"damage":24,"enemies":"Writhing Mass","floor":38,"turns":5},{"damage":63,"enemies":"Reptomancer","floor":41,"turns":3}],"seed_played":"7239539599497702176","potions_obtained":[{"floor":5,"key":"Explosive Potion"},{"floor":7,"key":"AttackPotion"},{"floor":11,"key":"Explosive Potion"},{"floor":14,"key":"Energy Potion"},{"floor":20,"key":"AttackPotion"},{"floor":28,"key":"Weak Potion"},{"floor":29,"key":"PowerPotion"},{"floor":33,"key":"Regen Potion"},{"floor":37,"key":"PowerPotion"}],"is_trial":false,"path_per_floor":["M","M","T","?","M","R","E","M","T","R","M","E","R","E","R","B",null,"M","$","M","M","M","R","E","R","T","R","M","E","R","M","R","B",null,"M","?","M","M","$","?","E"],"character_chosen":"DEFECT","items_purchased":["Secret Technique+1","Conserve Battery+1","Panacea+1","Capacitor","Stack+1","Bronze Scales"],"campfire_rested":3,"item_purchase_floors":[19,19,19,39,39,39],"current_hp_per_floor":[81,75,75,64,64,64,45,43,43,67,64,64,64,63,63,27,82,78,78,78,78,69,69,59,59,59,59,41,3,27,27,51,19,82,82,72,68,72,72,61,0],"gold":1,"neow_bonus":"TEN_PERCENT_HP_BONUS","is_prod":false,"is_daily":false,"chose_seed":false,"campfire_upgraded":6,"win_rate":0,"timestamp":1543705654,"path_taken":["M","M","?","?","M","R","E","?","T","R","M","E","R","E","R","BOSS","M","$","M","M","M","R","E","R","T","R","M","E","R","M","R","BOSS","M","?","M","M","$","?","E"],"build_version":"2018-11-15","purchased_purges":2,"victory":false,"max_hp_per_floor":[82,82,82,82,82,82,82,82,82,82,82,82,82,82,82,82,82,82,82,82,82,82,82,82,82,82,82,82,82,82,82,82,82,82,82,82,82,88,88,88,88],"card_choices":[{"not_picked":["Leap","Hologram"],"picked":"Cold Snap","floor":1},{"not_picked":["Rebound","Lockon"],"picked":"Glacier","floor":2},{"not_picked":["Gash","Turbo"],"picked":"Conserve Battery","floor":5},{"not_picked":["Reprogram","Hologram"],"picked":"Sunder","floor":7},{"not_picked":["Steam","Reprogram"],"picked":"Cold Snap","floor":8},{"not_picked":["Gash","Cold Snap"],"picked":"Hologram+1","floor":10},{"not_picked":["Barrage","Sunder"],"picked":"Redo+1","floor":11},{"not_picked":["Steam Power+1","Thunder Strike"],"picked":"Steam+1","floor":12},{"not_picked":["Skim+1","Stack+1"],"picked":"FTL","floor":14},{"not_picked":["Amplify+1","Multi-Cast+1"],"picked":"All For One","floor":16},{"not_picked":["Skim+1","Rebound"],"picked":"Gash","floor":18},{"not_picked":["Auto Shields+1","Cold Snap+1"],"picked":"Ball Lightning+1","floor":20},{"not_picked":["Rebound","Reprogram+1"],"picked":"Coolheaded+1","floor":21},{"not_picked":["Doom and Gloom","Stack+1"],"picked":"Redo+1","floor":22},{"not_picked":["Reboot+1","Turbo+1"],"picked":"White Noise+1","floor":24},{"not_picked":["Hologram+1","FTL"],"picked":"Gash","floor":28},{"not_picked":["Streamline","Genetic Algorithm+1"],"picked":"Reinforced Body+1","floor":29},{"not_picked":["Compile Driver+1","Cold Snap"],"picked":"BootSequence+1","floor":30},{"not_picked":["Melter","Tempest+1","Steam+1"],"picked":"SKIP","floor":31},{"not_picked":["Hologram+1","Reinforced Body+1"],"picked":"Defragment","floor":32},{"not_picked":["Buffer","Thunder Strike"],"picked":"Electrodynamics","floor":33},{"not_picked":["Tempest+1","Conserve Battery+1"],"picked":"Self Repair+1","floor":35},{"not_picked":["Swift Strike","Thinking Ahead+1"],"picked":"Finesse+1","floor":36},{"not_picked":["Transmutation+1","Jack Of All Trades+1"],"picked":"Trip+1","floor":36},{"not_picked":["Jack Of All Trades+1","Flash of Steel"],"picked":"Mind Blast","floor":36},{"not_picked":["Hello World+1","Streamline+1"],"picked":"Hologram+1","floor":37},{"not_picked":["Gash","Coolheaded+1"],"picked":"Glacier+1","floor":38}],"player_experience":277232,"relics_obtained":[{"floor":3,"key":"Boot"},{"floor":7,"key":"Dream Catcher"},{"floor":9,"key":"Toxic Egg 2"},{"floor":12,"key":"Letter Opener"},{"floor":14,"key":"Sundial"},{"floor":24,"key":"Darkstone Periapt"},{"floor":26,"key":"Whetstone"},{"floor":29,"key":"Ancient Tea Set"}],"event_choices":[{"damage_healed":0,"gold_gain":75,"player_choice":"Gather Gold","damage_taken":11,"max_hp_gain":0,"max_hp_loss":0,"event_name":"World of Goop","floor":4,"gold_loss":0},{"damage_healed":0,"gold_gain":0,"player_choice":"Memory 3","damage_taken":10,"max_hp_gain":0,"max_hp_loss":0,"event_name":"SensoryStone","floor":36,"gold_loss":0},{"damage_healed":0,"gold_gain":0,"player_choice":"Embrace Madness","damage_taken":11,"max_hp_gain":0,"max_hp_loss":0,"event_name":"Winding Halls","floor":40,"gold_loss":0,"cards_obtained":["Madness","Madness"]}],"is_beta":true,"boss_relics":[{"not_picked":["Snecko Eye","Fusion Hammer"],"picked":"Nuclear Battery"},{"not_picked":["Runic Pyramid","Runic Dome"],"picked":"Empty Cage"}],"items_purged_floors":[19,39],"is_endless":false,"potions_floor_spawned":[5,7,11,14,20,28,29,33,37],"killed_by":"Reptomancer","ascension_level":3}