{"gold_per_floor":[117,117,136,61,77,77,90,90,138,138,138,168,0,14,14,88,88,106,106,206,92,92,92,92,123,150,162,204,216,228,255,267,352,364,396,308,322,336,216,216,236,236,236,236],"floor_reached":44,"playtime":1755,"items_purged":["Strike_R","Strike_R","Strike_R","Strike_R"],"score":884,"play_id":"5815f85a-be87-41e0-807e-02861abca92c","local_time":"20190420211900","is_ascension_mode":true,"campfire_choices":[{"data":"Bash","floor":6.0,"key":"SMITH"},{"data":"Iron Wave","floor":8.0,"key":"SMITH"},{"data":"Dropkick","floor":11.0,"key":"SMITH"},{"data":"Uppercut","floor":15.0,"key":"SMITH"},{"floor":23.0,"key":"REST"},{"floor":24.0,"key":"REST"},{"floor":29.0,"key":"REST"},{"data":"J.A.X.","floor":30.0,"key":"SMITH"},{"data":"Corruption","floor":32.0,"key":"SMITH"},{"data":"Demon Form","floor":40.0,"key":"SMITH"}],"neow_cost":"TEN_PERCENT_HP_LOSS","seed_source_timestamp":895451485276300,"circlet_count":0,"master_deck":["AscendersBane","Strike_R","Defend_R","Defend_R","Defend_R","Defend_R","Bash+1","Metallicize","Sword Boomerang","Dropkick+1","Iron Wave+1","Uppercut","Uppercut+1","Reaper","Headbutt+1","J.A.X.+1","Corruption+1","Feel No Pain","Heavy Blade+1","Spot Weakness","Pummel","Demon Form+1","Shrug It Off","Ghostly Armor","Shrug It Off","Dropkick"],"special_seed":0,"relics":["Burning Blood","WingedGreaves","FaceOfCleric","Bag of Preparation","The Courier","Red Skull","Strange Spoon","Runic Pyramid","Magic Flower","Question Card","Kunai","MawBank","Darkstone Periapt","Regal Pillow","Cursed Key"],"potions_floor_usage":[],"damage_taken":[{"damage":10.0,"enemies":"2 Louse","floor":1.0,"turns":3.0},{"damage":7.0,"enemies":"Cultist","floor":3.0,"turns":4.0},{"damage":11.0,"enemies":"Jaw Worm","floor":5.0,"turns":5.0},{"damage":11.0,"enemies":"Blue Slaver","floor":7.0,"turns":3.0},{"damage":22.0,"enemies":"Lagavulin","floor":12.0,"turns":5.0},{"damage":12.0,"enemies":"Exordium Wildlife","floor":14.0,"turns":3.0},{"damage":11.0,"enemies":"Hexaghost","floor":16.0,"turns":7.0},{"damage":47.0,"enemies":"3 Byrds","floor":18.0,"turns":7.0},{"damage":38.0,"enemies":"Colosseum Slavers","floor":20.0,"turns":4.0},{"damage":11.0,"enemies":"Colosseum Nobs","floor":20.0,"turns":3.0},{"damage":79.0,"enemies":"Gremlin Leader","floor":25.0,"turns":7.0},{"damage":17.0,"enemies":"Book of Stabbing","floor":28.0,"turns":3.0},{"damage":42.0,"enemies":"Shell Parasite","floor":31.0,"turns":4.0},{"damage":45.0,"enemies":"Champ","floor":33.0,"turns":10.0},{"damage":23.0,"enemies":"3 Shapes","floor":35.0,"turns":6.0},{"damage":62.0,"enemies":"3 Darklings","floor":37.0,"turns":7.0},{"damage":42.0,"enemies":"Spire Growth","floor":38.0,"turns":6.0},{"damage":6.0,"enemies":"Transient","floor":41.0,"turns":6.0}],"seed_played":"5859449952741382617","potions_obtained":[{"floor":1.0,"key":"LiquidBronze"},{"floor":12.0,"key":"GamblersBrew"},{"floor":16.0,"key":"SteroidPotion"},{"floor":20.0,"key":"EssenceOfSteel"},{"floor":25.0,"key":"Energy Potion"},{"floor":28.0,"key":"Poison Potion"},{"floor":31.0,"key":"Block Potion"},{"floor":35.0,"key":"Strength Potion"},{"floor":38.0,"key":"Fire Potion"}],"is_trial":false,"path_per_floor":["M","?","M","$","M","R","M","R","T","T","R","E","$","M","R","B",null,"M","?","?","$","$","R","R","E","T","T","E","R","R","M","R","B",null,"M","$","M","M","$","R","M","?","T","M"],"character_chosen":"IRONCLAD","items_purchased":["Strange Spoon","Feel No Pain"],"campfire_rested":3,"item_purchase_floors":[13,21],"current_hp_per_floor":[64,64,64,64,60,60,56,56,56,56,56,41,41,36,36,32,64,35,35,12,12,12,35,58,23,23,23,17,55,55,44,44,48,73,80,80,83,75,75,75,85,85,85,0],"gold":236,"neow_bonus":"ONE_RARE_RELIC","is_prod":false,"is_daily":false,"chose_seed":false,"campfire_upgraded":7,"win_rate":0,"timestamp":1555791540,"path_taken":["M","?","?","$","M","R","M","R","T","?","R","E","$","?","R","BOSS","M","?","?","?","$","R","R","E","T","?","E","R","R","?","R","BOSS","M","$","M","M","$","R","M","?","T","M"],"build_version":"2019-01-23","purchased_purges":4,"victory":false,"max_hp_per_floor":[68,68,69,69,70,70,71,71,71,71,71,72,72,73,73,74,74,75,75,77,77,77,77,77,78,78,78,79,79,79,80,80,81,81,82,82,83,84,84,84,85,85,85,85],"card_choices":[{"not_picked":["Intimidate","Armaments"],"picked":"Metallicize","floor":1.0},{"not_picked":["Body Slam","Corruption"],"picked":"Sword Boomerang","floor":3.0},{"not_picked":["Searing Blow","Second Wind"],"picked":"Dropkick","floor":5.0},{"not_picked":["Wild Strike","Rage"],"picked":"Iron Wave","floor":7.0},{"not_picked":["Entrench","Clothesline"],"picked":"Uppercut","floor":12.0},{"not_picked":["Heavy Blade","True Grit"],"picked":"Uppercut","floor":14.0},{"not_picked":["Immolate","Demon Form"],"picked":"Reaper","floor":16.0},{"not_picked":["Combust+1","Heavy Blade"],"picked":"Headbutt+1","floor":18.0},{"not_picked":["Clothesline","Headbutt"],"picked":"Corruption","floor":20.0},{"not_picked":["Impervious","Perfected Strike","Shrug It Off"],"picked":"Heavy Blade+1","floor":25.0},{"not_picked":["Sword Boomerang","Burning Pact","Anger"],"picked":"Spot Weakness","floor":28.0},{"not_picked":["Twin Strike","Thunderclap","Burning Pact"],"picked":"Pummel","floor":31.0},{"not_picked":["Berserk","Fiend Fire","Double Tap"],"picked":"Demon Form","floor":33.0},{"not_picked":["Armaments+1","Flex","Entrench"],"picked":"Shrug It Off","floor":35.0},{"not_picked":["Flex","True Grit","Searing Blow"],"picked":"Ghostly Armor","floor":37.0},{"not_picked":["Cleave","Rampage","Fire Breathing"],"picked":"Shrug It Off","floor":38.0},{"not_picked":["Second Wind+1","Anger","Thunderclap"],"picked":"Dropkick","floor":41.0}],"player_experience":1305959,"relics_obtained":[{"floor":9.0,"key":"Bag of Preparation"},{"floor":10.0,"key":"The Courier"},{"floor":12.0,"key":"Red Skull"},{"floor":20.0,"key":"Magic Flower"},{"floor":20.0,"key":"Question Card"},{"floor":25.0,"key":"Kunai"},{"floor":26.0,"key":"MawBank"},{"floor":27.0,"key":"Darkstone Periapt"},{"floor":28.0,"key":"Regal Pillow"}],"event_choices":[{"damage_healed":0.0,"max_hp_gain":0.0,"max_hp_loss":0.0,"gold_gain":0.0,"event_name":"FaceTrader","player_choice":"Trade","floor":2.0,"gold_loss":0.0,"damage_taken":0.0,"relics_obtained":["FaceOfCleric"]},{"damage_healed":0.0,"max_hp_gain":0.0,"max_hp_loss":0.0,"gold_gain":0.0,"event_name":"Drug Dealer","player_choice":"Obtain J.A.X.","floor":19.0,"gold_loss":0.0,"damage_taken":0.0,"cards_obtained":["J.A.X."]},{"damage_healed":0.0,"max_hp_gain":0.0,"max_hp_loss":0.0,"gold_gain":0.0,"event_name":"Colosseum","player_choice":"Fight","floor":20.0,"gold_loss":0.0,"damage_taken":0.0},{"damage_healed":0.0,"max_hp_gain":0.0,"max_hp_loss":0.0,"gold_gain":0.0,"event_name":"Colosseum","player_choice":"Fought Nobs","floor":20.0,"gold_loss":0.0,"damage_taken":0.0},{"damage_healed":0.0,"max_hp_gain":0.0,"max_hp_loss":0.0,"gold_gain":0.0,"event_name":"Tomb of Lord Red Mask","player_choice":"Ignored","floor":42.0,"gold_loss":0.0,"damage_taken":0.0}],"is_beta":false,"boss_relics":[{"not_picked":["Coffee Dripper","Snecko Eye"],"picked":"Runic Pyramid"},{"not_picked":["Fusion Hammer","Astrolabe"],"picked":"Cursed Key"}],"items_purged_floors":[4,21,36,39],"is_endless":false,"potions_floor_spawned":[1,12,16,20,25,28,31,35,38],"killed_by":"Sphere and 2 Shapes","ascension_level":20}