{"gold_per_floor":[115,40,55,71,89,89,120,137,162,174,186,218,241,278,290,302],"floor_reached":16,"playtime":461,"items_purged":["Strike_R"],"score":228,"play_id":"e659da6f-1f32-46ee-a97d-fa7c5370dda9","local_time":"20190311205628","is_ascension_mode":true,"campfire_choices":[{"data":"Bash","floor":6.0,"key":"SMITH"},{"data":"Immolate","floor":11.0,"key":"SMITH"},{"floor":15.0,"key":"REST"}],"neow_cost":"NONE","seed_source_timestamp":35796844687500,"circlet_count":0,"master_deck":["AscendersBane","Strike_R","Strike_R+1","Strike_R","Strike_R","Defend_R","Defend_R","Defend_R","Defend_R","Bash+1","Panacea","Infernal Blade","Pommel Strike","Iron Wave","Iron Wave","Immolate+1","Bloodletting","Clothesline+1"],"special_seed":0,"relics":["Burning Blood","Pen Nib","MawBank","Whetstone"],"potions_floor_usage":[16],"damage_taken":[{"damage":6.0,"enemies":"Cultist","floor":1.0,"turns":3.0},{"damage":4.0,"enemies":"Small Slimes","floor":3.0,"turns":4.0},{"damage":12.0,"enemies":"Jaw Worm","floor":4.0,"turns":3.0},{"damage":11.0,"enemies":"3 Louse","floor":5.0,"turns":5.0},{"damage":25.0,"enemies":"Gremlin Nob","floor":7.0,"turns":4.0},{"damage":12.0,"enemies":"Looter","floor":8.0,"turns":3.0},{"damage":0.0,"enemies":"Large Slime","floor":12.0,"turns":4.0},{"damage":11.0,"enemies":"Blue Slaver","floor":13.0,"turns":3.0},{"damage":18.0,"enemies":"3 Sentries","floor":14.0,"turns":4.0},{"damage":29,"enemies":"Hexaghost","floor":16,"turns":9}],"seed_played":"-5467143977626333612","potions_obtained":[{"floor":3.0,"key":"Poison Potion"},{"floor":7.0,"key":"PowerPotion"},{"floor":12.0,"key":"LiquidBronze"}],"is_trial":false,"path_per_floor":["M","$","M","M","M","R","E","M","T","?","R","M","M","E","R","B"],"character_chosen":"IRONCLAD","items_purchased":[],"campfire_rested":1,"item_purchase_floors":[],"current_hp_per_floor":[68,68,70,64,59,59,40,34,34,34,34,40,35,23,45,16],"gold":302,"neow_bonus":"RANDOM_COLORLESS","is_prod":false,"is_daily":false,"chose_seed":false,"campfire_upgraded":2,"win_rate":0,"timestamp":1552337788,"path_taken":["M","?","M","M","M","R","E","?","T","?","R","M","M","E","R","BOSS"],"build_version":"2019-01-23","purchased_purges":1,"victory":false,"max_hp_per_floor":[75,75,75,75,75,75,75,75,75,75,75,75,75,75,75,75],"card_choices":[{"not_picked":["Body Slam","Disarm"],"picked":"Infernal Blade","floor":1.0},{"not_picked":["Warcry","Ghostly Armor"],"picked":"Pommel Strike","floor":3.0},{"not_picked":["Anger","Armaments"],"picked":"Iron Wave","floor":4.0},{"not_picked":["Anger","Havoc","Perfected Strike"],"picked":"SKIP","floor":5.0},{"not_picked":["Thunderclap","Uppercut"],"picked":"Iron Wave","floor":7.0},{"not_picked":["Headbutt","Wild Strike"],"picked":"Immolate","floor":8.0},{"not_picked":["Sword Boomerang","Twin Strike"],"picked":"Bloodletting","floor":12.0},{"not_picked":["Intimidate","Flex"],"picked":"Clothesline","floor":13.0},{"not_picked":["Headbutt","Blood for Blood","Cleave"],"picked":"SKIP","floor":14.0}],"player_experience":1272895,"relics_obtained":[{"floor":7.0,"key":"Pen Nib"},{"floor":9.0,"key":"MawBank"},{"floor":14.0,"key":"Whetstone"}],"event_choices":[{"damage_healed":0.0,"max_hp_gain":0.0,"max_hp_loss":0.0,"gold_gain":0.0,"event_name":"Liars Game","player_choice":"Ignored","floor":10.0,"gold_loss":0.0,"damage_taken":0.0}],"is_beta":false,"boss_relics":[],"items_purged_floors":[2],"is_endless":false,"potions_floor_spawned":[3,7,12],"killed_by":"Hexaghost","ascension_level":20}