{"gold_per_floor":[115,134,145,164,175,175,205,205,205,237,237,269,219,238,238,238],"floor_reached":16,"playtime":1387,"items_purged":[],"score":140,"play_id":"b52e79bf-4491-40db-ad36-35c3b8c53bc3","local_time":"20190506023827","is_ascension_mode":true,"campfire_choices":[{"data":"Neutralize","floor":6,"key":"SMITH"},{"data":"Blur","floor":8,"key":"SMITH"},{"floor":11,"key":"REST"},{"data":"Backflip","floor":15,"key":"SMITH"}],"neow_cost":"NONE","seed_source_timestamp":429637120353378,"circlet_count":0,"master_deck":["Defend_G","Defend_G","Defend_G","Defend_G","Defend_G","Strike_G","Strike_G","Strike_G","Survivor","Neutralize+1","Endless Agony","Blur+1","Deadly Poison","Backflip+1","Bouncing Flask"],"relics":["Ring of the Snake","Orichalcum","Matryoshka","Dream Catcher","Unceasing Top"],"potions_floor_usage":[7,10,16,16],"damage_taken":[{"damage":1,"enemies":"Cultist","floor":1,"turns":3},{"damage":0,"enemies":"2 Louse","floor":2,"turns":2},{"damage":0,"enemies":"Jaw Worm","floor":3,"turns":6},{"damage":4,"enemies":"Blue Slaver","floor":4,"turns":4},{"damage":2,"enemies":"2 Fungi Beasts","floor":5,"turns":3},{"damage":16,"enemies":"Lagavulin","floor":7,"turns":7},{"damage":9,"enemies":"Gremlin Nob","floor":10,"turns":5},{"damage":14,"enemies":"Lagavulin","floor":12,"turns":6},{"damage":0,"enemies":"Exordium Wildlife","floor":14,"turns":6},{"damage":54,"enemies":"Slime Boss","floor":16,"turns":10}],"seed_played":"-9098230288075405752","potions_obtained":[{"floor":2,"key":"AttackPotion"},{"floor":4,"key":"Swift Potion"},{"floor":7,"key":"Fire Potion"},{"floor":10,"key":"Strength Potion"},{"floor":14,"key":"PowerPotion"}],"is_trial":false,"path_per_floor":["M","M","M","M","M","R","E","R","T","E","R","E","?","M","R","B"],"character_chosen":"THE_SILENT","items_purchased":[],"campfire_rested":1,"item_purchase_floors":[],"current_hp_per_floor":[69,69,69,65,63,63,47,47,47,38,59,45,45,45,45,0],"gold":238,"neow_bonus":"REMOVE_CARD","is_prod":false,"is_daily":false,"chose_seed":false,"campfire_upgraded":3,"win_rate":0,"timestamp":1557124707,"path_taken":["M","?","?","M","M","R","E","R","T","E","R","E","?","M","R","BOSS"],"build_version":"2019-01-23","purchased_purges":0,"victory":false,"max_hp_per_floor":[70,70,70,70,70,70,70,70,70,70,70,70,70,70,70,70],"card_choices":[{"not_picked":["Blade Dance","Dodge and Roll"],"picked":"Endless Agony","floor":1},{"not_picked":["All Out Attack","Deflect"],"picked":"Blur","floor":2},{"not_picked":["Deflect","Bane"],"picked":"Deadly Poison","floor":3},{"not_picked":["Dagger Spray","Predator","Prepared"],"picked":"SKIP","floor":4},{"not_picked":["Terror","Prepared","Predator"],"picked":"SKIP","floor":5},{"not_picked":["Cloak And Dagger","Calculated Gamble"],"picked":"Backflip","floor":7},{"not_picked":["Malaise","Prepared","Dagger Throw"],"picked":"SKIP","floor":10},{"not_picked":["Backflip","Finisher"],"picked":"Bouncing Flask","floor":11},{"not_picked":["Masterful Stab","Expertise","Riddle With Holes"],"picked":"SKIP","floor":12},{"not_picked":["Eviscerate","Dagger Spray","Tactician"],"picked":"SKIP","floor":14}],"player_experience":161805,"relics_obtained":[{"floor":7,"key":"Orichalcum"},{"floor":9,"key":"Matryoshka"},{"floor":10,"key":"Dream Catcher"},{"floor":12,"key":"Unceasing Top"}],"event_choices":[{"cards_removed":["Strike_G"],"damage_healed":0,"gold_gain":0,"player_choice":"Card Removal","damage_taken":0,"max_hp_gain":0,"max_hp_loss":0,"event_name":"The Cleric","floor":13,"gold_loss":50}],"is_beta":false,"boss_relics":[],"items_purged_floors":[],"is_endless":false,"potions_floor_spawned":[2,4,7,10,14],"killed_by":"Slime Boss","ascension_level":3}