{"gold_per_floor":[116,116,41,56,56,83,99,115,185,213,213,213],"floor_reached":12,"playtime":276,"items_purged":["Strike_G"],"score":226,"play_id":"ddd9bb02-0ff1-4b23-ba46-50d567098159","local_time":"20190305121527","is_ascension_mode":true,"campfire_choices":[{"floor":11,"key":"REST"}],"neow_cost":"NONE","seed_source_timestamp":351984991699500,"circlet_count":0,"master_deck":["AscendersBane","Defend_G","Defend_G","Defend_G","Defend_G","Defend_G","Strike_G","Strike_G","Survivor","Neutralize","Dagger Throw","Underhanded Strike","Quick Slash","Flying Knee","PiercingWail"],"relics":["Ring of the Snake","NeowsBlessing","Gambling Chip","Blue Candle","Anchor"],"potions_floor_usage":[10,10],"damage_taken":[{"damage":0,"enemies":"2 Louse","floor":1,"turns":1},{"damage":0,"enemies":"Cultist","floor":4,"turns":1},{"damage":0,"enemies":"Lagavulin","floor":6,"turns":1},{"damage":1,"enemies":"Jaw Worm","floor":7,"turns":3},{"damage":0,"enemies":"Exordium Wildlife","floor":8,"turns":3},{"damage":20,"enemies":"Gremlin Nob","floor":10,"turns":4},{"damage":52,"enemies":"Lagavulin","floor":12,"turns":6}],"seed_played":"-2749052546492081801","potions_obtained":[{"floor":4,"key":"Block Potion"},{"floor":7,"key":"Fire Potion"}],"is_trial":false,"path_per_floor":["M","?","$","M","?","E","M","M","T","E","R","E"],"character_chosen":"THE_SILENT","items_purchased":[],"campfire_rested":1,"item_purchase_floors":[],"current_hp_per_floor":[59,59,59,59,52,52,51,51,51,31,50,0],"gold":213,"neow_bonus":"THREE_ENEMY_KILL","is_prod":false,"is_daily":false,"chose_seed":false,"campfire_upgraded":0,"win_rate":0,"timestamp":1551788127,"path_taken":["M","?","?","?","?","E","M","M","T","E","R","E"],"build_version":"2019-01-23","purchased_purges":1,"victory":false,"max_hp_per_floor":[66,66,66,66,66,66,66,66,66,66,66,66],"card_choices":[{"not_picked":["Acrobatics","Dodge and Roll"],"picked":"Dagger Throw","floor":1},{"not_picked":["Prepared","Dodge and Roll"],"picked":"Underhanded Strike","floor":4},{"not_picked":["Acrobatics","Dash"],"picked":"Quick Slash","floor":6},{"not_picked":["Deadly Poison","Crippling Poison"],"picked":"Flying Knee","floor":7},{"not_picked":["Catalyst","Dodge and Roll"],"picked":"PiercingWail","floor":8},{"not_picked":["Tactician","PiercingWail","Grand Finale"],"picked":"SKIP","floor":10}],"player_experience":1230795,"relics_obtained":[{"floor":6,"key":"Gambling Chip"},{"floor":9,"key":"Blue Candle"},{"floor":10,"key":"Anchor"}],"event_choices":[{"cards_removed":["Strike_G"],"damage_healed":0,"gold_gain":0,"player_choice":"Purged","damage_taken":0,"max_hp_gain":0,"max_hp_loss":0,"event_name":"Purifier","floor":2,"gold_loss":0},{"cards_removed":["Strike_G"],"damage_healed":0,"gold_gain":0,"player_choice":"Card Removal","damage_taken":7,"max_hp_gain":0,"max_hp_loss":0,"event_name":"Golden Wing","floor":5,"gold_loss":0}],"is_beta":false,"boss_relics":[],"items_purged_floors":[3],"is_endless":false,"potions_floor_spawned":[4,7],"killed_by":"Lagavulin","ascension_level":20}