{"path_per_floor":["M","M","?","$","?","E","?","E","T","E","?","M","$","M","R","B",null,"M","?","?","M"],"character_chosen":"IRONCLAD","items_purchased":["Shrug It Off","Feel No Pain"],"gold_per_floor":[116,135,135,10,10,43,43,87,87,125,125,141,31,46,46,172,472,488,488,488,501],"floor_reached":22,"campfire_rested":0,"playtime":2258,"current_hp_per_floor":[74,72,72,72,65,51,51,54,54,53,53,56,56,52,52,19,80,58,58,58,66],"items_purged":["Normality","Regret"],"gold":501,"score":302,"play_id":"7277d3bc-9fa3-4d96-a0b4-b44ae821fdc0","is_prod":false,"is_daily":false,"is_ascension_mode":false,"campfire_upgraded":1,"path_taken":["M","M","?","$","?","E","?","E","T","E","?","M","$","M","R","BOSS","M","?","?","M","M"],"build_version":"2018-02-22-PROD2","purchased_purges":2,"victory":false,"master_deck":["Strike_R","Strike_R","Strike_R","Strike_R","Defend_R","Defend_R","Defend_R","Defend_R","Bash","Rampage+1","Inflame","Shrug It Off","Metallicize","Injury","Rupture","Blood for Blood","Armaments+1","Feel No Pain","Anger","Berserk","Pain","Decay","Writhe","Dropkick","Writhe","Dual Wield"],"max_hp_per_floor":[80,80,80,80,80,80,80,80,80,80,80,80,80,80,80,80,80,80,80,80,80],"relics":["Burning Blood","Meat on the Bone","Juzu Bracelet","Golden Idol","Du-Vu Doll","Peace Pipe","Anchor","The Courier","Calling Bell","Old Coin","Gremlin Horn","Frozen Eye","Vajra"],"card_choices":[{"not_picked":["Sword Boomerang","Armaments"],"picked":"Rampage"},{"not_picked":["Warcry","Twin Strike"],"picked":"Inflame"},{"not_picked":["Sword Boomerang","Perfected Strike"],"picked":"Metallicize"},{"not_picked":["Sword Boomerang","Second Wind"],"picked":"Rupture"},{"not_picked":["Clothesline","Clash"],"picked":"Blood for Blood"},{"not_picked":["Twin Strike","Cleave"],"picked":"Armaments"},{"not_picked":["Armaments","Headbutt"],"picked":"Anger"},{"not_picked":["Offering","Reaper"],"picked":"Berserk"},{"not_picked":["Body Slam","Warcry"],"picked":"Dropkick"},{"not_picked":["Shrug It Off","Thunderclap"],"picked":"Dual Wield"}],"player_experience":68070,"potions_floor_usage":[6,10,16,21],"damage_taken":[{"damage":12,"enemies":"Small Slimes","floor":1,"turns":5},{"damage":8,"enemies":"Cultist","floor":2,"turns":5},{"damage":20,"enemies":"Lagavulin","floor":6,"turns":7},{"damage":3,"enemies":"3 Sentries","floor":8,"turns":11},{"damage":19,"enemies":"Gremlin Nob","floor":10,"turns":5},{"damage":3,"enemies":"Jaw Worm","floor":12,"turns":3},{"damage":10,"enemies":"Looter","floor":14,"turns":3},{"damage":51,"enemies":"Slime Boss","floor":16,"turns":12},{"damage":28,"enemies":"2 Thieves","floor":18,"turns":3},{"damage":13,"enemies":"Shell Parasite","floor":21,"turns":7},{"damage":74,"enemies":"Cultist and Chosen","floor":22,"turns":9}],"event_choices":[{"event_name":"Accursed Blacksmith","player_choice":"Rummage","floor":3,"damage_taken":0},{"event_name":"Golden Wing","player_choice":"Card Removal","floor":5,"damage_taken":0},{"event_name":"Golden Idol","player_choice":"Take Wound","floor":7,"damage_taken":0},{"event_name":"Big Fish","player_choice":"Box","floor":11,"damage_taken":0},{"event_name":"The Mausoleum","player_choice":"Yes","floor":19,"damage_taken":0},{"event_name":"Upgrade Shrine","player_choice":"Upgraded","floor":20,"damage_taken":0}],"boss_relics":[{"not_picked":["Sozu","Philosopher\u0027s Stone"],"picked":"Calling Bell"}],"potions_floor_spawned":[1,6,8,16,21],"seed_played":"8991710477438978592","killed_by":"Cultist and Chosen","ascension_level":0,"is_trial":false}