{"gold_per_floor":[115,115,126,11,28,28,62,90,116,145,145,145,158,175,175,254,254,270,160,176,176,195,195,195,227,227,227,556,606,637,655,655,655],"floor_reached":33,"playtime":1085,"items_purged":["Strike_G"],"score":676,"play_id":"67823331-149e-40cf-b437-deb549c84c23","local_time":"20190310150335","is_ascension_mode":true,"campfire_choices":[{"data":"All Out Attack","floor":6.0,"key":"SMITH"},{"floor":12.0,"key":"REST"},{"data":"Bouncing Flask","floor":15.0,"key":"SMITH"},{"floor":23.0,"key":"REST"},{"floor":27.0,"key":"REST"},{"floor":32.0,"key":"REST"}],"neow_cost":"PERCENT_DAMAGE","seed_source_timestamp":5510555422800,"circlet_count":0,"master_deck":["AscendersBane","Defend_G+1","Defend_G+1","Defend_G+1","Defend_G+1","Defend_G+1","Strike_G+1","Strike_G+1","Strike_G+1","Survivor","Neutralize+1","Backstab","All Out Attack+1","Backstab","Flying Knee+1","Terror","Quick Slash","Bouncing Flask+1","Cloak And Dagger","Cloak And Dagger","Burst","Bouncing Flask","Backflip","Die Die Die","Skewer+1","Noxious Fumes","Predator"],"special_seed":0,"relics":["Ring of the Snake","Nunchaku","Lantern","Odd Mushroom","Snake Skull","Turnip","Philosopher\u0027s Stone","Question Card","Dodecahedron","Old Coin","Whetstone"],"potions_floor_usage":[33],"damage_taken":[{"damage":4.0,"enemies":"Jaw Worm","floor":1.0,"turns":6.0},{"damage":1.0,"enemies":"Small Slimes","floor":3.0,"turns":4.0},{"damage":0.0,"enemies":"Cultist","floor":5.0,"turns":3.0},{"damage":15.0,"enemies":"3 Sentries","floor":7.0,"turns":6.0},{"damage":4.0,"enemies":"The Mushroom Lair","floor":8.0,"turns":3.0},{"damage":10.0,"enemies":"Lagavulin","floor":10.0,"turns":4.0},{"damage":2.0,"enemies":"Large Slime","floor":13.0,"turns":4.0},{"damage":0.0,"enemies":"2 Fungi Beasts","floor":14.0,"turns":2.0},{"damage":26.0,"enemies":"Hexaghost","floor":16.0,"turns":8.0},{"damage":0.0,"enemies":"Chosen","floor":18.0,"turns":3.0},{"damage":12.0,"enemies":"3 Byrds","floor":20.0,"turns":2.0},{"damage":17.0,"enemies":"3 Cultists","floor":22.0,"turns":4.0},{"damage":17.0,"enemies":"Book of Stabbing","floor":25.0,"turns":4.0},{"damage":23.0,"enemies":"Slavers","floor":28.0,"turns":3.0},{"damage":0.0,"enemies":"Gremlin Leader","floor":30.0,"turns":4.0},{"damage":0.0,"enemies":"Snake Plant","floor":31.0,"turns":2.0},{"damage":57,"enemies":"Automaton","floor":33,"turns":8}],"seed_played":"-3500554494079729060","potions_obtained":[{"floor":5.0,"key":"FearPotion"},{"floor":10.0,"key":"Fire Potion"},{"floor":13.0,"key":"Ancient Potion"},{"floor":14.0,"key":"Fire Potion"},{"floor":22.0,"key":"Poison Potion"},{"floor":25.0,"key":"Swift Potion"},{"floor":30.0,"key":"Regen Potion"}],"is_trial":false,"path_per_floor":["M","?","M","$","M","R","E","?","T","E","?","R","M","M","R","B",null,"M","?","M","?","M","R","?","E","T","R","E","?","E","M","R","B"],"character_chosen":"THE_SILENT","items_purchased":["Backstab"],"campfire_rested":4,"item_purchase_floors":[4],"current_hp_per_floor":[40,40,39,39,39,39,24,20,20,10,32,51,49,49,49,23,55,55,55,43,43,26,45,45,28,28,47,24,24,24,24,43,1],"gold":655,"neow_bonus":"ONE_RARE_RELIC","is_prod":false,"is_daily":false,"chose_seed":false,"campfire_upgraded":2,"win_rate":0,"timestamp":1552230215,"path_taken":["M","?","M","$","M","R","E","?","T","E","?","R","M","M","R","BOSS","M","?","?","?","M","R","?","E","T","R","E","?","E","M","R","BOSS"],"build_version":"2019-01-23","purchased_purges":1,"victory":false,"max_hp_per_floor":[66,66,66,66,66,66,66,66,66,66,66,66,66,66,66,66,66,66,66,66,66,66,66,66,66,66,66,66,66,66,66,66,66],"card_choices":[{"not_picked":["Acrobatics","Endless Agony"],"picked":"Backstab","floor":1.0},{"not_picked":["Caltrops","Flechettes"],"picked":"All Out Attack","floor":3.0},{"not_picked":["Underhanded Strike","Terror"],"picked":"Flying Knee","floor":5.0},{"not_picked":["Deflect","Flying Knee"],"picked":"Terror","floor":7.0},{"not_picked":["Expertise","Flying Knee"],"picked":"Quick Slash","floor":8.0},{"not_picked":["Dagger Spray","Grand Finale"],"picked":"Bouncing Flask","floor":10.0},{"not_picked":["Dagger Spray","Expertise"],"picked":"Cloak And Dagger","floor":13.0},{"not_picked":["Acrobatics","Poisoned Stab"],"picked":"Cloak And Dagger","floor":14.0},{"not_picked":["Die Die Die","Grand Finale"],"picked":"Burst","floor":16.0},{"not_picked":["Crippling Poison","Acrobatics+1"],"picked":"Bouncing Flask","floor":18.0},{"not_picked":["Dodge and Roll","Accuracy","Masterful Stab"],"picked":"SKIP","floor":20.0},{"not_picked":["PiercingWail","Sucker Punch"],"picked":"Backflip","floor":22.0},{"not_picked":["Deflect","Underhanded Strike"],"picked":"Die Die Die","floor":25.0},{"not_picked":["Noxious Fumes","Flying Knee","Riddle With Holes"],"picked":"Skewer","floor":28.0},{"not_picked":["Glass Knife","Dagger Spray","Phantasmal Killer"],"picked":"Noxious Fumes","floor":30.0},{"not_picked":["Finisher","Deflect","Blade Dance"],"picked":"Predator","floor":31.0}],"player_experience":1259200,"relics_obtained":[{"floor":7.0,"key":"Lantern"},{"floor":8.0,"key":"Odd Mushroom"},{"floor":9.0,"key":"Snake Skull"},{"floor":10.0,"key":"Turnip"},{"floor":25.0,"key":"Question Card"},{"floor":26.0,"key":"Dodecahedron"},{"floor":28.0,"key":"Old Coin"},{"floor":30.0,"key":"Whetstone"}],"event_choices":[{"damage_healed":0.0,"max_hp_gain":0.0,"max_hp_loss":0.0,"gold_gain":0.0,"event_name":"Living Wall","player_choice":"Grow","floor":2.0,"gold_loss":0.0,"damage_taken":0.0,"cards_upgraded":["Neutralize"]},{"damage_healed":0.0,"max_hp_gain":0.0,"max_hp_loss":0.0,"gold_gain":0.0,"event_name":"Mushrooms","player_choice":"Fought Mushrooms","floor":8.0,"gold_loss":0.0,"damage_taken":0.0},{"damage_healed":22.0,"max_hp_gain":0.0,"max_hp_loss":0.0,"gold_gain":0.0,"event_name":"Big Fish","player_choice":"Banana","floor":11.0,"gold_loss":0.0,"damage_taken":0.0},{"cards_removed":["Strike_G"],"damage_healed":0.0,"max_hp_gain":0.0,"max_hp_loss":0.0,"gold_gain":0.0,"event_name":"Designer","player_choice":"Upgrade and Remove","floor":19.0,"gold_loss":110.0,"damage_taken":0.0,"cards_upgraded":["Defend_G"]},{"damage_healed":0.0,"max_hp_gain":0.0,"max_hp_loss":0.0,"gold_gain":0.0,"event_name":"Ghosts","player_choice":"Ignored","floor":21.0,"gold_loss":0.0,"damage_taken":0.0},{"damage_healed":0.0,"max_hp_gain":0.0,"max_hp_loss":0.0,"gold_gain":0.0,"event_name":"Back to Basics","player_choice":"Simplicity","floor":24.0,"gold_loss":0.0,"damage_taken":0.0,"cards_upgraded":["Defend_G","Defend_G","Defend_G","Defend_G","Strike_G","Strike_G","Strike_G"]},{"damage_healed":0.0,"max_hp_gain":0.0,"max_hp_loss":0.0,"gold_gain":50.0,"event_name":"Nest","player_choice":"Stole From Cult","floor":29.0,"gold_loss":0.0,"damage_taken":0.0}],"is_beta":false,"boss_relics":[{"not_picked":["Tiny House","Orrery"],"picked":"Philosopher\u0027s Stone"}],"items_purged_floors":[4],"is_endless":false,"potions_floor_spawned":[5,10,13,14,16,22,25,30],"killed_by":"Automaton","ascension_level":20}