{"gold_per_floor":[113,113,113,125,138,171,171,171,171,187,214,69,69,84,84,187,187,127,127,127,127,127,127],"floor_reached":23,"playtime":5140,"items_purged":["Strike_Br"],"score":326,"play_id":"1639e045-79f5-46a2-8d8e-85c6077c87de","local_time":"20190129213742","is_ascension_mode":false,"campfire_choices":[{"data":"Facsimile","floor":8,"key":"SMITH"},{"floor":15,"key":"REST"}],"neow_cost":"","seed_source_timestamp":282318537722444,"circlet_count":0,"master_deck":["Defend_Br","Defend_Br","SecondHand","PatternShift","ExoVibe","LockedThread","PrimeTime","BlueShift","Backlash","Facsimile+1","VestedLegacy","SecondHand","PrimeTime","Goo","OldTimer","OracleForm","LockedFlame","Goo","Bite","Bite","Bite","Bite","Bite","TiringSlam+1","BiteCommand+1","LockedBlood+1"],"relics":["Chronometer","Pen Nib","Cryopreserver","SlipperyGoo","Ginger","Ectoplasm","Du-Vu Doll","Molten Egg 2"],"potions_floor_usage":[11,16,16,20,22],"damage_taken":[{"damage":0,"enemies":"Jaw Worm","floor":1,"turns":7},{"damage":0,"enemies":"Small Slimes","floor":4,"turns":4},{"damage":0,"enemies":"Cultist","floor":5,"turns":2},{"damage":21,"enemies":"3 Sentries","floor":6,"turns":15},{"damage":2,"enemies":"Looter","floor":10,"turns":5},{"damage":9,"enemies":"Gremlin Nob","floor":11,"turns":5},{"damage":0,"enemies":"Red Slaver","floor":14,"turns":7},{"damage":7,"enemies":"Hexaghost","floor":16,"turns":10},{"damage":9,"enemies":"2 Thieves","floor":18,"turns":4},{"damage":10,"enemies":"Colosseum Slavers","floor":20,"turns":5},{"damage":40,"enemies":"Colosseum Nobs","floor":20,"turns":8},{"damage":4,"enemies":"Shell Parasite","floor":21,"turns":4},{"damage":29,"enemies":"Centurion and Healer","floor":22,"turns":6},{"damage":1,"enemies":"Gremlin Leader","floor":23,"turns":2}],"seed_played":"1316008397510377313","potions_obtained":[{"floor":6,"key":"Swift Potion"},{"floor":10,"key":"Explosive Potion"},{"floor":11,"key":"Weak Potion"},{"floor":14,"key":"Strength Potion"},{"floor":20,"key":"AttackPotion"}],"is_trial":false,"path_per_floor":["M","?","?","M","M","E","?","R","T","M","E","$","?","M","R","B",null,"M","?","?","M","M","E"],"character_chosen":"CHRONO_CLASS","items_purchased":["ExoVibe","Pen Nib","OldTimer"],"campfire_rested":1,"item_purchase_floors":[0,0,12],"current_hp_per_floor":[65,58,58,58,58,37,37,37,37,35,26,26,31,31,52,45,70,61,49,20,22,5,4],"gold":127,"neow_bonus":"","is_prod":false,"is_daily":false,"chose_seed":false,"campfire_upgraded":1,"win_rate":0.0,"timestamp":1548826662,"path_taken":["M","?","?","M","?","E","?","R","T","?","E","$","?","M","R","BOSS","M","?","?","M","M","E"],"build_version":"2019-01-23","purchased_purges":1,"victory":false,"max_hp_per_floor":[65,65,65,65,65,65,65,65,65,65,65,65,70,70,70,70,70,70,49,49,49,49,49],"card_choices":[{"not_picked":["Keepsakes","LockedBlood"],"picked":"LockedThread","floor":1},{"not_picked":["Echoward","AlternateTimeline"],"picked":"PrimeTime","floor":4},{"not_picked":["LockedScales","Echoward"],"picked":"BlueShift","floor":5},{"not_picked":["Echoward","LockedMawBank"],"picked":"Backlash","floor":6},{"not_picked":["BlueShift","Echoward"],"picked":"PrimeTime","floor":10},{"not_picked":["CrunchTime","ReapSow"],"picked":"Goo","floor":11},{"not_picked":["EscortCommand","Analog"],"picked":"OracleForm","floor":14},{"not_picked":["Facsimile","OldTimer"],"picked":"LockedFlame","floor":16},{"not_picked":["LockedMedicine","AlternateTimeline"],"picked":"Goo","floor":18},{"not_picked":["Engulf","Echoward"],"picked":"TiringSlam+1","floor":20},{"not_picked":["Stagnate","LockedMedicine"],"picked":"BiteCommand+1","floor":21},{"not_picked":["BackFourSeconds+1","LockedMedicine+1"],"picked":"LockedBlood+1","floor":22}],"player_experience":278787,"relics_obtained":[{"floor":6,"key":"Cryopreserver"},{"floor":9,"key":"SlipperyGoo"},{"floor":11,"key":"Ginger"},{"floor":20,"key":"Du-Vu Doll"},{"floor":20,"key":"Molten Egg 2"}],"event_choices":[{"cards_removed":["Defend_Br"],"damage_healed":0,"gold_gain":0,"player_choice":"Card Removal","damage_taken":7,"max_hp_gain":0,"max_hp_loss":0,"event_name":"Golden Wing","floor":2,"gold_loss":0},{"cards_removed":["Defend_Br"],"damage_healed":0,"gold_gain":0,"player_choice":"Purged","damage_taken":0,"max_hp_gain":0,"max_hp_loss":0,"event_name":"Purifier","floor":3,"gold_loss":0},{"damage_healed":0,"gold_gain":0,"player_choice":"3 cards matched","damage_taken":0,"max_hp_gain":0,"max_hp_loss":0,"event_name":"Match and Keep!","floor":7,"gold_loss":0,"cards_obtained":["Facsimile","VestedLegacy","SecondHand"]},{"damage_healed":0,"gold_gain":0,"player_choice":"3 cards matched","damage_taken":0,"max_hp_gain":0,"max_hp_loss":0,"event_name":"Match and Keep!","floor":7,"gold_loss":0,"cards_obtained":["Facsimile","VestedLegacy","SecondHand"]},{"damage_healed":0,"gold_gain":0,"player_choice":"Donut","damage_taken":0,"max_hp_gain":5,"max_hp_loss":0,"event_name":"Big Fish","floor":13,"gold_loss":0},{"damage_healed":0,"gold_gain":0,"player_choice":"Became a vampire","damage_taken":0,"max_hp_gain":0,"max_hp_loss":21,"event_name":"Vampires","floor":19,"gold_loss":0,"cards_obtained":["Bite","Bite","Bite","Bite","Bite"]},{"damage_healed":0,"gold_gain":0,"player_choice":"Fight","damage_taken":0,"max_hp_gain":0,"max_hp_loss":0,"event_name":"Colosseum","floor":20,"gold_loss":0},{"damage_healed":0,"gold_gain":0,"player_choice":"Fought Nobs","damage_taken":0,"max_hp_gain":0,"max_hp_loss":0,"event_name":"Colosseum","floor":20,"gold_loss":0}],"is_beta":false,"boss_relics":[{"not_picked":["Tiny House","White Beast Statue"],"picked":"Ectoplasm"}],"items_purged_floors":[12],"is_endless":false,"potions_floor_spawned":[6,10,11,14,20],"killed_by":"Gremlin Leader","ascension_level":0}