{"gold_per_floor":[109,184,198,198,217,252,252,281,281,296,316,316,89,89,89,89],"floor_reached":16,"playtime":714,"items_purged":["Defend_B"],"score":110,"play_id":"2d75f66a-6632-4eb2-bf9e-270cf58db457","local_time":"20190424214321","is_ascension_mode":false,"campfire_choices":[{"floor":7,"key":"REST"},{"data":"Blizzard","floor":15,"key":"SMITH"}],"neow_cost":"NONE","seed_source_timestamp":961791394322197,"circlet_count":0,"master_deck":["Strike_B","Strike_B","Strike_B","Defend_B","Defend_B","Defend_B","Zap+1","Dualcast","Steam","Coolheaded","Leap","Blizzard+1","Sweeping Beam","Chill","Parasite"],"relics":["Cracked Core","Bag of Preparation","Bottled Flame","Matryoshka","Vajra"],"potions_floor_usage":[10,16,16,16],"damage_taken":[{"damage":1,"enemies":"Small Slimes","floor":1,"turns":4},{"damage":0,"enemies":"Jaw Worm","floor":3,"turns":3},{"damage":0,"enemies":"Cultist","floor":5,"turns":4},{"damage":27,"enemies":"Lagavulin","floor":6,"turns":10},{"damage":37,"enemies":"Gremlin Nob","floor":8,"turns":5},{"damage":0,"enemies":"Blue Slaver","floor":10,"turns":1},{"damage":1,"enemies":"Looter","floor":11,"turns":3},{"damage":39,"enemies":"Hexaghost","floor":16,"turns":12}],"seed_played":"-6957204761376471449","potions_obtained":[{"floor":1,"key":"SteroidPotion"},{"floor":4,"key":"SpeedPotion"},{"floor":4,"key":"FocusPotion"},{"floor":8,"key":"AttackPotion"},{"floor":11,"key":"Poison Potion"}],"is_trial":false,"path_per_floor":["M","?","M","?","M","E","R","E","T","M","M","?","$","?","R","B"],"character_chosen":"DEFECT","items_purchased":["Vajra"],"campfire_rested":1,"item_purchase_floors":[13],"current_hp_per_floor":[74,63,63,63,63,36,58,21,21,21,20,20,20,38,38,0],"gold":89,"neow_bonus":"UPGRADE_CARD","is_prod":false,"is_daily":false,"chose_seed":false,"campfire_upgraded":1,"win_rate":0.0,"timestamp":1556138601,"path_taken":["M","?","M","?","M","E","R","E","T","?","M","?","$","?","R","BOSS"],"build_version":"2019-01-23","purchased_purges":1,"victory":false,"max_hp_per_floor":[75,75,75,75,75,75,75,75,75,75,75,75,75,75,75,75],"card_choices":[{"not_picked":["Auto Shields","Compile Driver"],"picked":"Steam","floor":1},{"not_picked":["Go for the Eyes","Melter"],"picked":"Coolheaded","floor":3},{"not_picked":["Redo","Steam"],"picked":"Leap","floor":5},{"not_picked":["Scrape","Ball Lightning"],"picked":"Blizzard","floor":6},{"not_picked":["Barrage","Compile Driver","Redo"],"picked":"SKIP","floor":8},{"not_picked":["All For One","FTL"],"picked":"Sweeping Beam","floor":10},{"not_picked":["Sweeping Beam","Genetic Algorithm"],"picked":"Chill","floor":11}],"player_experience":167224,"relics_obtained":[{"floor":6,"key":"Bag of Preparation"},{"floor":8,"key":"Bottled Flame"},{"floor":9,"key":"Matryoshka"}],"event_choices":[{"damage_healed":0,"gold_gain":75,"player_choice":"Gather Gold","damage_taken":11,"max_hp_gain":0,"max_hp_loss":0,"event_name":"World of Goop","floor":2,"gold_loss":0},{"damage_healed":0,"gold_gain":0,"player_choice":"Got Potions","damage_taken":0,"max_hp_gain":0,"max_hp_loss":0,"event_name":"Lab","floor":4,"gold_loss":0},{"cards_removed":["Strike_B"],"damage_healed":0,"gold_gain":0,"player_choice":"Forget","damage_taken":0,"max_hp_gain":0,"max_hp_loss":0,"event_name":"Living Wall","floor":12,"gold_loss":0},{"damage_healed":18,"gold_gain":0,"player_choice":"Healed and dodged fight","damage_taken":0,"max_hp_gain":0,"max_hp_loss":0,"event_name":"Mushrooms","floor":14,"gold_loss":0,"cards_obtained":["Parasite"]}],"is_beta":false,"boss_relics":[],"items_purged_floors":[13],"is_endless":false,"potions_floor_spawned":[1,5,8,11],"killed_by":"Hexaghost","ascension_level":0}