{"gold_per_floor":[114,64,74,74,88,115,115,149,175,175],"floor_reached":10,"playtime":904,"items_purged":[],"score":103,"play_id":"10d8ad7d-6e3e-4121-b36e-11fbde8ed59d","local_time":"20181229203350","is_ascension_mode":true,"campfire_choices":[{"data":"Loop","floor":7,"key":"SMITH"}],"neow_cost":"NONE","seed_source_timestamp":13251590110252,"circlet_count":0,"master_deck":["Strike_B","Strike_B","Defend_B","Defend_B","Defend_B","Defend_B","Zap","Dualcast","Forethought","Loop+1","Go for the Eyes","Storm","Capacitor","Auto Shields"],"relics":["Cracked Core","Ancient Tea Set","Omamori","Anchor"],"potions_floor_usage":[6,10],"damage_taken":[{"damage":0,"enemies":"2 Louse","floor":1,"turns":1},{"damage":1,"enemies":"Cultist","floor":3,"turns":4},{"damage":10,"enemies":"Small Slimes","floor":5,"turns":3},{"damage":13,"enemies":"Lagavulin","floor":6,"turns":7},{"damage":35,"enemies":"3 Sentries","floor":8,"turns":6},{"damage":35,"enemies":"Gremlin Gang","floor":10,"turns":3}],"seed_played":"-6227010015596662365","potions_obtained":[{"floor":3,"key":"Ancient Potion"},{"floor":5,"key":"SpeedPotion"}],"is_trial":false,"path_per_floor":["M","?","M","?","M","E","R","E","T","M"],"character_chosen":"DEFECT","items_purchased":[],"campfire_rested":0,"item_purchase_floors":[],"current_hp_per_floor":[68,68,67,67,57,44,44,9,9,0],"gold":175,"neow_bonus":"RANDOM_COLORLESS","is_prod":false,"is_daily":false,"chose_seed":false,"campfire_upgraded":1,"win_rate":0,"timestamp":1546144430,"path_taken":["M","?","M","?","M","E","R","E","T","M"],"build_version":"2018-12-25","purchased_purges":0,"victory":false,"max_hp_per_floor":[75,75,75,75,75,75,75,75,75,75],"card_choices":[{"not_picked":["Ball Lightning","Leap"],"picked":"Loop","floor":1},{"not_picked":["Compile Driver","Tempest"],"picked":"Go for the Eyes","floor":3},{"not_picked":["Rebound","Barrage"],"picked":"Storm","floor":5},{"not_picked":["Sweeping Beam","Stack"],"picked":"Capacitor","floor":6},{"not_picked":["Darkness","Streamline"],"picked":"Auto Shields","floor":8}],"player_experience":353721,"relics_obtained":[{"floor":6,"key":"Ancient Tea Set"},{"floor":8,"key":"Omamori"},{"floor":9,"key":"Anchor"}],"event_choices":[{"cards_removed":["Strike_B"],"damage_healed":0,"gold_gain":0,"player_choice":"Card Removal","damage_taken":0,"max_hp_gain":0,"max_hp_loss":0,"event_name":"The Cleric","floor":2,"gold_loss":50},{"cards_removed":["Strike_B"],"damage_healed":0,"gold_gain":0,"player_choice":"Offered Basic","damage_taken":0,"max_hp_gain":0,"max_hp_loss":0,"event_name":"Bonfire Elementals","floor":4,"gold_loss":0}],"is_beta":true,"boss_relics":[],"items_purged_floors":[],"is_endless":false,"potions_floor_spawned":[3,5],"killed_by":"Gremlin Gang","ascension_level":7}