{"gold_per_floor":[109,109,40,40,60,60,92,108,108,121,121,153,153,153],"floor_reached":14,"playtime":635,"items_purged":[],"score":178,"play_id":"ea4a9f78-2e1a-4f41-93be-d9bd81cf15d3","local_time":"20190316122139","is_ascension_mode":true,"campfire_choices":[{"data":"Neutralize","floor":6.0,"key":"SMITH"},{"data":"Footwork","floor":11.0,"key":"SMITH"}],"neow_cost":"NONE","seed_source_timestamp":197917208970009,"circlet_count":0,"master_deck":["Defend_G","Defend_G","Defend_G","Defend_G","Strike_G","Strike_G","Strike_G","Strike_G","Strike_G","Survivor","Neutralize+1","Dagger Spray","Footwork+1","Footwork+1","Prepared","Prepared"],"special_seed":0,"relics":["Ring of the Snake","NeowsBlessing","Kunai","Bottled Lightning","Matryoshka"],"potions_floor_usage":[],"damage_taken":[{"damage":0.0,"enemies":"Cultist","floor":1.0,"turns":1.0},{"damage":0.0,"enemies":"2 Louse","floor":5.0,"turns":1.0},{"damage":0.0,"enemies":"Lagavulin","floor":7.0,"turns":1.0},{"damage":0.0,"enemies":"Small Slimes","floor":8.0,"turns":3.0},{"damage":0.0,"enemies":"Blue Slaver","floor":10.0,"turns":6.0},{"damage":45.0,"enemies":"Gremlin Nob","floor":12.0,"turns":8.0},{"damage":25,"enemies":"3 Sentries","floor":14,"turns":6}],"seed_played":"7837583512345805744","potions_obtained":[{"floor":7.0,"key":"Strength Potion"},{"floor":12.0,"key":"Weak Potion"}],"is_trial":false,"path_per_floor":["M","?","$","?","M","R","E","M","T","M","R","E","?","E"],"character_chosen":"THE_SILENT","items_purchased":["Footwork"],"campfire_rested":0,"item_purchase_floors":[3],"current_hp_per_floor":[63,68,68,68,68,68,68,68,68,68,68,23,23,0],"gold":153,"neow_bonus":"THREE_ENEMY_KILL","is_prod":false,"is_daily":false,"chose_seed":false,"campfire_upgraded":2,"win_rate":0,"timestamp":1552764099,"path_taken":["M","?","$","?","M","R","E","M","T","?","R","E","?","E"],"build_version":"2019-01-23","purchased_purges":0,"victory":false,"max_hp_per_floor":[70,75,75,75,75,75,75,75,75,75,75,75,75,75],"card_choices":[{"not_picked":["Heel Hook","PiercingWail"],"picked":"Dagger Spray","floor":1.0},{"not_picked":["Slice","Flechettes","Blur"],"picked":"SKIP","floor":5.0},{"not_picked":["Noxious Fumes","Bouncing Flask"],"picked":"Footwork","floor":7.0},{"not_picked":["Quick Slash","Outmaneuver"],"picked":"Prepared","floor":8.0},{"not_picked":["Riddle With Holes","Underhanded Strike"],"picked":"Prepared","floor":10.0},{"not_picked":["Prepared","Deflect","Malaise"],"picked":"SKIP","floor":12.0}],"player_experience":432604,"relics_obtained":[{"floor":7.0,"key":"Kunai"},{"floor":9.0,"key":"Bottled Lightning"},{"floor":12.0,"key":"Matryoshka"}],"event_choices":[{"damage_healed":0.0,"max_hp_gain":5.0,"max_hp_loss":0.0,"gold_gain":0.0,"event_name":"Big Fish","player_choice":"Donut","floor":2.0,"gold_loss":0.0,"damage_taken":0.0},{"damage_healed":0.0,"max_hp_gain":0.0,"max_hp_loss":0.0,"gold_gain":0.0,"event_name":"Accursed Blacksmith","player_choice":"Forge","floor":4.0,"gold_loss":0.0,"damage_taken":0.0,"cards_upgraded":["Footwork"]},{"cards_removed":["Defend_G"],"damage_healed":0.0,"max_hp_gain":0.0,"max_hp_loss":0.0,"gold_gain":0.0,"event_name":"Purifier","player_choice":"Purged","floor":13.0,"gold_loss":0.0,"damage_taken":0.0}],"is_beta":false,"boss_relics":[],"items_purged_floors":[],"is_endless":false,"potions_floor_spawned":[7,12],"killed_by":"3 Sentries","ascension_level":9}