{"gold_per_floor":[112,112,132,82,94,121,121,156,156,156,156,166,195,195,195,291,291,309,338,0,0,10,10,26,58,58,9,36,52,52,52,52,156,156,174,191,191,413,426,426,440,471,494,522,534,534,561,573,573,573],"floor_reached":51,"playtime":6276,"items_purged":[],"score":966,"play_id":"82338ce6-df12-49c0-9bab-170f1532a720","local_time":"20181228160559","is_ascension_mode":true,"campfire_choices":[{"data":"Zap","floor":7.0,"key":"SMITH"},{"data":"Sunder","floor":11.0,"key":"SMITH"},{"data":"Dualcast","floor":15.0,"key":"SMITH"},{"data":"Self Repair","floor":23.0,"key":"SMITH"},{"floor":30.0,"key":"REST"},{"data":"Coolheaded","floor":32.0,"key":"SMITH"},{"data":"Auto Shields","floor":40.0,"key":"SMITH"},{"floor":46,"key":"REST"},{"data":"Conserve Battery","floor":49,"key":"SMITH"}],"neow_cost":"PERCENT_DAMAGE","seed_source_timestamp":0,"circlet_count":0,"master_deck":["Defend_B","Defend_B","Zap+1","Dualcast+1","Gash","Sunder+1","Coolheaded+1","Self Repair+1","Go for the Eyes+1","BootSequence","Auto Shields+1","Conserve Battery+1","Core Surge+1","Buffer","Blizzard+1","Beam Cell+1","Scrape+1","BootSequence","Melter+1","Sunder+1","Reboot","Conserve Battery","Conserve Battery","Self Repair+1","BootSequence","Compile Driver+1"],"special_seed":0,"relics":["Cracked Core","Molten Egg 2","Symbiotic Virus","Ornamental Fan","Art of War","Mango","Busted Crown","Red Mask","Thread and Needle","Bronze Scales","Mummified Hand","Ginger","Inserter","Turnip","Vajra","Shuriken","Kunai"],"potions_floor_usage":[47,50,50],"damage_taken":[{"damage":0.0,"enemies":"Small Slimes","floor":1.0,"turns":2.0},{"damage":0.0,"enemies":"Cultist","floor":3.0,"turns":3.0},{"damage":0.0,"enemies":"2 Louse","floor":5.0,"turns":1.0},{"damage":21.0,"enemies":"3 Sentries","floor":6.0,"turns":12.0},{"damage":1.0,"enemies":"Gremlin Nob","floor":8.0,"turns":3.0},{"damage":6.0,"enemies":"Gremlin Gang","floor":12.0,"turns":3.0},{"damage":8.0,"enemies":"Lagavulin","floor":13.0,"turns":5.0},{"damage":17.0,"enemies":"Hexaghost","floor":16.0,"turns":9.0},{"damage":0.0,"enemies":"Shell Parasite","floor":18.0,"turns":4.0},{"damage":33.0,"enemies":"Masked Bandits","floor":19.0,"turns":4.0},{"damage":0.0,"enemies":"3 Byrds","floor":22.0,"turns":3.0},{"damage":0.0,"enemies":"Centurion and Healer","floor":24.0,"turns":5.0},{"damage":8.0,"enemies":"Book of Stabbing","floor":25.0,"turns":5.0},{"damage":41.0,"enemies":"Slavers","floor":28.0,"turns":6.0},{"damage":0.0,"enemies":"Shelled Parasite and Fungi","floor":29.0,"turns":5.0},{"damage":19.0,"enemies":"Collector","floor":33.0,"turns":8.0},{"damage":1.0,"enemies":"3 Shapes","floor":35.0,"turns":3.0},{"damage":0.0,"enemies":"3 Darklings","floor":36.0,"turns":6.0},{"damage":0.0,"enemies":"Sphere and 2 Shapes","floor":39.0,"turns":3.0},{"damage":21.0,"enemies":"Maw","floor":41.0,"turns":7.0},{"damage":55,"enemies":"Giant Head","floor":42,"turns":9},{"damage":19,"enemies":"Nemesis","floor":44,"turns":9},{"damage":18,"enemies":"3 Darklings","floor":45,"turns":5},{"damage":9,"enemies":"Reptomancer","floor":47,"turns":6},{"damage":0,"enemies":"Sphere and 2 Shapes","floor":48,"turns":3},{"damage":56,"enemies":"Donu and Deca","floor":50,"turns":8}],"seed_played":"-3847898788629407996","potions_obtained":[{"floor":1.0,"key":"Ancient Potion"},{"floor":3.0,"key":"Poison Potion"},{"floor":6.0,"key":"Explosive Potion"},{"floor":12.0,"key":"GamblersBrew"},{"floor":22.0,"key":"Weak Potion"},{"floor":25.0,"key":"LiquidBronze"},{"floor":35.0,"key":"Poison Potion"},{"floor":39.0,"key":"Explosive Potion"},{"floor":45,"key":"LiquidBronze"},{"floor":48,"key":"AttackPotion"}],"is_trial":false,"path_per_floor":["M","?","M","?","M","E","R","E","T","?","R","E","T","R","B",null,"M","?","$","?","M","R","M","E","T","$","E","M","R","?","R","B",null,"M","M","?","?","M","R","M","T","E","M","R","E","M","R","B",null],"character_chosen":"DEFECT","items_purchased":["Thread and Needle","Scrape+1","AttackPotion"],"campfire_rested":2,"item_purchase_floors":[20,20,27],"current_hp_per_floor":[50,75,75,75,75,61,61,60,60,60,60,61,60,74,74,64,83,89,56,56,56,63,63,73,75,75,75,44,54,80,80,80,71,85,89,89,89,89,89,89,78,33,33,34,36,62,73,83,83,47],"gold":573,"neow_bonus":"TRANSFORM_TWO_CARDS","is_prod":false,"is_daily":false,"chose_seed":false,"campfire_upgraded":7,"win_rate":0,"timestamp":1546041959,"path_taken":["M","?","?","?","M","E","R","E","T","?","R","?","E","?","R","BOSS","M","?","$","?","M","R","?","E","T","?","E","M","R","?","R","BOSS","M","M","?","?","?","R","M","E","T","E","M","R","E","M","R","BOSS"],"build_version":"2018-12-25","purchased_purges":0,"victory":true,"max_hp_per_floor":[75,75,75,75,75,75,75,75,75,75,75,75,75,89,89,89,89,89,89,89,89,89,89,89,89,89,89,89,89,89,89,89,89,89,89,89,89,89,89,89,89,89,89,89,89,89,89,89,89,89],"card_choices":[{"not_picked":["Storm","Leap"],"picked":"Sunder","floor":1.0},{"not_picked":["Stack","Leap"],"picked":"Coolheaded","floor":3.0},{"not_picked":["Redo","Chaos"],"picked":"Self Repair","floor":5.0},{"not_picked":["Undo","Streamline"],"picked":"Go for the Eyes","floor":6.0},{"not_picked":["Lockon+1","Blizzard+1"],"picked":"BootSequence","floor":8.0},{"not_picked":["BootSequence","Compile Driver+1"],"picked":"Conserve Battery","floor":12.0},{"not_picked":["Steam","Conserve Battery"],"picked":"Core Surge+1","floor":13.0},{"not_picked":["Fission","Multi-Cast"],"picked":"Buffer","floor":16.0},{"not_picked":[],"picked":"Blizzard+1","floor":18.0},{"not_picked":[],"picked":"Beam Cell+1","floor":19.0},{"not_picked":["Lockon+1"],"picked":"SKIP","floor":22.0},{"not_picked":["Turbo"],"picked":"SKIP","floor":24.0},{"not_picked":[],"picked":"BootSequence","floor":25.0},{"not_picked":["Turbo+1"],"picked":"SKIP","floor":28.0},{"not_picked":[],"picked":"Melter+1","floor":29.0},{"not_picked":[],"picked":"Reboot","floor":33.0},{"not_picked":[],"picked":"Conserve Battery","floor":35.0},{"not_picked":["Sweeping Beam+1"],"picked":"SKIP","floor":36.0},{"not_picked":["Skim"],"picked":"SKIP","floor":39.0},{"not_picked":[],"picked":"Conserve Battery","floor":41.0},{"not_picked":[],"picked":"Self Repair+1","floor":42},{"not_picked":[],"picked":"BootSequence","floor":44},{"not_picked":["Barrage+1"],"picked":"SKIP","floor":45},{"not_picked":[],"picked":"Compile Driver+1","floor":47},{"not_picked":["BootSequence"],"picked":"SKIP","floor":48}],"player_experience":342093,"relics_obtained":[{"floor":6.0,"key":"Molten Egg 2"},{"floor":8.0,"key":"Symbiotic Virus"},{"floor":9.0,"key":"Ornamental Fan"},{"floor":13.0,"key":"Art of War"},{"floor":14.0,"key":"Mango"},{"floor":19.0,"key":"Red Mask"},{"floor":25.0,"key":"Bronze Scales"},{"floor":26.0,"key":"Mummified Hand"},{"floor":28.0,"key":"Ginger"},{"floor":42,"key":"Turnip"},{"floor":43,"key":"Vajra"},{"floor":44,"key":"Shuriken"},{"floor":47,"key":"Kunai"}],"event_choices":[{"cards_removed":["Rip and Tear"],"damage_healed":25.0,"max_hp_gain":0.0,"max_hp_loss":0.0,"gold_gain":0.0,"event_name":"Bonfire Elementals","player_choice":"Offered Uncommon","floor":2.0,"gold_loss":0.0,"damage_taken":0.0},{"cards_removed":["Strike_B"],"damage_healed":0.0,"max_hp_gain":0.0,"max_hp_loss":0.0,"gold_gain":0.0,"event_name":"The Cleric","player_choice":"Card Removal","floor":4.0,"gold_loss":50.0,"damage_taken":0.0},{"damage_healed":0.0,"max_hp_gain":0.0,"max_hp_loss":0.0,"gold_gain":0.0,"cards_transformed":["Defend_B"],"event_name":"Transmorgrifier","player_choice":"Transformed","floor":10.0,"gold_loss":0.0,"damage_taken":0.0,"cards_obtained":["Auto Shields"]},{"damage_healed":0.0,"max_hp_gain":0.0,"max_hp_loss":0.0,"gold_gain":0.0,"event_name":"Masked Bandits","player_choice":"Fought Bandits","floor":19.0,"gold_loss":0.0,"damage_taken":0.0},{"cards_removed":["Strike_B"],"damage_healed":0.0,"max_hp_gain":0.0,"max_hp_loss":0.0,"gold_gain":0.0,"event_name":"Purifier","player_choice":"Purged","floor":21.0,"gold_loss":0.0,"damage_taken":0.0},{"damage_healed":0.0,"max_hp_gain":0.0,"max_hp_loss":0.0,"gold_gain":0.0,"event_name":"The Library","player_choice":"Read","floor":31.0,"gold_loss":0.0,"damage_taken":0.0,"cards_obtained":["Sunder"]},{"cards_removed":["Defend_B"],"damage_healed":0.0,"max_hp_gain":0.0,"max_hp_loss":0.0,"gold_gain":0.0,"event_name":"Falling","player_choice":"Removed Skill","floor":37.0,"gold_loss":0.0,"damage_taken":0.0},{"damage_healed":0.0,"max_hp_gain":0.0,"max_hp_loss":0.0,"gold_gain":222.0,"event_name":"Tomb of Lord Red Mask","player_choice":"Wore Mask","floor":38.0,"gold_loss":0.0,"damage_taken":0.0}],"is_beta":true,"boss_relics":[{"not_picked":["Tiny House","Ectoplasm"],"picked":"Busted Crown"},{"not_picked":["Pandora\u0027s Box","Fusion Hammer"],"picked":"Inserter"}],"items_purged_floors":[],"is_endless":false,"potions_floor_spawned":[1,3,6,12,22,25,35,39,45,48],"ascension_level":6}