{"gold_per_floor":[114,114,127,138,213,244,244,279,306,332,342,376,395,10,10,105,105,115,115,134,144,144,144,144,144,144,171,185,185,185,219,219,314,314,331,606,5,21,21],"floor_reached":39,"playtime":4254,"items_purged":["Regret"],"score":547,"play_id":"8f166e69-175a-4285-be6a-2346b98c13fe","local_time":"20181122211245","is_ascension_mode":true,"campfire_choices":[{"floor":7.0,"key":"REST"},{"data":"Limit Break","floor":15.0,"key":"SMITH"},{"floor":23.0,"key":"REST"},{"data":"RitualDagger","floor":25.0,"key":"SMITH"},{"floor":29.0,"key":"REST"},{"floor":32.0,"key":"REST"}],"neow_cost":"TEN_PERCENT_HP_LOSS","seed_source_timestamp":0,"circlet_count":0,"master_deck":["Bash","Limit Break+1","Power Through+1","Pommel Strike","Flex+1","Brutality","Inflame","Limit Break+1","Flex+1","Cleave","Battle Trance+1","Infernal Blade+1","Rupture","Sadistic Nature","Jack Of All Trades+1","Infernal Blade+1","Brutality","Iron Wave","Heavy Blade","Flex+1","Seeing Red+1","Evolve","Rupture+1","Armaments+1","Reckless Charge","RitualDagger+1","True Grit+1","Warcry+1","Bloodletting+1","Clumsy","Juggernaut","Clumsy","Parasite","Shame","Armaments+1","Metamorphosis+1","Exhume+1","Battle Trance+1"],"special_seed":0,"relics":["Burning Blood","PreservedInsect","Anchor","Happy Flower","Toxic Egg 2","Sundial","Pandora\u0027s Box","War Paint","Ancient Tea Set","Bottled Flame","Calling Bell","Bronze Scales","Letter Opener","Prayer Wheel","Strange Spoon","Strawberry"],"potions_floor_usage":[33,35,39],"damage_taken":[{"damage":2.0,"enemies":"Small Slimes","floor":1.0,"turns":5.0},{"damage":1.0,"enemies":"Cultist","floor":3.0,"turns":3.0},{"damage":6.0,"enemies":"Jaw Worm","floor":4.0,"turns":5.0},{"damage":45.0,"enemies":"3 Sentries","floor":6.0,"turns":8.0},{"damage":10.0,"enemies":"Lagavulin","floor":8.0,"turns":5.0},{"damage":3.0,"enemies":"3 Sentries","floor":10.0,"turns":4.0},{"damage":0.0,"enemies":"2 Fungi Beasts","floor":11.0,"turns":2.0},{"damage":11.0,"enemies":"Lagavulin","floor":12.0,"turns":4.0},{"damage":1.0,"enemies":"Blue Slaver","floor":13.0,"turns":2.0},{"damage":7.0,"enemies":"Hexaghost","floor":16.0,"turns":4.0},{"damage":24.0,"enemies":"3 Byrds","floor":18.0,"turns":5.0},{"damage":31.0,"enemies":"2 Thieves","floor":20.0,"turns":3.0},{"damage":6.0,"enemies":"Centurion and Healer","floor":21.0,"turns":3.0},{"damage":25.0,"enemies":"Gremlin Leader","floor":27.0,"turns":4.0},{"damage":3.0,"enemies":"Chosen and Byrds","floor":28.0,"turns":4.0},{"damage":23.0,"enemies":"Book of Stabbing","floor":31.0,"turns":3.0},{"damage":47,"enemies":"Collector","floor":33,"turns":5},{"damage":41,"enemies":"3 Darklings","floor":35,"turns":4},{"damage":48,"enemies":"3 Shapes","floor":38,"turns":4},{"damage":8,"enemies":"3 Darklings","floor":39,"turns":1}],"seed_played":"7500569780882636521","potions_obtained":[{"floor":4.0,"key":"Poison Potion"},{"floor":6.0,"key":"SteroidPotion"},{"floor":8.0,"key":"LiquidBronze"},{"floor":12.0,"key":"Explosive Potion"},{"floor":13.0,"key":"SneckoOil"},{"floor":28.0,"key":"PowerPotion"},{"floor":31.0,"key":"Swift Potion"},{"floor":33,"key":"Regen Potion"},{"floor":38,"key":"LiquidBronze"}],"is_trial":false,"path_per_floor":["M","?","M","M","?","E","R","E","T","E","M","E","M","$","R","B",null,"M","?","M","M","?","R","?","R","T","E","M","R","?","E","R","B",null,"M","?","$","M","M"],"character_chosen":"IRONCLAD","items_purchased":["Rupture","Sadistic Nature","Jack Of All Trades+1","Infernal Blade+1","Strange Spoon","Metamorphosis+1","Strawberry"],"campfire_rested":4,"item_purchase_floors":[14,14,14,14,37,37,37],"current_hp_per_floor":[72,72,72,72,61,22,43,39,39,42,48,43,48,48,48,47,72,54,54,29,29,29,50,44,44,44,25,28,49,49,32,53,12,72,42,42,49,7,0],"gold":21,"neow_bonus":"TRANSFORM_TWO_CARDS","is_prod":false,"is_daily":false,"chose_seed":false,"campfire_upgraded":2,"win_rate":0,"timestamp":1542949965,"path_taken":["M","?","M","?","?","E","R","E","T","E","M","E","M","$","R","BOSS","M","?","M","M","?","R","?","R","T","E","?","R","?","E","R","BOSS","M","?","$","M","M"],"build_version":"2018-11-15","purchased_purges":1,"victory":false,"max_hp_per_floor":[72,72,72,72,72,72,72,72,72,72,72,72,72,72,72,72,72,72,72,72,72,72,72,72,72,72,72,72,72,72,72,72,72,72,72,72,79,79,79],"card_choices":[{"not_picked":["Body Slam","Wild Strike"],"picked":"Pommel Strike","floor":1.0},{"not_picked":["Seeing Red","Disarm"],"picked":"Flex","floor":3.0},{"not_picked":["Thunderclap","Iron Wave"],"picked":"Brutality","floor":4.0},{"not_picked":["Blood for Blood","Clash"],"picked":"Inflame","floor":6.0},{"not_picked":["Iron Wave","Thunderclap"],"picked":"Limit Break","floor":8.0},{"not_picked":["Sword Boomerang","Anger"],"picked":"Flex","floor":10.0},{"not_picked":["Body Slam","Sword Boomerang"],"picked":"Cleave","floor":11.0},{"not_picked":["Sentinel+1","Clash"],"picked":"Battle Trance+1","floor":12.0},{"not_picked":["Sever Soul","Anger"],"picked":"Infernal Blade+1","floor":13.0},{"not_picked":["Barricade","Bludgeon"],"picked":"Brutality","floor":16.0},{"not_picked":["Evolve","Havoc+1"],"picked":"Rupture+1","floor":18.0},{"not_picked":["Hemokinesis","Wild Strike+1"],"picked":"Armaments+1","floor":20.0},{"not_picked":["Cleave","Thunderclap"],"picked":"Reckless Charge","floor":21.0},{"not_picked":["Reckless Charge","Shrug It Off+1"],"picked":"True Grit+1","floor":27.0},{"not_picked":["Pommel Strike","Ghostly Armor+1"],"picked":"Warcry+1","floor":28.0},{"not_picked":["Brutality","Infernal Blade+1","Havoc+1"],"picked":"SKIP","floor":31.0},{"not_picked":["Double Tap+1","Reaper"],"picked":"Juggernaut","floor":33},{"not_picked":["Whirlwind+1","Flame Barrier+1"],"picked":"Armaments+1","floor":35},{"not_picked":["Shrug It Off+1","Reckless Charge","Clash"],"picked":"SKIP","floor":35},{"not_picked":["Body Slam","Entrench+1"],"picked":"Exhume+1","floor":38},{"not_picked":["Heavy Blade","Iron Wave"],"picked":"Battle Trance+1","floor":38}],"player_experience":229223,"relics_obtained":[{"floor":6.0,"key":"PreservedInsect"},{"floor":8.0,"key":"Anchor"},{"floor":9.0,"key":"Happy Flower"},{"floor":10.0,"key":"Toxic Egg 2"},{"floor":12.0,"key":"Sundial"},{"floor":26.0,"key":"War Paint"},{"floor":27.0,"key":"Ancient Tea Set"},{"floor":31.0,"key":"Bottled Flame"},{"floor":34,"key":"Bronze Scales"},{"floor":34,"key":"Letter Opener"},{"floor":34,"key":"Prayer Wheel"}],"event_choices":[{"damage_healed":0.0,"max_hp_gain":0.0,"max_hp_loss":0.0,"gold_gain":0.0,"event_name":"Upgrade Shrine","player_choice":"Upgraded","floor":2.0,"gold_loss":0.0,"damage_taken":0.0,"cards_upgraded":["Power Through"]},{"damage_healed":0.0,"max_hp_gain":0.0,"max_hp_loss":0.0,"gold_gain":75.0,"event_name":"World of Goop","player_choice":"Gather Gold","floor":5.0,"gold_loss":0.0,"damage_taken":11.0},{"cards_removed":["Wild Strike"],"damage_healed":0.0,"max_hp_gain":0.0,"max_hp_loss":0.0,"gold_gain":0.0,"event_name":"Back to Basics","player_choice":"Elegance","floor":19.0,"gold_loss":0.0,"damage_taken":0.0},{"damage_healed":0.0,"max_hp_gain":0.0,"max_hp_loss":0.0,"gold_gain":0.0,"event_name":"Forgotten Altar","player_choice":"Smashed Altar","floor":22.0,"gold_loss":0.0,"damage_taken":0.0,"cards_obtained":["Decay"]},{"damage_healed":0.0,"max_hp_gain":0.0,"max_hp_loss":0.0,"gold_gain":0.0,"event_name":"Nest","player_choice":"Joined the Cult","floor":24.0,"gold_loss":0.0,"damage_taken":6.0,"cards_obtained":["RitualDagger"]},{"damage_healed":0.0,"max_hp_gain":0.0,"max_hp_loss":0.0,"gold_gain":0.0,"cards_transformed":["Corruption","Decay"],"event_name":"Drug Dealer","player_choice":"Became Test Subject","floor":30.0,"gold_loss":0.0,"damage_taken":0.0,"cards_obtained":["Bloodletting","Clumsy"]},{"damage_healed":0,"gold_gain":275,"player_choice":"Desecrate","damage_taken":0,"max_hp_gain":0,"max_hp_loss":0,"event_name":"Golden Shrine","floor":36,"gold_loss":0,"cards_obtained":["Regret"]}],"is_beta":true,"boss_relics":[{"not_picked":["Black Star","Mark of Pain"],"picked":"Pandora\u0027s Box"},{"not_picked":["Orrery","Busted Crown"],"picked":"Calling Bell"}],"items_purged_floors":[37],"is_endless":false,"potions_floor_spawned":[4,6,8,12,13,28,31,33,38],"killed_by":"3 Darklings","ascension_level":1}