{"gold_per_floor":[16,16,16,32,307,307,340,340,385,404,432,447,447,464,464,559,559,579,565,565,32,43,43,72,72,72,90,108,108,118,0,0,99,99,119,219,219,219,235,260,260,6,33,33,33,61,78,104,104,104],"floor_reached":51,"playtime":8995,"items_purged":["Strike_B"],"score":973,"play_id":"8cd60521-b44b-4f47-8854-e9ad446b7b1c","local_time":"20181227123500","is_ascension_mode":true,"campfire_choices":[{"data":"Zap","floor":6.0,"key":"SMITH"},{"data":"Dualcast","floor":8.0,"key":"SMITH"},{"floor":15.0,"key":"REST"},{"floor":23.0,"key":"REST"},{"data":"Sunder","floor":25.0,"key":"SMITH"},{"floor":32.0,"key":"REST"},{"data":"Capacitor","floor":41,"key":"SMITH"},{"data":"Go for the Eyes","floor":44,"key":"SMITH"},{"data":"Beam Cell","floor":45,"key":"SMITH"},{"data":"Double Energy","floor":49,"key":"SMITH"}],"neow_cost":"NO_GOLD","seed_source_timestamp":0,"circlet_count":0,"master_deck":["Strike_B","Strike_B+1","Defend_B","Defend_B+1","Defend_B","Defend_B","Zap+1","Dualcast+1","Capacitor+1","White Noise+1","Go for the Eyes+1","Ball Lightning","Machine Learning+1","Hologram","Beam Cell+1","Seek","Conserve Battery","Sunder+1","Defragment+1","Conserve Battery","BootSequence","Conserve Battery","Buffer+1","Double Energy+1"],"special_seed":0,"relics":["FrozenCore","Torii","Frozen Egg 2","Oddly Smooth Stone","Bag of Marbles","MealTicket","Singing Bowl","Omamori","Nilry\u0027s Codex","Inserter","WingedGreaves","Blue Candle","ClockworkSouvenir","Potion Belt","Ancient Tea Set","Strawberry"],"potions_floor_usage":[40,50,50,50],"damage_taken":[{"damage":1.0,"enemies":"2 Louse","floor":1.0,"turns":3.0},{"damage":0.0,"enemies":"Small Slimes","floor":4.0,"turns":3.0},{"damage":18.0,"enemies":"Lagavulin","floor":7.0,"turns":7.0},{"damage":2.0,"enemies":"Jaw Worm","floor":10.0,"turns":3.0},{"damage":9.0,"enemies":"Gremlin Nob","floor":11.0,"turns":3.0},{"damage":14.0,"enemies":"Exordium Thugs","floor":12.0,"turns":4.0},{"damage":4.0,"enemies":"Blue Slaver","floor":14.0,"turns":3.0},{"damage":11.0,"enemies":"Slime Boss","floor":16.0,"turns":10.0},{"damage":15.0,"enemies":"Spheric Guardian","floor":18.0,"turns":6.0},{"damage":8.0,"enemies":"2 Thieves","floor":19.0,"turns":4.0},{"damage":10.0,"enemies":"Snake Plant","floor":22.0,"turns":4.0},{"damage":10.0,"enemies":"Gremlin Leader","floor":24.0,"turns":8.0},{"damage":0.0,"enemies":"Chosen and Byrds","floor":27.0,"turns":5.0},{"damage":6.0,"enemies":"Centurion and Healer","floor":28.0,"turns":8.0},{"damage":0.0,"enemies":"Cultist and Chosen","floor":30.0,"turns":7.0},{"damage":1.0,"enemies":"Champ","floor":33.0,"turns":9.0},{"damage":0.0,"enemies":"Orb Walker","floor":35.0,"turns":7.0},{"damage":20.0,"enemies":"Mind Bloom Boss Battle","floor":36.0,"turns":8.0},{"damage":1.0,"enemies":"3 Shapes","floor":39.0,"turns":8.0},{"damage":16,"enemies":"Reptomancer","floor":40,"turns":8},{"damage":1,"enemies":"Nemesis","floor":46,"turns":9},{"damage":0,"enemies":"Maw","floor":47,"turns":9},{"damage":2,"enemies":"Giant Head","floor":48,"turns":10},{"damage":15,"enemies":"Awakened One","floor":50,"turns":15}],"seed_played":"6987329287473703911","potions_obtained":[{"floor":1.0,"key":"EntropicBrew"},{"floor":10.0,"key":"AttackPotion"},{"floor":11.0,"key":"Fire Potion"},{"floor":14.0,"key":"Block Potion"},{"floor":24.0,"key":"Explosive Potion"},{"floor":30.0,"key":"Regen Potion"},{"floor":33.0,"key":"SteroidPotion"},{"floor":36.0,"key":"Explosive Potion"},{"floor":47,"key":"Explosive Potion"},{"floor":48,"key":"Explosive Potion"}],"is_trial":false,"path_per_floor":["M","?","?","M","?","R","E","R","T","M","E","M","?","M","R","B",null,"M","M","?","$","M","R","E","R","T","M","M","?","M","?","R","B",null,"M","?","?","?","M","R","$","T","R","R","E","M","E","R","B",null],"character_chosen":"DEFECT","items_purchased":["Defragment+1","FocusPotion","MealTicket","SkillPotion","Fire Potion","ClockworkSouvenir","Dexterity Potion"],"campfire_rested":3,"item_purchase_floors":[21,21,21,21,21,42,42],"current_hp_per_floor":[74,59,52,52,52,52,34,34,34,32,23,9,9,5,27,16,60,45,37,37,37,27,49,39,39,39,39,35,19,21,21,44,58,74,76,58,79,79,80,66,66,76,76,76,76,77,77,84,84,69],"gold":104,"neow_bonus":"ONE_RARE_RELIC","is_prod":false,"is_daily":false,"chose_seed":false,"campfire_upgraded":7,"win_rate":0,"timestamp":1545942900,"path_taken":["M","?","?","M","?","R","E","R","T","?","E","M","?","?","R","BOSS","M","M","?","$","M","R","E","R","T","M","M","?","?","?","R","BOSS","M","?","?","?","?","E","R","$","T","R","R","E","M","E","R","BOSS"],"build_version":"2018-12-25","purchased_purges":1,"victory":true,"max_hp_per_floor":[75,75,75,75,75,75,75,75,75,75,75,75,75,75,75,75,75,75,75,75,75,75,75,75,75,75,75,77,77,79,79,79,79,79,81,83,83,83,85,87,87,87,87,87,87,89,89,98,98,98],"card_choices":[{"not_picked":["BootSequence","Skim"],"picked":"Capacitor","floor":1.0},{"not_picked":["Rebound","Ball Lightning"],"picked":"White Noise","floor":4.0},{"not_picked":["Hello World","Undo"],"picked":"Go for the Eyes","floor":7.0},{"not_picked":["Hello World+1","Rebound"],"picked":"Ball Lightning","floor":10.0},{"not_picked":["Streamline","Skim"],"picked":"Machine Learning+1","floor":11.0},{"not_picked":["Reprogram","Beam Cell"],"picked":"Hologram","floor":12.0},{"not_picked":["Turbo","Compile Driver"],"picked":"Beam Cell","floor":14.0},{"not_picked":["Thunder Strike","Rainbow"],"picked":"Seek","floor":16.0},{"not_picked":["Steam+1","Stack+1"],"picked":"Conserve Battery","floor":18.0},{"not_picked":["Static Discharge+1","Redo"],"picked":"Sunder","floor":19.0},{"not_picked":["Beam Cell+1","Gash"],"picked":"Conserve Battery","floor":22.0},{"not_picked":["Cold Snap+1","Auto Shields"],"picked":"BootSequence","floor":24.0},{"not_picked":["Thunder Strike","Compile Driver+1"],"picked":"Conserve Battery","floor":27.0},{"not_picked":["Scrape","Conserve Battery","Sunder"],"picked":"Singing Bowl","floor":28.0},{"not_picked":["Double Energy","Auto Shields","Ball Lightning"],"picked":"Singing Bowl","floor":30.0},{"not_picked":["Multi-Cast","Machine Learning+1"],"picked":"Buffer+1","floor":33.0},{"not_picked":["Rebound+1","Hologram","Barrage+1"],"picked":"Singing Bowl","floor":35.0},{"not_picked":["Beam Cell+1","Coolheaded+1","Chaos"],"picked":"Singing Bowl","floor":36.0},{"not_picked":["Stack","Cold Snap","Scrape+1"],"picked":"Singing Bowl","floor":39.0},{"not_picked":["Cold Snap+1","Turbo","Beam Cell"],"picked":"Singing Bowl","floor":40},{"not_picked":["Machine Learning+1","Heatsinks+1","Amplify"],"picked":"Singing Bowl","floor":46},{"not_picked":["Heatsinks+1","Ball Lightning"],"picked":"Double Energy","floor":47},{"not_picked":["Reinforced Body+1","Compile Driver+1","Genetic Algorithm"],"picked":"Singing Bowl","floor":48}],"player_experience":333098,"relics_obtained":[{"floor":7.0,"key":"Frozen Egg 2"},{"floor":9.0,"key":"Oddly Smooth Stone"},{"floor":11.0,"key":"Bag of Marbles"},{"floor":24.0,"key":"Singing Bowl"},{"floor":26.0,"key":"Omamori"},{"floor":29.0,"key":"Nilry\u0027s Codex"},{"floor":36.0,"key":"WingedGreaves"},{"floor":40,"key":"Blue Candle"},{"floor":43,"key":"Potion Belt"},{"floor":46,"key":"Ancient Tea Set"},{"floor":48,"key":"Strawberry"}],"event_choices":[{"damage_healed":0.0,"max_hp_gain":0.0,"max_hp_loss":0.0,"gold_gain":0.0,"event_name":"Shining Light","player_choice":"Entered Light","floor":2.0,"gold_loss":0.0,"damage_taken":15.0,"cards_upgraded":["Strike_B","Defend_B"]},{"cards_removed":["Strike_B"],"damage_healed":0.0,"max_hp_gain":0.0,"max_hp_loss":0.0,"gold_gain":0.0,"event_name":"Golden Wing","player_choice":"Card Removal","floor":3.0,"gold_loss":0.0,"damage_taken":7.0},{"damage_healed":0.0,"max_hp_gain":0.0,"max_hp_loss":0.0,"gold_gain":275.0,"event_name":"Golden Shrine","player_choice":"Desecrate","floor":5.0,"gold_loss":0.0,"damage_taken":0.0,"cards_obtained":["Regret"]},{"damage_healed":0.0,"max_hp_gain":0.0,"max_hp_loss":0.0,"gold_gain":0.0,"event_name":"Upgrade Shrine","player_choice":"Upgraded","floor":13.0,"gold_loss":0.0,"damage_taken":0.0,"cards_upgraded":["White Noise"]},{"cards_removed":["Regret"],"damage_healed":0.0,"max_hp_gain":0.0,"max_hp_loss":0.0,"gold_gain":0.0,"event_name":"Back to Basics","player_choice":"Elegance","floor":20.0,"gold_loss":0.0,"damage_taken":0.0},{"damage_healed":0.0,"max_hp_gain":0.0,"max_hp_loss":0.0,"gold_gain":0.0,"event_name":"Cursed Tome","player_choice":"Obtained Book","floor":29.0,"gold_loss":0.0,"damage_taken":16.0},{"damage_healed":0.0,"max_hp_gain":0.0,"max_hp_loss":0.0,"gold_gain":0.0,"event_name":"Masked Bandits","player_choice":"Paid Fearfully","floor":31.0,"gold_loss":118.0,"damage_taken":0.0},{"damage_healed":0.0,"max_hp_gain":0.0,"max_hp_loss":0.0,"gold_gain":0.0,"event_name":"MindBloom","player_choice":"Fight","floor":36.0,"gold_loss":0.0,"damage_taken":0.0},{"damage_healed":21.0,"max_hp_gain":0.0,"max_hp_loss":0.0,"gold_gain":0.0,"event_name":"Winding Halls","player_choice":"Writhe","floor":37.0,"gold_loss":0.0,"damage_taken":0.0,"cards_obtained":["Writhe"]},{"damage_healed":0.0,"max_hp_gain":0.0,"max_hp_loss":0.0,"gold_gain":0.0,"event_name":"The Woman in Blue","player_choice":"Bought 0 Potions","floor":38.0,"gold_loss":0.0,"damage_taken":0.0}],"is_beta":true,"boss_relics":[{"not_picked":["Philosopher\u0027s Stone","Orrery"],"picked":"FrozenCore"},{"not_picked":["Eternal Feather","Runic Pyramid"],"picked":"Inserter"}],"items_purged_floors":[21],"is_endless":false,"potions_floor_spawned":[1,10,11,14,22,24,30,33,36,47,48],"ascension_level":5}