{"gold_per_floor":[109,109,284,34,109,144,157,157,157,198,198,198,49,79,79,173,173,189,204,69,83,108,108,108],"floor_reached":24,"playtime":1533,"items_purged":["Doubt","Injury"],"score":343,"play_id":"45464a68-5309-46a5-906a-78b1abee45f6","local_time":"20190522151836","is_ascension_mode":true,"campfire_choices":[{"floor":8.0,"key":"REST"},{"floor":12,"key":"REST"},{"floor":15,"key":"REST"},{"floor":23,"key":"REST"}],"neow_cost":"NONE","seed_source_timestamp":13601768000463,"circlet_count":0,"master_deck":["AscendersBane","Defend_G","Defend_G","Defend_G","Defend_G","Defend_G","Strike_G","Strike_G","Strike_G","Strike_G","Strike_G","Survivor","Neutralize","Footwork","Terror","Quick Slash","Dagger Spray","Sucker Punch","Well Laid Plans","Adrenaline","Dagger Spray","Footwork"],"special_seed":0,"relics":["Ring of the Serpent","Golden Idol","Shuriken","Blue Candle","Dream Catcher","Pen Nib","Anchor"],"potions_floor_usage":[10,16,21,22,24],"damage_taken":[{"damage":4.0,"enemies":"Jaw Worm","floor":1.0,"turns":8.0},{"damage":29.0,"enemies":"Lagavulin","floor":6.0,"turns":13.0},{"damage":8.0,"enemies":"Small Slimes","floor":7.0,"turns":4.0},{"damage":19,"enemies":"Gremlin Nob","floor":10,"turns":5},{"damage":32,"enemies":"The Guardian","floor":16,"turns":12},{"damage":0,"enemies":"3 Byrds","floor":18,"turns":4},{"damage":0,"enemies":"Chosen","floor":19,"turns":4},{"damage":33,"enemies":"3 Cultists","floor":21,"turns":5},{"damage":6,"enemies":"Snake Plant","floor":22,"turns":6},{"damage":46,"enemies":"Slavers","floor":24,"turns":3}],"seed_played":"-3583152203917484558","potions_obtained":[{"floor":1.0,"key":"EssenceOfSteel"},{"floor":16,"key":"SteroidPotion"},{"floor":18,"key":"SpeedPotion"},{"floor":21,"key":"Weak Potion"}],"is_trial":false,"path_per_floor":["M","?","?","$","?","E","M","R","T","E","?","R","$","?","R","B",null,"M","M","$","M","M","R","E"],"character_chosen":"THE_SILENT","items_purchased":["Shuriken","Regen Potion","Footwork"],"campfire_rested":4,"item_purchase_floors":[4,13,20],"current_hp_per_floor":[55,55,55,55,44,15,7,26,26,7,4,23,23,23,42,25,56,56,56,56,23,17,36,0],"gold":108,"neow_bonus":"THREE_CARDS","is_prod":false,"is_daily":false,"chose_seed":false,"campfire_upgraded":0,"win_rate":0,"timestamp":1558563516,"path_taken":["M","?","?","$","?","E","?","R","T","E","?","R","?","?","R","BOSS","M","M","$","M","M","R","E"],"build_version":"2019-01-23","purchased_purges":2,"victory":false,"max_hp_per_floor":[66,66,66,66,66,66,66,66,66,66,66,66,66,66,66,66,66,66,66,66,66,66,66,66],"card_choices":[{"not_picked":["Tactician","Leg Sweep"],"picked":"Footwork","floor":0.0},{"not_picked":["Tactician","Acrobatics"],"picked":"Terror","floor":1.0},{"not_picked":["Dagger Throw","Slice"],"picked":"Quick Slash","floor":6.0},{"not_picked":["Endless Agony","Bane"],"picked":"Dagger Spray","floor":7.0},{"not_picked":["Poisoned Stab","Backstab"],"picked":"Sucker Punch","floor":10},{"not_picked":["Deadly Poison","Dagger Throw"],"picked":"Well Laid Plans","floor":15},{"not_picked":["Malaise","Phantasmal Killer"],"picked":"Adrenaline","floor":16},{"not_picked":["Acrobatics","Finisher"],"picked":"Dagger Spray","floor":18},{"not_picked":["Setup","Expertise","Sucker Punch"],"picked":"SKIP","floor":19},{"not_picked":["Burst","Choke","Dagger Spray"],"picked":"SKIP","floor":21},{"not_picked":["Outmaneuver","Quick Slash","Flying Knee"],"picked":"SKIP","floor":22}],"player_experience":505543,"relics_obtained":[{"floor":6.0,"key":"Blue Candle"},{"floor":9.0,"key":"Dream Catcher"},{"floor":10,"key":"Pen Nib"}],"event_choices":[{"damage_healed":0.0,"max_hp_gain":0.0,"max_hp_loss":0.0,"gold_gain":0.0,"event_name":"Golden Idol","player_choice":"Take Wound","floor":2.0,"gold_loss":0.0,"damage_taken":0.0,"relics_obtained":["Golden Idol"],"cards_obtained":["Injury"]},{"damage_healed":0.0,"max_hp_gain":0.0,"max_hp_loss":0.0,"gold_gain":175.0,"event_name":"Liars Game","player_choice":"AGREE","floor":3.0,"gold_loss":0.0,"damage_taken":0.0,"cards_obtained":["Doubt"]},{"damage_healed":0.0,"max_hp_gain":0.0,"max_hp_loss":0.0,"gold_gain":75.0,"event_name":"World of Goop","player_choice":"Gather Gold","floor":5.0,"gold_loss":0.0,"damage_taken":11.0},{"damage_healed":0,"gold_gain":0,"player_choice":"Fled","damage_taken":3,"max_hp_gain":0,"max_hp_loss":0,"event_name":"Scrap Ooze","floor":11,"gold_loss":0},{"damage_healed":0,"gold_gain":30,"player_choice":"Searched \u00272\u0027 times","damage_taken":0,"relics_obtained":["Anchor"],"max_hp_gain":0,"max_hp_loss":0,"event_name":"Dead Adventurer","floor":14,"gold_loss":0}],"is_beta":false,"boss_relics":[{"not_picked":["Pandora\u0027s Box","Snecko Eye"],"picked":"Ring of the Serpent"}],"items_purged_floors":[13,20],"is_endless":false,"potions_floor_spawned":[1,16,18,21],"killed_by":"Slavers","ascension_level":14}