{"gold_per_floor":[18,30,46,59,59,90,90,100,100,100,111,111,65,94,94,171,171,184,37,48,58,58,85,85,148,148,48,64,64,84,34,34,107,107,123,147,167,19,37,37,37,37,37,54,154,185,185,60,60,60,60,60,9,36,36],"floor_reached":56,"playtime":3019,"items_purged":["Strike_B","Defend_B","Zap"],"score":1963,"play_id":"da9ccc49-5191-4cc9-bc75-568d1f0b0fc0","local_time":"20190523120520","is_ascension_mode":true,"campfire_choices":[{"data":"Darkness","floor":15.0,"key":"SMITH"},{"floor":24.0,"key":"REST"},{"data":"Coolheaded","floor":32.0,"key":"SMITH"},{"data":"Coolheaded","floor":40,"key":"SMITH"},{"data":"Deep Breath","floor":42,"key":"SMITH"},{"floor":49,"key":"RECALL"},{"data":"Consume","floor":52,"key":"SMITH"}],"neow_cost":"NO_GOLD","seed_source_timestamp":3843719489300,"circlet_count":0,"master_deck":["AscendersBane","Defend_B","Dualcast","Coolheaded+1","Meteor Strike","Coolheaded+1","Darkness+1","Turbo","Echo Form","Self Repair","Consume+1","BootSequence","Multi-Cast","Deep Breath+1"],"special_seed":0,"relics":["Cracked Core","Blood Vial","WarpedTongs","Pantograph","Pear","Busted Crown","Tiny Chest","Mercury Hourglass","Orichalcum","Lizard Tail","Happy Flower","Bag of Preparation","Gambling Chip","Ginger","Dodecahedron","Vajra"],"potions_floor_usage":[35,37,46,50],"damage_taken":[{"damage":2.0,"enemies":"Jaw Worm","floor":1.0,"turns":4.0},{"damage":0.0,"enemies":"Cultist","floor":2.0,"turns":4.0},{"damage":0.0,"enemies":"2 Louse","floor":3.0,"turns":4.0},{"damage":4.0,"enemies":"Red Slaver","floor":4.0,"turns":3.0},{"damage":12.0,"enemies":"Lagavulin","floor":6.0,"turns":6.0},{"damage":0.0,"enemies":"Large Slime","floor":8.0,"turns":6.0},{"damage":8.0,"enemies":"Blue Slaver","floor":11.0,"turns":4.0},{"damage":18.0,"enemies":"Gremlin Nob","floor":14.0,"turns":3.0},{"damage":11.0,"enemies":"The Guardian","floor":16.0,"turns":10.0},{"damage":18.0,"enemies":"3 Byrds","floor":18.0,"turns":5.0},{"damage":10.0,"enemies":"Shell Parasite","floor":20.0,"turns":4.0},{"damage":14.0,"enemies":"Snake Plant","floor":21.0,"turns":4.0},{"damage":44.0,"enemies":"Slavers","floor":23.0,"turns":7.0},{"damage":51.0,"enemies":"Gremlin Leader","floor":25.0,"turns":7.0},{"damage":2.0,"enemies":"3 Cultists","floor":28.0,"turns":5.0},{"damage":14.0,"enemies":"Centurion and Healer","floor":30.0,"turns":5.0},{"damage":17.0,"enemies":"Automaton","floor":33.0,"turns":6.0},{"damage":27,"enemies":"3 Darklings","floor":35,"turns":5},{"damage":30,"enemies":"3 Shapes","floor":37,"turns":7},{"damage":5,"enemies":"Sphere and 2 Shapes","floor":39,"turns":5},{"damage":20,"enemies":"Spire Growth","floor":44,"turns":4},{"damage":0,"enemies":"Mind Bloom Boss Battle","floor":45,"turns":4},{"damage":9,"enemies":"Nemesis","floor":46,"turns":5},{"damage":8,"enemies":"Awakened One","floor":50,"turns":4},{"damage":0,"enemies":"Shield and Spear","floor":54,"turns":2},{"damage":58,"enemies":"The Heart","floor":55,"turns":8}],"seed_played":"7759975016435685007","potions_obtained":[{"floor":2.0,"key":"AttackPotion"},{"floor":4.0,"key":"PowerPotion"},{"floor":6.0,"key":"SpeedPotion"},{"floor":8.0,"key":"Block Potion"},{"floor":21.0,"key":"Dexterity Potion"},{"floor":23.0,"key":"Fruit Juice"},{"floor":25.0,"key":"SkillPotion"},{"floor":33.0,"key":"SkillPotion"},{"floor":37,"key":"Poison Potion"},{"floor":39,"key":"Weak Potion"},{"floor":46,"key":"SpeedPotion"}],"is_trial":false,"path_per_floor":["M","M","M","M","?","E","?","M","T","?","M","?","$","E","R","B",null,"M","$","M","M","?","E","R","E","T","$","M","?","M","?","R","B",null,"M","T","M","$","M","R","?","R","T","M","?","E","T","$","R","B",null,"R","$","E","B",null],"character_chosen":"DEFECT","items_purchased":["Turbo","Self Repair","Bag of Preparation","FearPotion"],"campfire_rested":1,"item_purchase_floors":[13,19,38,53],"current_hp_per_floor":[62,62,62,58,51,39,39,41,41,41,35,35,35,29,29,45,72,56,56,55,50,50,33,58,19,19,19,29,29,24,24,24,41,75,57,57,49,49,66,66,56,56,56,45,86,86,86,86,86,86,86,86,86,86,38],"gold":36,"neow_bonus":"REMOVE_TWO","is_prod":false,"is_daily":false,"chose_seed":false,"campfire_upgraded":5,"win_rate":0,"timestamp":1558584320,"path_taken":["M","M","M","M","?","E","?","?","T","?","?","?","?","E","R","BOSS","M","$","M","?","?","E","R","E","T","$","M","?","M","?","R","BOSS","M","?","?","?","?","R","?","R","T","M","?","E","?","$","R","BOSS","R","$","E","BOSS"],"build_version":"2019-01-23","purchased_purges":3,"victory":true,"max_hp_per_floor":[71,71,71,71,71,71,71,71,71,71,71,71,71,81,81,81,81,81,81,81,81,81,86,86,86,86,86,86,86,86,86,86,86,86,86,86,86,86,86,86,86,86,86,86,86,86,86,86,86,86,86,86,86,86,86],"card_choices":[{"not_picked":["Go for the Eyes","Conserve Battery"],"picked":"Coolheaded","floor":1.0},{"not_picked":["Heatsinks","Redo"],"picked":"Meteor Strike","floor":2.0},{"not_picked":["Genetic Algorithm","Capacitor"],"picked":"Ball Lightning","floor":3.0},{"not_picked":["Ball Lightning","Conserve Battery","Compile Driver"],"picked":"SKIP","floor":4.0},{"not_picked":["Ball Lightning","Conserve Battery","Compile Driver"],"picked":"SKIP","floor":4.0},{"not_picked":["Heatsinks","Creative AI"],"picked":"Coolheaded","floor":6.0},{"not_picked":["Compile Driver","Tempest","Sweeping Beam"],"picked":"SKIP","floor":8.0},{"not_picked":["Barrage","Streamline","Rip and Tear"],"picked":"SKIP","floor":11.0},{"not_picked":["Streamline","Gash","Chaos"],"picked":"SKIP","floor":14.0},{"not_picked":["Streamline","Gash","Chaos"],"picked":"SKIP","floor":14.0},{"not_picked":["Core Surge","Meteor Strike"],"picked":"Echo Form","floor":16.0},{"not_picked":["Cold Snap"],"picked":"SKIP","floor":18.0},{"not_picked":["Tempest"],"picked":"SKIP","floor":20.0},{"not_picked":["Tempest"],"picked":"SKIP","floor":20.0},{"not_picked":["Conserve Battery"],"picked":"SKIP","floor":21.0},{"not_picked":["Barrage+1"],"picked":"SKIP","floor":23.0},{"not_picked":["Leap"],"picked":"SKIP","floor":25.0},{"not_picked":["Turbo+1"],"picked":"SKIP","floor":28.0},{"not_picked":["Melter"],"picked":"SKIP","floor":30.0},{"not_picked":[],"picked":"Multi-Cast","floor":33.0},{"not_picked":["Scrape"],"picked":"SKIP","floor":35},{"not_picked":["Go for the Eyes"],"picked":"SKIP","floor":37},{"not_picked":["Cold Snap"],"picked":"SKIP","floor":39},{"not_picked":["Cold Snap"],"picked":"SKIP","floor":39},{"not_picked":["Cold Snap"],"picked":"SKIP","floor":39},{"not_picked":[],"picked":"Deep Breath","floor":41},{"not_picked":["Chaos+1"],"picked":"SKIP","floor":44},{"not_picked":["Darkness"],"picked":"SKIP","floor":46},{"not_picked":["Genetic Algorithm"],"picked":"SKIP","floor":54}],"player_experience":3135685,"relics_obtained":[{"floor":6.0,"key":"Blood Vial"},{"floor":9.0,"key":"Pantograph"},{"floor":14.0,"key":"Pear"},{"floor":25.0,"key":"Tiny Chest"},{"floor":26.0,"key":"Mercury Hourglass"},{"floor":36,"key":"Happy Flower"},{"floor":45,"key":"Gambling Chip"},{"floor":46,"key":"Ginger"},{"floor":47,"key":"Dodecahedron"},{"floor":54,"key":"Vajra"}],"event_choices":[{"cards_removed":["Defend_B"],"damage_healed":0.0,"max_hp_gain":0.0,"max_hp_loss":0.0,"gold_gain":0.0,"event_name":"Golden Wing","player_choice":"Card Removal","floor":5.0,"gold_loss":0.0,"damage_taken":7.0},{"damage_healed":0.0,"max_hp_gain":0.0,"max_hp_loss":0.0,"gold_gain":0.0,"event_name":"Accursed Blacksmith","player_choice":"Rummage","floor":7.0,"gold_loss":0.0,"damage_taken":0.0,"relics_obtained":["WarpedTongs"],"cards_obtained":["Pain"]},{"cards_removed":["Pain"],"damage_healed":0.0,"max_hp_gain":0.0,"max_hp_loss":0.0,"gold_gain":0.0,"event_name":"Purifier","player_choice":"Purged","floor":10.0,"gold_loss":0.0,"damage_taken":0.0},{"damage_healed":0.0,"max_hp_gain":0.0,"max_hp_loss":0.0,"gold_gain":0.0,"cards_transformed":["Strike_B"],"event_name":"Living Wall","player_choice":"Change","floor":12.0,"gold_loss":0.0,"damage_taken":0.0,"cards_obtained":["Darkness"]},{"damage_healed":0.0,"max_hp_gain":0.0,"max_hp_loss":0.0,"gold_gain":0.0,"cards_transformed":["Defend_B","Ball Lightning"],"event_name":"Drug Dealer","player_choice":"Became Test Subject","floor":29.0,"gold_loss":0.0,"damage_taken":0.0,"cards_obtained":["Consume","BootSequence"]},{"damage_healed":0.0,"max_hp_gain":0.0,"max_hp_loss":0.0,"gold_gain":0.0,"event_name":"WeMeetAgain","player_choice":"Paid Gold","floor":31.0,"gold_loss":50.0,"damage_taken":0.0,"relics_obtained":["Orichalcum"]},{"damage_healed":0,"gold_gain":0,"player_choice":"Memory 3","damage_taken":10,"max_hp_gain":0,"max_hp_loss":0,"event_name":"SensoryStone","floor":41,"gold_loss":0},{"damage_healed":0,"gold_gain":0,"player_choice":"Fight","damage_taken":0,"max_hp_gain":0,"max_hp_loss":0,"event_name":"MindBloom","floor":45,"gold_loss":0}],"is_beta":false,"boss_relics":[{"not_picked":["Inserter","White Beast Statue"],"picked":"Busted Crown"},{"not_picked":["Fusion Hammer","Calling Bell"],"picked":"Lizard Tail"}],"items_purged_floors":[19,27,48],"is_endless":false,"potions_floor_spawned":[2,4,6,8,21,23,25,33,37,39,46],"ascension_level":15}