{"gold_per_floor":[115,135,146,146,166,202,223,242,319,319],"floor_reached":10,"playtime":721,"items_purged":[],"score":72,"play_id":"f3af38d7-b1a4-44dc-8de7-8d51d4132b33","local_time":"20181027191511","is_ascension_mode":false,"campfire_choices":[],"neow_cost":"NONE","seed_source_timestamp":171203035921088,"circlet_count":0,"master_deck":["Strike_B","Strike_B","Strike_B","Strike_B","Defend_B","Defend_B","Defend_B","Defend_B","Zap","Dualcast","Panacea","Melter","Ball Lightning","Chill","Injury","Coolheaded","Genetic Algorithm","Chill","Skim"],"relics":["Cracked Core","Golden Idol","Orichalcum","Shuriken"],"potions_floor_usage":[6],"damage_taken":[{"damage":6,"enemies":"Jaw Worm","floor":1,"turns":3},{"damage":10,"enemies":"2 Louse","floor":2,"turns":3},{"damage":1,"enemies":"Cultist","floor":3,"turns":3},{"damage":0,"enemies":"Looter","floor":5,"turns":3},{"damage":27,"enemies":"Lagavulin","floor":6,"turns":5},{"damage":20,"enemies":"Large Slime","floor":7,"turns":6},{"damage":4,"enemies":"Red Slaver","floor":8,"turns":3},{"damage":8,"enemies":"3 Sentries","floor":10,"turns":2}],"seed_played":"-7434191579920931920","potions_obtained":[{"floor":1,"key":"Fire Potion"},{"floor":2,"key":"Ancient Potion"},{"floor":7,"key":"Ancient Potion"}],"is_trial":false,"path_per_floor":["M","M","M","?","M","E","M","M","T"],"character_chosen":"DEFECT","items_purchased":[],"campfire_rested":0,"item_purchase_floors":[],"current_hp_per_floor":[69,59,58,58,58,31,11,7,7,0],"gold":319,"neow_bonus":"RANDOM_COLORLESS","is_prod":false,"is_daily":false,"chose_seed":false,"campfire_upgraded":0,"win_rate":0.0,"timestamp":1540692911,"path_taken":["M","M","M","?","?","E","M","M","T","E"],"build_version":"2018-10-25v2","purchased_purges":0,"victory":false,"max_hp_per_floor":[75,75,75,75,75,75,75,75,75,75],"card_choices":[{"not_picked":["Consume","Skim"],"picked":"Melter","floor":1},{"not_picked":["Go for the Eyes","Hologram"],"picked":"Ball Lightning","floor":2},{"not_picked":["Lockon","Rebound"],"picked":"Chill","floor":3},{"not_picked":["Reprogram","Scrape"],"picked":"Coolheaded","floor":5},{"not_picked":["Steam","Double Energy"],"picked":"Genetic Algorithm","floor":6},{"not_picked":["Rip and Tear","Redo"],"picked":"Chill","floor":7},{"not_picked":["Steam","Hologram"],"picked":"Skim","floor":8}],"player_experience":161594,"relics_obtained":[{"floor":6,"key":"Orichalcum"},{"floor":9,"key":"Shuriken"}],"event_choices":[{"damage_healed":0,"gold_gain":0,"player_choice":"Take Wound","damage_taken":0,"relics_obtained":["Golden Idol"],"max_hp_gain":0,"max_hp_loss":0,"event_name":"Golden Idol","floor":4,"gold_loss":0,"cards_obtained":["Injury"]}],"is_beta":false,"boss_relics":[],"items_purged_floors":[],"is_endless":false,"potions_floor_spawned":[1,2,7],"killed_by":"3 Sentries","ascension_level":0}