{"gold_per_floor":[117,127,127,127,127,168,168,204,230,258,289,301,313,348,360,495,570,606,618,644,680,707,719,749,761,841,884,821,833,868,880,892,904],"floor_reached":33,"playtime":1865,"items_purged":[],"score":413,"play_id":"085619c0-5937-4e60-a4cf-69a969058ff0","local_time":"20190305192516","is_ascension_mode":true,"campfire_choices":[{"data":"Neutralize","floor":7.0,"key":"SMITH"},{"data":"Dash","floor":13.0,"key":"SMITH"},{"data":"Dash","floor":15.0,"key":"SMITH"},{"data":"Footwork","floor":23.0,"key":"SMITH"},{"data":"Escape Plan","floor":25,"key":"SMITH"},{"data":"Caltrops","floor":32,"key":"SMITH"}],"neow_cost":"NONE","seed_source_timestamp":1760538124468811,"circlet_count":0,"master_deck":["Defend_G","Defend_G","Defend_G","Defend_G+1","Strike_G","Strike_G","Strike_G","Strike_G+1","Strike_G","Survivor","Neutralize+1","Dash+1","Dagger Spray","Injury","Unload","Dash+1","Escape Plan+1","Adrenaline+1","Deflect+1","Footwork+1","Die Die Die","Flying Knee+1","Blade Dance+1","Caltrops+1"],"special_seed":0,"relics":["Ring of the Snake","Golden Idol","Pen Nib","Potion Belt","MawBank","Tiny House","Meat on the Bone","Whetstone","Enchiridion"],"potions_floor_usage":[24,27,27,30,33],"damage_taken":[{"damage":0.0,"enemies":"Small Slimes","floor":1.0,"turns":3.0},{"damage":0.0,"enemies":"Jaw Worm","floor":2.0,"turns":4.0},{"damage":23.0,"enemies":"Gremlin Nob","floor":6.0,"turns":5.0},{"damage":17.0,"enemies":"3 Sentries","floor":8.0,"turns":6.0},{"damage":7.0,"enemies":"2 Louse","floor":10.0,"turns":2.0},{"damage":1.0,"enemies":"Looter","floor":11.0,"turns":3.0},{"damage":0.0,"enemies":"Lots of Slimes","floor":14.0,"turns":4.0},{"damage":8.0,"enemies":"The Guardian","floor":16.0,"turns":11.0},{"damage":0.0,"enemies":"Shell Parasite","floor":18.0,"turns":7.0},{"damage":11.0,"enemies":"Spheric Guardian","floor":20.0,"turns":6.0},{"damage":3.0,"enemies":"Snecko","floor":21.0,"turns":6.0},{"damage":4.0,"enemies":"Shelled Parasite and Fungi","floor":22.0,"turns":10.0},{"damage":21,"enemies":"Sentry and Sphere","floor":24,"turns":10},{"damage":12,"enemies":"Slavers","floor":27,"turns":7},{"damage":5,"enemies":"Cultist and Chosen","floor":30,"turns":7},{"damage":55,"enemies":"Collector","floor":33,"turns":7}],"seed_played":"-7007633634224576836","potions_obtained":[{"floor":1.0,"key":"Ancient Potion"},{"floor":6.0,"key":"SteroidPotion"},{"floor":8.0,"key":"LiquidBronze"},{"floor":14.0,"key":"Block Potion"},{"floor":16.0,"key":"Regen Potion"},{"floor":17.0,"key":"Ancient Potion"},{"floor":18.0,"key":"FearPotion"},{"floor":22.0,"key":"Weak Potion"},{"floor":24,"key":"AttackPotion"}],"is_trial":false,"path_per_floor":["M","M","$","?","?","E","R","E","T","M","M","?","R","M","R","B",null,"M","?","M","M","M","R","M","R","T","E","?","?","M","?","R","B"],"character_chosen":"THE_SILENT","items_purchased":[],"campfire_rested":0,"item_purchase_floors":[],"current_hp_per_floor":[70,70,70,70,75,52,52,35,35,28,27,27,27,27,27,19,71,71,71,60,57,53,53,47,47,47,47,47,31,38,38,38,0],"gold":904,"neow_bonus":"TEN_PERCENT_HP_BONUS","is_prod":false,"is_daily":false,"chose_seed":false,"campfire_upgraded":6,"win_rate":0,"timestamp":1551842716,"path_taken":["M","M","$","?","?","E","R","E","T","M","M","?","R","M","R","BOSS","M","?","M","M","?","R","M","R","T","E","?","?","M","?","R","BOSS"],"build_version":"2019-01-23","purchased_purges":0,"victory":false,"max_hp_per_floor":[77,77,77,77,82,82,82,82,82,82,82,82,82,82,82,82,87,87,87,87,87,87,87,87,87,87,87,87,87,87,87,87,87],"card_choices":[{"not_picked":["Outmaneuver","Well Laid Plans"],"picked":"Dash","floor":1.0},{"not_picked":["Dodge and Roll","Heel Hook"],"picked":"Dagger Spray","floor":2.0},{"not_picked":["Predator","All Out Attack","Slice"],"picked":"SKIP","floor":6.0},{"not_picked":["Masterful Stab","Flechettes"],"picked":"Unload","floor":8.0},{"not_picked":["Poisoned Stab","Calculated Gamble"],"picked":"Dash","floor":10.0},{"not_picked":["Dodge and Roll","Quick Slash"],"picked":"Escape Plan","floor":11.0},{"not_picked":["Slice","Underhanded Strike","Acrobatics"],"picked":"SKIP","floor":14.0},{"not_picked":["Venomology","Wraith Form v2"],"picked":"Adrenaline","floor":16.0},{"not_picked":["Slice","Eviscerate"],"picked":"Deflect+1","floor":18.0},{"not_picked":["Finisher","Backflip","Dodge and Roll"],"picked":"SKIP","floor":20.0},{"not_picked":["Blur","Slice"],"picked":"Footwork","floor":21.0},{"not_picked":["Leg Sweep+1","Acrobatics"],"picked":"Die Die Die","floor":22.0},{"not_picked":["Tactician","Outmaneuver"],"picked":"Flying Knee","floor":24},{"not_picked":["Poisoned Stab","Backflip","Deadly Poison+1"],"picked":"SKIP","floor":27},{"not_picked":["PiercingWail","Bane"],"picked":"Blade Dance+1","floor":30}],"player_experience":414913,"relics_obtained":[{"floor":6.0,"key":"Pen Nib"},{"floor":8.0,"key":"Potion Belt"},{"floor":9.0,"key":"MawBank"},{"floor":26,"key":"Meat on the Bone"},{"floor":27,"key":"Whetstone"},{"floor":29,"key":"Enchiridion"}],"event_choices":[{"damage_healed":0.0,"max_hp_gain":0.0,"max_hp_loss":0.0,"gold_gain":0.0,"event_name":"Golden Idol","player_choice":"Take Wound","floor":4.0,"gold_loss":0.0,"damage_taken":0.0,"relics_obtained":["Golden Idol"],"cards_obtained":["Injury"]},{"damage_healed":0.0,"max_hp_gain":5.0,"max_hp_loss":0.0,"gold_gain":0.0,"event_name":"Big Fish","player_choice":"Donut","floor":5.0,"gold_loss":0.0,"damage_taken":0.0},{"damage_healed":0.0,"max_hp_gain":0.0,"max_hp_loss":0.0,"gold_gain":0.0,"event_name":"The Cleric","player_choice":"Leave","floor":12.0,"gold_loss":0.0,"damage_taken":0.0},{"damage_healed":0.0,"max_hp_gain":0.0,"max_hp_loss":0.0,"gold_gain":0.0,"event_name":"Accursed Blacksmith","player_choice":"Forge","floor":19.0,"gold_loss":0.0,"damage_taken":0.0,"cards_upgraded":["Adrenaline"]},{"cards_removed":["Defend_G"],"damage_healed":0,"gold_gain":0,"player_choice":"Gave Gold","damage_taken":0,"max_hp_gain":0,"max_hp_loss":0,"event_name":"Beggar","floor":28,"gold_loss":75},{"damage_healed":0,"gold_gain":0,"player_choice":"Obtained Book","damage_taken":16,"max_hp_gain":0,"max_hp_loss":0,"event_name":"Cursed Tome","floor":29,"gold_loss":0},{"damage_healed":0,"gold_gain":0,"player_choice":"Read","damage_taken":0,"max_hp_gain":0,"max_hp_loss":0,"event_name":"The Library","floor":31,"gold_loss":0,"cards_obtained":["Caltrops"]}],"is_beta":false,"boss_relics":[{"not_picked":["Lizard Tail","Ectoplasm"],"picked":"Tiny House"}],"items_purged_floors":[],"is_endless":false,"potions_floor_spawned":[1,6,8,14,16,18,22,24],"killed_by":"Collector","ascension_level":8}