{"gold_per_floor":[112,112,136,61,76,76,100,133,159,159,159,159,194,208,208,301,301,319,264,264,164,180,218,218,253,253,253],"floor_reached":27,"playtime":985,"items_purged":["Injury","Strike_G"],"score":518,"play_id":"592136df-13b1-471f-828d-e29e60ef8460","local_time":"20190118142021","is_ascension_mode":true,"campfire_choices":[{"data":"Neutralize","floor":6.0,"key":"SMITH"},{"floor":10.0,"key":"REST"},{"data":"Noxious Fumes","floor":12.0,"key":"SMITH"},{"data":"Footwork","floor":15.0,"key":"SMITH"},{"floor":24,"key":"REST"}],"neow_cost":"NONE","seed_source_timestamp":9590430181614,"circlet_count":0,"master_deck":["AscendersBane","Defend_G","Defend_G","Defend_G","Defend_G","Defend_G","Strike_G","Strike_G","Strike_G","Strike_G","Survivor","Neutralize+1","Slice","Choke","Footwork+1","Slice","Noxious Fumes+1","Backstab","Masterful Stab","After Image","Well Laid Plans","Catalyst","Adrenaline","Parasite"],"special_seed":0,"relics":["Ring of the Snake","NeowsBlessing","Golden Idol","Orichalcum","Bag of Preparation","Art of War","Gremlin Horn","Cursed Key","Tiny Chest","Snake Skull","Ancient Tea Set","Ornamental Fan"],"potions_floor_usage":[23,25],"damage_taken":[{"damage":0.0,"enemies":"Jaw Worm","floor":1.0,"turns":1.0},{"damage":0.0,"enemies":"Cultist","floor":3.0,"turns":1.0},{"damage":0.0,"enemies":"Small Slimes","floor":5.0,"turns":1.0},{"damage":3.0,"enemies":"Blue Slaver","floor":7.0,"turns":4.0},{"damage":33.0,"enemies":"Gremlin Nob","floor":8.0,"turns":5.0},{"damage":8.0,"enemies":"3 Sentries","floor":13.0,"turns":7.0},{"damage":4.0,"enemies":"3 Louse","floor":14.0,"turns":4.0},{"damage":28.0,"enemies":"Hexaghost","floor":16.0,"turns":10.0},{"damage":11.0,"enemies":"Shell Parasite","floor":18.0,"turns":7.0},{"damage":6.0,"enemies":"Chosen","floor":22.0,"turns":5.0},{"damage":7,"enemies":"Gremlin Leader","floor":23,"turns":6},{"damage":21,"enemies":"Book of Stabbing","floor":25,"turns":5},{"damage":24,"enemies":"Slavers","floor":27,"turns":3}],"seed_played":"5142033246400528530","potions_obtained":[{"floor":1.0,"key":"LiquidBronze"},{"floor":7.0,"key":"EssenceOfSteel"},{"floor":16.0,"key":"PowerPotion"}],"is_trial":false,"path_per_floor":["M","?","M","$","M","R","M","E","T","R","?","R","E","M","R","B",null,"M","?","?","$","M","E","R","E","T","E"],"character_chosen":"THE_SILENT","items_purchased":[],"campfire_rested":2,"item_purchase_floors":[],"current_hp_per_floor":[59,59,59,59,59,59,56,23,23,42,42,42,34,30,30,2,50,39,39,39,39,33,26,45,24,24,0],"gold":253,"neow_bonus":"THREE_ENEMY_KILL","is_prod":false,"is_daily":false,"chose_seed":false,"campfire_upgraded":3,"win_rate":0,"timestamp":1547821221,"path_taken":["M","?","M","?","?","R","M","E","T","R","?","R","E","M","R","BOSS","M","?","?","$","M","E","R","E","T","E"],"build_version":"2019-01-17v2","purchased_purges":2,"victory":false,"max_hp_per_floor":[66,66,66,66,66,66,66,66,66,66,66,66,66,66,66,66,66,66,66,66,66,66,66,66,66,66,66],"card_choices":[{"not_picked":["Reflex","Deflect"],"picked":"Slice","floor":1.0},{"not_picked":["Flechettes","Finisher"],"picked":"Choke","floor":3.0},{"not_picked":["Concentrate","Cloak And Dagger"],"picked":"Footwork","floor":5.0},{"not_picked":["Doppelganger","Distraction"],"picked":"Slice","floor":7.0},{"not_picked":["Underhanded Strike","Deflect"],"picked":"Noxious Fumes","floor":8.0},{"not_picked":["Blade Dance","Escape Plan"],"picked":"Backstab","floor":13.0},{"not_picked":["Dagger Spray","Deflect"],"picked":"Masterful Stab","floor":14.0},{"not_picked":["Phantasmal Killer","Malaise"],"picked":"After Image","floor":16.0},{"not_picked":["Eviscerate","Tactician"],"picked":"Well Laid Plans","floor":18.0},{"not_picked":["Backflip","Dodge and Roll"],"picked":"Catalyst","floor":22.0},{"not_picked":["Flying Knee","Noxious Fumes","Backstab"],"picked":"SKIP","floor":23},{"not_picked":["Tactician","Leg Sweep"],"picked":"Adrenaline","floor":25}],"player_experience":1150552,"relics_obtained":[{"floor":8.0,"key":"Orichalcum"},{"floor":9.0,"key":"Bag of Preparation"},{"floor":13.0,"key":"Gremlin Horn"},{"floor":23,"key":"Snake Skull"},{"floor":25,"key":"Ancient Tea Set"},{"floor":26,"key":"Ornamental Fan"}],"event_choices":[{"damage_healed":0.0,"max_hp_gain":0.0,"max_hp_loss":0.0,"gold_gain":0.0,"event_name":"Golden Idol","player_choice":"Take Wound","floor":2.0,"gold_loss":0.0,"damage_taken":0.0,"relics_obtained":["Golden Idol"],"cards_obtained":["Injury"]},{"damage_healed":0.0,"max_hp_gain":0.0,"max_hp_loss":0.0,"gold_gain":0.0,"event_name":"Dead Adventurer","player_choice":"Searched \u00271\u0027 times","floor":11.0,"gold_loss":0.0,"damage_taken":0.0,"relics_obtained":["Art of War"]},{"damage_healed":0.0,"max_hp_gain":0.0,"max_hp_loss":0.0,"gold_gain":0.0,"event_name":"Addict","player_choice":"Obtained Relic","floor":19.0,"gold_loss":85.0,"damage_taken":0.0,"relics_obtained":["Tiny Chest"]},{"damage_healed":0.0,"max_hp_gain":0.0,"max_hp_loss":0.0,"gold_gain":0.0,"event_name":"Ghosts","player_choice":"Ignored","floor":20.0,"gold_loss":0.0,"damage_taken":0.0}],"is_beta":false,"boss_relics":[{"not_picked":["Ectoplasm","Eternal Feather"],"picked":"Cursed Key"}],"items_purged_floors":[4,21],"is_endless":false,"potions_floor_spawned":[1,7,13,14,16],"killed_by":"Slavers","ascension_level":20}