{"path_per_floor":["M","M","?","M","?","E","M","M","T","R","M","M","?","E","R","B",null,"M","$","?","$","M","T","M","R","T","M","M"],"character_chosen":"THE_SILENT","items_purchased":["Snake Skull","Toxic Egg 2","Well Laid Plans"],"gold_per_floor":[112,128,128,142,317,348,365,379,379,379,390,400,400,434,434,537,537,555,15,15,15,32,32,51,51,75,86,101],"floor_reached":29,"campfire_rested":1,"playtime":2978,"current_hp_per_floor":[70,67,67,65,65,63,63,57,57,57,57,57,43,43,43,35,70,56,56,56,56,54,54,29,50,50,33,19],"items_purged":["Doubt"],"gold":101,"score":264,"play_id":"e341487f-38da-4cf5-b449-880e675cb3bb","is_prod":false,"is_daily":false,"is_ascension_mode":false,"campfire_upgraded":2,"path_taken":["M","M","?","?","?","E","M","M","T","R","M","M","?","E","R","BOSS","M","$","?","?","M","?","M","R","T","M","M","E"],"build_version":"2018-02-15-PROD1","purchased_purges":1,"victory":false,"master_deck":["Defend_G","Defend_G","Defend_G","Defend_G+1","Defend_G","Strike_G","Strike_G","Strike_G","Strike_G","Survivor","Neutralize+1","Footwork","After Image+1","Noxious Fumes+1","Calculated Gamble","Bouncing Flask","Caltrops","Terror","Endless Agony","Heel Hook","A Thousand Cuts","Crippling Poison+1","Well Laid Plans","Well Laid Plans","Blade Dance+1","Calculated Gamble+1","Dodge and Roll+1"],"max_hp_per_floor":[70,70,70,70,70,70,70,70,70,70,70,70,70,70,70,70,70,70,70,70,70,70,70,70,70,70,70,70],"relics":["Ring of the Snake","Vajra","Ninja Scroll","Anchor","The Specimen","Snake Skull","Toxic Egg 2","Tingsha","Orichalcum"],"card_choices":[{"not_picked":["PiercingWail","Acrobatics"],"picked":"Footwork"},{"not_picked":["Backflip","Catalyst"],"picked":"After Image"},{"not_picked":["Poisoned Stab","Dagger Spray"],"picked":"Noxious Fumes"},{"not_picked":["Predator","Blur"],"picked":"Calculated Gamble"},{"not_picked":["Dagger Spray","All Out Attack"],"picked":"Bouncing Flask"},{"not_picked":["Dash","Heel Hook"],"picked":"Caltrops"},{"not_picked":["Flying Knee","Sucker Punch"],"picked":"Terror"},{"not_picked":["Quick Slash","Deadly Poison"],"picked":"Endless Agony"},{"not_picked":["Riddle With Holes","Acrobatics"],"picked":"Heel Hook"},{"not_picked":["Glass Knife","Wraith Form"],"picked":"A Thousand Cuts"},{"not_picked":["PiercingWail","Backflip"],"picked":"Crippling Poison"},{"not_picked":["Slice","Malaise"],"picked":"Well Laid Plans"},{"not_picked":["Outmaneuver","Slice"],"picked":"Blade Dance"},{"not_picked":["Poisoned Stab","Backflip"],"picked":"Calculated Gamble"},{"not_picked":["Dash","Deflect"],"picked":"Dodge and Roll"}],"player_experience":31186,"potions_floor_usage":[7,14,14,14,27],"damage_taken":[{"damage":0,"enemies":"Jaw Worm","floor":1,"turns":5},{"damage":3,"enemies":"Cultist","floor":2,"turns":4},{"damage":2,"enemies":"Small Slimes","floor":4,"turns":5},{"damage":2,"enemies":"Lagavulin","floor":6,"turns":12},{"damage":9,"enemies":"3 Louse","floor":7,"turns":4},{"damage":6,"enemies":"Blue Slaver","floor":8,"turns":5},{"damage":0,"enemies":"Large Slime","floor":11,"turns":4},{"damage":0,"enemies":"2 Fungi Beasts","floor":12,"turns":4},{"damage":0,"enemies":"Gremlin Nob","floor":14,"turns":3},{"damage":8,"enemies":"The Guardian","floor":16,"turns":8},{"damage":14,"enemies":"Spheric Guardian","floor":18,"turns":6},{"damage":2,"enemies":"2 Thieves","floor":22,"turns":4},{"damage":25,"enemies":"Cultist and Chosen","floor":24,"turns":5},{"damage":17,"enemies":"Sentry and Sphere","floor":27,"turns":5},{"damage":14,"enemies":"Chosen and Byrds","floor":28,"turns":4},{"damage":19,"enemies":"Gremlin Leader","floor":29,"turns":3}],"event_choices":[{"event_name":"Purifier","player_choice":"One Purge","floor":3,"damage_taken":0},{"event_name":"Liars Game","player_choice":"agreed","floor":5,"damage_taken":0},{"event_name":"Shining Light","player_choice":"Entered Light","floor":13,"damage_taken":0},{"event_name":"Addict","player_choice":"Ignored","floor":20,"damage_taken":0}],"boss_relics":[{"not_picked":["Calling Bell","Tiny House"],"picked":"The Specimen"}],"potions_floor_spawned":[4,6,7,12,18,27],"seed_played":"5777154016049215935","killed_by":"Gremlin Leader","ascension_level":0,"is_trial":false}