{"gold_per_floor":[115,129,148,148,160,160,85,99,99,134,134,162,162,162,162,240,240,251,251],"floor_reached":19,"playtime":547,"items_purged":["Strike_R"],"score":354,"play_id":"ddcc2eed-255c-4e57-93b4-402231ccd030","local_time":"20190127231018","is_ascension_mode":true,"campfire_choices":[{"data":"Rampage","floor":6.0,"key":"SMITH"},{"floor":11.0,"key":"REST"},{"floor":13.0,"key":"REST"},{"floor":15.0,"key":"REST"}],"neow_cost":"NONE","seed_source_timestamp":132954631023934,"circlet_count":0,"master_deck":["AscendersBane","Strike_R","Strike_R","Strike_R","Strike_R","Defend_R","Defend_R","Defend_R","Defend_R","Bash+1","Pommel Strike","Twin Strike","Rampage+1","Pommel Strike","Inflame","Exhume","Pummel","Pain","Dark Embrace+1","Disarm"],"special_seed":0,"relics":["Burning Blood","Boot","Ice Cream","Frozen Egg 2","WarpedTongs","Lizard Tail"],"potions_floor_usage":[],"damage_taken":[{"damage":8.0,"enemies":"Small Slimes","floor":1.0,"turns":3.0},{"damage":10.0,"enemies":"2 Louse","floor":2.0,"turns":2.0},{"damage":1.0,"enemies":"Cultist","floor":3.0,"turns":3.0},{"damage":20.0,"enemies":"Gremlin Gang","floor":5.0,"turns":6.0},{"damage":16.0,"enemies":"Blue Slaver","floor":8.0,"turns":4.0},{"damage":32.0,"enemies":"Gremlin Nob","floor":10.0,"turns":4.0},{"damage":30.0,"enemies":"3 Sentries","floor":12.0,"turns":8.0},{"damage":22,"enemies":"Slime Boss","floor":16,"turns":6},{"damage":55,"enemies":"Shell Parasite","floor":18,"turns":5},{"damage":25,"enemies":"Spheric Guardian","floor":19,"turns":4}],"seed_played":"871417684060531859","potions_obtained":[{"floor":5.0,"key":"SpeedPotion"},{"floor":8.0,"key":"FearPotion"}],"is_trial":false,"path_per_floor":["M","M","M","?","M","R","$","M","T","E","R","E","R","?","R","B",null,"M","M"],"character_chosen":"IRONCLAD","items_purchased":[],"campfire_rested":3,"item_purchase_floors":[],"current_hp_per_floor":[66,62,67,67,53,53,53,43,43,17,39,15,37,37,59,43,67,18,37],"gold":251,"neow_bonus":"RANDOM_COMMON_RELIC","is_prod":false,"is_daily":false,"chose_seed":false,"campfire_upgraded":1,"win_rate":0,"timestamp":1548630618,"path_taken":["M","M","M","?","M","R","$","M","T","E","R","E","R","?","R","BOSS","M","?"],"build_version":"2019-01-23","purchased_purges":1,"victory":false,"max_hp_per_floor":[75,75,75,75,75,75,75,75,75,75,75,75,75,75,75,75,75,75,75],"card_choices":[{"not_picked":["True Grit","Thunderclap"],"picked":"Pommel Strike","floor":1.0},{"not_picked":["Second Wind","Sword Boomerang"],"picked":"Twin Strike","floor":2.0},{"not_picked":["Headbutt","Body Slam"],"picked":"Rampage","floor":3.0},{"not_picked":["Carnage","Clash"],"picked":"Pommel Strike","floor":5.0},{"not_picked":["Dual Wield","Dark Embrace"],"picked":"Inflame","floor":8.0},{"not_picked":["Body Slam","Armaments"],"picked":"Exhume","floor":10.0},{"not_picked":["Blood for Blood","Whirlwind"],"picked":"Pummel","floor":12.0},{"not_picked":["Juggernaut+1","Immolate"],"picked":"Dark Embrace+1","floor":16},{"not_picked":["Clothesline+1","Clash"],"picked":"Disarm","floor":18}],"player_experience":1168199,"relics_obtained":[{"floor":10.0,"key":"Ice Cream"},{"floor":12.0,"key":"Frozen Egg 2"}],"event_choices":[{"damage_healed":0.0,"max_hp_gain":0.0,"max_hp_loss":0.0,"gold_gain":0.0,"event_name":"Living Wall","player_choice":"Grow","floor":4.0,"gold_loss":0.0,"damage_taken":0.0,"cards_upgraded":["Bash"]},{"damage_healed":0.0,"max_hp_gain":0.0,"max_hp_loss":0.0,"gold_gain":0.0,"event_name":"Accursed Blacksmith","player_choice":"Rummage","floor":14.0,"gold_loss":0.0,"damage_taken":0.0,"relics_obtained":["WarpedTongs"],"cards_obtained":["Pain"]}],"is_beta":false,"boss_relics":[{"not_picked":["Busted Crown","White Beast Statue"],"picked":"Lizard Tail"}],"items_purged_floors":[7],"is_endless":false,"potions_floor_spawned":[5,8,16,18],"killed_by":"Spheric Guardian","ascension_level":20}