{"gold_per_floor":[116,41,41,41,41,41,54,79,79,91,119,119,138,156,156,234,234,246,264,264,54,54,54],"floor_reached":23,"playtime":750,"items_purged":["Strike_R","Writhe"],"score":398,"play_id":"006f12e4-ca59-41d3-b6fb-e10d9bf1036d","local_time":"20190311185828","is_ascension_mode":true,"campfire_choices":[{"data":"Bash","floor":6.0,"key":"SMITH"},{"floor":12.0,"key":"REST"},{"data":"Corruption","floor":15.0,"key":"SMITH"}],"neow_cost":"NONE","seed_source_timestamp":0,"circlet_count":0,"master_deck":["AscendersBane","Strike_R","Strike_R","Strike_R","Strike_R","Defend_R","Defend_R","Defend_R","Defend_R","Bash+1","Clothesline","Inflame","Dropkick","Evolve","Pommel Strike","Cleave","Corruption+1","Feed","Ghostly Armor","Twin Strike"],"special_seed":0,"relics":["Burning Blood","Matryoshka","Potion Belt","Paper Frog","Shuriken","Eternal Feather","The Courier","Pen Nib"],"potions_floor_usage":[18,19],"damage_taken":[{"damage":6.0,"enemies":"Small Slimes","floor":1.0,"turns":5.0},{"damage":16.0,"enemies":"Jaw Worm","floor":7.0,"turns":7.0},{"damage":30.0,"enemies":"Gremlin Nob","floor":8.0,"turns":4.0},{"damage":1.0,"enemies":"Cultist","floor":10.0,"turns":3.0},{"damage":40.0,"enemies":"3 Sentries","floor":11.0,"turns":12.0},{"damage":11.0,"enemies":"Exordium Wildlife","floor":13.0,"turns":4.0},{"damage":6.0,"enemies":"2 Fungi Beasts","floor":14.0,"turns":3.0},{"damage":23.0,"enemies":"Slime Boss","floor":16.0,"turns":6.0},{"damage":27,"enemies":"3 Byrds","floor":18,"turns":6},{"damage":42,"enemies":"Spheric Guardian","floor":19,"turns":6},{"damage":19,"enemies":"Snake Plant","floor":23,"turns":1}],"seed_played":"1318565608544193971","potions_obtained":[{"floor":7.0,"key":"Swift Potion"},{"floor":13.0,"key":"Energy Potion"},{"floor":14.0,"key":"AttackPotion"},{"floor":18,"key":"SpeedPotion"}],"is_trial":false,"path_per_floor":["M","$","?","?","$","R","M","E","T","M","E","R","M","M","R","B",null,"M","M","?","$","?","M"],"character_chosen":"IRONCLAD","items_purchased":["Pen Nib"],"campfire_rested":1,"item_purchase_floors":[21],"current_hp_per_floor":[75,75,75,80,80,80,70,46,46,51,17,43,38,38,38,21,71,50,14,14,14,14,0],"gold":54,"neow_bonus":"TEN_PERCENT_HP_BONUS","is_prod":false,"is_daily":false,"chose_seed":false,"campfire_upgraded":2,"win_rate":0,"timestamp":1552330708,"path_taken":["M","$","?","?","?","R","M","E","T","M","E","R","?","M","R","BOSS","M","M","?","$","?","?"],"build_version":"2019-01-23","purchased_purges":2,"victory":false,"max_hp_per_floor":[82,82,82,87,87,87,87,87,87,87,87,87,87,87,87,87,87,87,87,87,87,87,87],"card_choices":[{"not_picked":["Warcry","Blood for Blood"],"picked":"Clothesline","floor":1.0},{"not_picked":["Reckless Charge","Cleave"],"picked":"Inflame","floor":7.0},{"not_picked":["Wild Strike","Clash"],"picked":"Dropkick","floor":8.0},{"not_picked":["Sword Boomerang","Clothesline"],"picked":"Evolve","floor":10.0},{"not_picked":["Entrench","Twin Strike"],"picked":"Pommel Strike","floor":11.0},{"not_picked":["Feel No Pain","Anger"],"picked":"Cleave","floor":13.0},{"not_picked":["Seeing Red","Warcry"],"picked":"Corruption","floor":14.0},{"not_picked":["Impervious","Immolate"],"picked":"Feed","floor":16.0},{"not_picked":["Rupture","Sentinel"],"picked":"Ghostly Armor","floor":18},{"not_picked":["Evolve","Carnage"],"picked":"Twin Strike","floor":19}],"player_experience":1269761,"relics_obtained":[{"floor":8.0,"key":"Matryoshka"},{"floor":9.0,"key":"Potion Belt"},{"floor":9.0,"key":"Paper Frog"},{"floor":11.0,"key":"Shuriken"}],"event_choices":[{"damage_healed":0.0,"max_hp_gain":0.0,"max_hp_loss":0.0,"gold_gain":0.0,"event_name":"Golden Idol","player_choice":"Ignored","floor":3.0,"gold_loss":0.0,"damage_taken":0.0},{"damage_healed":0.0,"max_hp_gain":5.0,"max_hp_loss":0.0,"gold_gain":0.0,"event_name":"Big Fish","player_choice":"Donut","floor":4.0,"gold_loss":0.0,"damage_taken":0.0},{"damage_healed":0,"gold_gain":0,"player_choice":"Opened","damage_taken":0,"relics_obtained":["The Courier"],"max_hp_gain":0,"max_hp_loss":0,"event_name":"The Mausoleum","floor":20,"gold_loss":0,"cards_obtained":["Writhe"]},{"damage_healed":0,"gold_gain":0,"player_choice":"Ignored","damage_taken":0,"max_hp_gain":0,"max_hp_loss":0,"event_name":"Ghosts","floor":22,"gold_loss":0}],"is_beta":false,"boss_relics":[{"not_picked":["Sozu","Orrery"],"picked":"Eternal Feather"}],"items_purged_floors":[2,21],"is_endless":false,"potions_floor_spawned":[7,13,14,18],"killed_by":"Snake Plant","ascension_level":20}