{"gold_per_floor":[10,21,21,21,40,40,66,66,66,11,11,0,0,30,30,107,107,124,124,124,140,140],"floor_reached":22,"playtime":570,"items_purged":[],"score":380,"play_id":"55ac1a31-741e-46ee-923c-2466f5cd4c67","local_time":"20190519204229","is_ascension_mode":true,"campfire_choices":[{"data":"Zap","floor":6,"key":"SMITH"},{"data":"Beam Cell","floor":8,"key":"SMITH"},{"data":"Dualcast","floor":11,"key":"SMITH"},{"data":"Reinforced Body","floor":15,"key":"SMITH"}],"neow_cost":"NO_GOLD","seed_source_timestamp":270441742550500,"circlet_count":0,"master_deck":["AscendersBane","Strike_B","Strike_B","Strike_B","Strike_B","Defend_B","Defend_B","Defend_B","Defend_B","Zap+1","Dualcast+1","Reinforced Body+1","Rebound+1","Beam Cell+1","Auto Shields","Ball Lightning","Go for the Eyes","Core Surge","Conserve Battery","RitualDagger","Necronomicurse","Doom and Gloom"],"special_seed":0,"relics":["Cracked Core","Mango","Sundial","Cables","WingedGreaves","Fusion Hammer","Necronomicon"],"potions_floor_usage":[21],"damage_taken":[{"damage":5.0,"enemies":"Small Slimes","floor":1.0,"turns":3.0},{"damage":3.0,"enemies":"2 Louse","floor":2.0,"turns":3.0},{"damage":2,"enemies":"Jaw Worm","floor":5,"turns":2},{"damage":30,"enemies":"Lagavulin","floor":7,"turns":7},{"damage":6,"enemies":"3 Sentries","floor":14,"turns":6},{"damage":36,"enemies":"Slime Boss","floor":16,"turns":10},{"damage":28,"enemies":"3 Byrds","floor":18,"turns":4},{"damage":0,"enemies":"Chosen","floor":21,"turns":3},{"damage":20,"enemies":"Snecko","floor":22,"turns":3}],"seed_played":"-7494570185411777296","potions_obtained":[{"floor":1.0,"key":"Ancient Potion"},{"floor":7,"key":"FairyPotion"},{"floor":16,"key":"GamblersBrew"},{"floor":18,"key":"AttackPotion"}],"is_trial":false,"path_per_floor":["M","M","?","?","M","R","E","R","T","$","R","?","$","E","R","B",null,"M","?","?","M","M"],"character_chosen":"DEFECT","items_purchased":["Ball Lightning"],"campfire_rested":0,"item_purchase_floors":[10],"current_hp_per_floor":[73,70,70,70,68,68,38,38,38,38,38,38,38,32,32,8,66,38,32,11,11,0],"gold":140,"neow_bonus":"ONE_RARE_RELIC","is_prod":false,"is_daily":false,"chose_seed":false,"campfire_upgraded":4,"win_rate":0,"timestamp":1558294949,"path_taken":["M","M","?","?","M","R","E","R","T","?","R","?","?","E","R","BOSS","M","?","?","M","M"],"build_version":"2019-01-23","purchased_purges":0,"victory":false,"max_hp_per_floor":[85,85,85,85,85,85,85,85,85,85,85,85,85,85,85,85,85,85,85,85,85,85],"card_choices":[{"not_picked":["Scrape","Hologram"],"picked":"Reinforced Body","floor":1.0},{"not_picked":["Hologram","Beam Cell"],"picked":"Rebound","floor":2.0},{"not_picked":["Stack","Sweeping Beam"],"picked":"Beam Cell","floor":5},{"not_picked":["Chill","Turbo"],"picked":"Auto Shields","floor":7},{"not_picked":["Meteor Strike","Coolheaded"],"picked":"Go for the Eyes","floor":14},{"not_picked":["Seek","Hyperbeam"],"picked":"Core Surge","floor":16},{"not_picked":["Ball Lightning","Loop"],"picked":"Conserve Battery","floor":18},{"not_picked":["Conserve Battery","Compile Driver"],"picked":"Doom and Gloom","floor":21}],"player_experience":1365061,"relics_obtained":[{"floor":7,"key":"Sundial"},{"floor":9,"key":"Cables"},{"floor":14,"key":"WingedGreaves"},{"floor":20,"key":"Necronomicon"}],"event_choices":[{"damage_healed":0.0,"max_hp_gain":0.0,"max_hp_loss":0.0,"gold_gain":0.0,"event_name":"Golden Idol","player_choice":"Ignored","floor":3.0,"gold_loss":0.0,"damage_taken":0.0},{"damage_healed":0,"gold_gain":0,"player_choice":"Grow","damage_taken":0,"max_hp_gain":0,"max_hp_loss":0,"event_name":"Living Wall","floor":4,"gold_loss":0,"cards_upgraded":["Rebound"]},{"damage_healed":0,"gold_gain":0,"player_choice":"Left Gold","damage_taken":0,"max_hp_gain":0,"max_hp_loss":0,"event_name":"World of Goop","floor":12,"gold_loss":11},{"damage_healed":0,"gold_gain":0,"player_choice":"Joined the Cult","damage_taken":6,"max_hp_gain":0,"max_hp_loss":0,"event_name":"Nest","floor":19,"gold_loss":0,"cards_obtained":["RitualDagger"]},{"damage_healed":0,"gold_gain":0,"player_choice":"Obtained Book","damage_taken":21,"max_hp_gain":0,"max_hp_loss":0,"event_name":"Cursed Tome","floor":20,"gold_loss":0}],"is_beta":false,"boss_relics":[{"not_picked":["Coffee Dripper","Lizard Tail"],"picked":"Fusion Hammer"}],"items_purged_floors":[],"is_endless":false,"potions_floor_spawned":[1,7,14,16,18],"killed_by":"Snecko","ascension_level":20}