{"gold_per_floor":[414,414,283,299,314,314,349,349,349,361,379,379],"floor_reached":12,"playtime":411,"items_purged":["Strike_B"],"score":160,"play_id":"2760c32f-ec6e-426a-9914-d329d7ba6b96","local_time":"20190216235255","is_ascension_mode":true,"campfire_choices":[{"floor":6,"key":"REST"},{"data":"Consume","floor":8,"key":"SMITH"}],"neow_cost":"CURSE","seed_source_timestamp":29839436200200,"circlet_count":0,"master_deck":["AscendersBane","Strike_B","Strike_B","Strike_B","Defend_B","Defend_B","Defend_B","Defend_B","Zap","Dualcast","Consume+1","Gash","Gash","Go for the Eyes","Rebound","Ball Lightning","Leap"],"relics":["Cracked Core","Old Coin","Gambling Chip","Emotion Chip"],"potions_floor_usage":[7],"damage_taken":[{"damage":3,"enemies":"2 Louse","floor":1,"turns":3},{"damage":13,"enemies":"Small Slimes","floor":4,"turns":3},{"damage":14,"enemies":"Jaw Worm","floor":5,"turns":4},{"damage":26,"enemies":"Gremlin Nob","floor":7,"turns":4},{"damage":17,"enemies":"Exordium Wildlife","floor":10,"turns":4},{"damage":6,"enemies":"Exordium Thugs","floor":11,"turns":3},{"damage":6,"enemies":"Blue Slaver","floor":12,"turns":1}],"seed_played":"-5594436126980463432","potions_obtained":[{"floor":5,"key":"Strength Potion"},{"floor":10,"key":"LiquidBronze"}],"is_trial":false,"path_per_floor":["M","?","$","M","M","R","E","R","T","M","M","M"],"character_chosen":"DEFECT","items_purchased":["Gash"],"campfire_rested":1,"item_purchase_floors":[3],"current_hp_per_floor":[61,61,61,48,34,55,29,29,29,12,6,0],"gold":379,"neow_bonus":"ONE_RARE_RELIC","is_prod":false,"is_daily":false,"chose_seed":false,"campfire_upgraded":1,"win_rate":0,"timestamp":1550361175,"path_taken":["M","?","$","M","M","R","E","R","T","M","M","M"],"build_version":"2019-01-23","purchased_purges":1,"victory":false,"max_hp_per_floor":[71,71,71,71,71,71,71,71,71,71,71,71],"card_choices":[{"not_picked":["Streamline","Compile Driver"],"picked":"Consume","floor":1},{"not_picked":["Barrage","Hologram"],"picked":"Gash","floor":4},{"not_picked":["Steam","Cold Snap"],"picked":"Go for the Eyes","floor":5},{"not_picked":["Amplify","Steam Power"],"picked":"Rebound","floor":7},{"not_picked":["Beam Cell","Redo"],"picked":"Ball Lightning","floor":10},{"not_picked":["Self Repair","BootSequence"],"picked":"Leap","floor":11}],"player_experience":1217047,"relics_obtained":[{"floor":7,"key":"Gambling Chip"},{"floor":9,"key":"Emotion Chip"}],"event_choices":[{"cards_removed":["Normality"],"damage_healed":0,"gold_gain":0,"player_choice":"Forget","damage_taken":0,"max_hp_gain":0,"max_hp_loss":0,"event_name":"Living Wall","floor":2,"gold_loss":0}],"is_beta":false,"boss_relics":[],"items_purged_floors":[3],"is_endless":false,"potions_floor_spawned":[5,10],"killed_by":"Blue Slaver","ascension_level":20}