{"gold_per_floor":[112,125,75,87,20,20,37,57,57,70,70,70,88,98,98,200,200,216,228,228,113,113,113,34,34,60,60,75,75,89,107,107,208,208,218,218,231,249,77,112,112,125,125,137,137,150,101,121,121,121],"floor_reached":51,"playtime":2492,"items_purged":["Defend_G","Strike_G"],"score":675,"play_id":"a04de511-c2df-43d5-b717-2b4846dfd5d8","local_time":"20190523172635","is_ascension_mode":false,"campfire_choices":[{"data":"Noxious Fumes","floor":6.0,"key":"SMITH"},{"data":"Dash","floor":11.0,"key":"SMITH"},{"data":"Neutralize","floor":15.0,"key":"SMITH"},{"data":"RitualDagger","floor":23.0,"key":"SMITH"},{"data":"Footwork","floor":25.0,"key":"SMITH"},{"data":"Bouncing Flask","floor":27.0,"key":"SMITH"},{"floor":32.0,"key":"REST"},{"floor":41.0,"key":"REST"},{"floor":45,"key":"REST"},{"floor":49,"key":"REST"}],"neow_cost":"NONE","seed_source_timestamp":619567047623927,"circlet_count":0,"master_deck":["Defend_G","Defend_G","Defend_G","Strike_G","Strike_G","Survivor","Neutralize+1","Backstab","Noxious Fumes+1","Well Laid Plans+1","Dash+1","Bouncing Flask+1","Backstab","Adrenaline","Footwork+1","RitualDagger+1","Blur","Adrenaline","PiercingWail+1","PiercingWail","Well Laid Plans","Backflip","PiercingWail","Bouncing Flask+1"],"special_seed":0,"relics":["Ring of the Snake"],"potions_floor_usage":[50,50],"damage_taken":[{"damage":1.0,"enemies":"Cultist","floor":1.0,"turns":4.0},{"damage":0.0,"enemies":"Jaw Worm","floor":2.0,"turns":3.0},{"damage":2.0,"enemies":"Small Slimes","floor":4.0,"turns":4.0},{"damage":0.0,"enemies":"2 Fungi Beasts","floor":7.0,"turns":3.0},{"damage":0.0,"enemies":"Blue Slaver","floor":8.0,"turns":3.0},{"damage":0.0,"enemies":"Exordium Thugs","floor":10.0,"turns":3.0},{"damage":0.0,"enemies":"Red Slaver","floor":13.0,"turns":4.0},{"damage":0.0,"enemies":"3 Louse","floor":14.0,"turns":2.0},{"damage":2.0,"enemies":"The Guardian","floor":16.0,"turns":8.0},{"damage":0.0,"enemies":"Spheric Guardian","floor":18.0,"turns":3.0},{"damage":0.0,"enemies":"3 Byrds","floor":19.0,"turns":5.0},{"damage":17.0,"enemies":"Snake Plant","floor":28.0,"turns":4.0},{"damage":0.0,"enemies":"Centurion and Healer","floor":30.0,"turns":8.0},{"damage":2.0,"enemies":"Chosen and Byrds","floor":31.0,"turns":6.0},{"damage":17.0,"enemies":"Collector","floor":33.0,"turns":9.0},{"damage":0.0,"enemies":"3 Shapes","floor":35.0,"turns":4.0},{"damage":9.0,"enemies":"3 Darklings","floor":37.0,"turns":7.0},{"damage":7.0,"enemies":"Spire Growth","floor":38.0,"turns":7.0},{"damage":34.0,"enemies":"Nemesis","floor":40.0,"turns":11.0},{"damage":0,"enemies":"4 Shapes","floor":42,"turns":8},{"damage":3,"enemies":"Maw","floor":44,"turns":10},{"damage":13,"enemies":"Sphere and 2 Shapes","floor":46,"turns":7},{"damage":14,"enemies":"Spire Growth","floor":48,"turns":5},{"damage":28,"enemies":"Time Eater","floor":50,"turns":16}],"seed_played":"621417148841001881","potions_obtained":[{"floor":0.0,"key":"Fire Potion"},{"floor":0.0,"key":"Block Potion"},{"floor":0.0,"key":"FearPotion"},{"floor":7.0,"key":"Ancient Potion"},{"floor":8.0,"key":"Fire Potion"},{"floor":19.0,"key":"Energy Potion"},{"floor":28.0,"key":"Energy Potion"},{"floor":37.0,"key":"FearPotion"},{"floor":40.0,"key":"SteroidPotion"},{"floor":42,"key":"Strength Potion"},{"floor":44,"key":"Swift Potion"}],"is_trial":false,"path_per_floor":["M","M","?","M","$","R","M","M","T","M","R","?","M","M","R","B",null,"M","M","?","$","?","R","$","R","T","R","M","?","M","M","R","B",null,"M","?","M","M","$","E","R","M","T","M","R","M","$","M","R","B",null],"character_chosen":"THE_SILENT","items_purchased":["Dash","Footwork","Blur","GhostInAJar","Dexterity Potion"],"campfire_rested":4,"item_purchase_floors":[5,21,24,39,47],"current_hp_per_floor":[69,69,69,67,67,67,67,67,67,67,67,60,60,60,60,58,70,70,70,70,70,64,64,64,64,64,64,47,47,47,45,66,49,70,70,70,61,54,54,20,41,41,41,38,59,46,46,32,53,25],"gold":121,"neow_bonus":"THREE_SMALL_POTIONS","is_prod":false,"is_daily":false,"chose_seed":false,"campfire_upgraded":6,"win_rate":0,"timestamp":1558603595,"path_taken":["M","?","?","M","$","R","M","M","T","M","R","?","M","M","R","BOSS","M","M","?","$","?","R","$","R","T","R","M","?","M","M","R","BOSS","M","?","M","M","$","E","R","?","T","M","R","M","$","M","R","BOSS"],"build_version":"2019-01-23","purchased_purges":2,"victory":true,"max_hp_per_floor":[70,70,70,70,70,70,70,70,70,70,70,70,70,70,70,70,70,70,70,70,70,70,70,70,70,70,70,70,70,70,70,70,70,70,70,70,70,70,70,70,70,70,70,70,70,70,70,70,70,70],"card_choices":[{"not_picked":["Accuracy","Reflex"],"picked":"Backstab","floor":1.0},{"not_picked":["Cloak And Dagger","Predator"],"picked":"Noxious Fumes","floor":2.0},{"not_picked":["Quick Slash","Bane"],"picked":"Well Laid Plans","floor":4.0},{"not_picked":["Dagger Spray","Concentrate"],"picked":"Bouncing Flask","floor":7.0},{"not_picked":["Distraction","Dagger Spray","Blade Dance"],"picked":"SKIP","floor":8.0},{"not_picked":["Deflect","Blade Dance","Reflex"],"picked":"SKIP","floor":10.0},{"not_picked":["Acrobatics","Infinite Blades","Flying Knee"],"picked":"SKIP","floor":13.0},{"not_picked":["Acrobatics","Masterful Stab"],"picked":"Backstab","floor":14.0},{"not_picked":["Bullet Time","A Thousand Cuts"],"picked":"Adrenaline","floor":16.0},{"not_picked":["Prepared","Slice","Underhanded Strike+1"],"picked":"SKIP","floor":18.0},{"not_picked":["Acrobatics+1","A Thousand Cuts","Dagger Throw"],"picked":"SKIP","floor":19.0},{"not_picked":["Acrobatics+1","Deadly Poison","All Out Attack+1"],"picked":"SKIP","floor":28.0},{"not_picked":["Backstab","Riddle With Holes+1","Deflect"],"picked":"SKIP","floor":30.0},{"not_picked":["Heel Hook","Flying Knee","Acrobatics"],"picked":"SKIP","floor":31.0},{"not_picked":["Envenom","Phantasmal Killer"],"picked":"Adrenaline","floor":33.0},{"not_picked":["Acrobatics+1","Dagger Throw+1","Underhanded Strike+1"],"picked":"SKIP","floor":35.0},{"not_picked":["Flying Knee+1","Distraction+1"],"picked":"PiercingWail+1","floor":37.0},{"not_picked":["Expertise+1","Concentrate+1"],"picked":"PiercingWail","floor":38.0},{"not_picked":["Concentrate+1","Glass Knife"],"picked":"Well Laid Plans","floor":40.0},{"not_picked":["Deflect+1","Cloak And Dagger+1"],"picked":"Backflip","floor":42},{"not_picked":["Slice+1","Bane"],"picked":"PiercingWail","floor":44},{"not_picked":["Slice","Finisher","PiercingWail"],"picked":"SKIP","floor":46},{"not_picked":["Poisoned Stab","Deflect"],"picked":"Bouncing Flask+1","floor":48}],"player_experience":579122,"relics_obtained":[],"event_choices":[{"cards_removed":["Strike_G"],"damage_healed":0.0,"max_hp_gain":0.0,"max_hp_loss":0.0,"gold_gain":0.0,"event_name":"The Cleric","player_choice":"Card Removal","floor":3.0,"gold_loss":50.0,"damage_taken":0.0},{"cards_removed":["Defend_G"],"damage_healed":0.0,"max_hp_gain":0.0,"max_hp_loss":0.0,"gold_gain":0.0,"event_name":"Golden Wing","player_choice":"Card Removal","floor":12.0,"gold_loss":0.0,"damage_taken":7.0},{"cards_removed":["Strike_G"],"damage_healed":0.0,"max_hp_gain":0.0,"max_hp_loss":0.0,"gold_gain":0.0,"event_name":"Back to Basics","player_choice":"Elegance","floor":20.0,"gold_loss":0.0,"damage_taken":0.0},{"damage_healed":0.0,"max_hp_gain":0.0,"max_hp_loss":0.0,"gold_gain":0.0,"event_name":"Nest","player_choice":"Joined the Cult","floor":22.0,"gold_loss":0.0,"damage_taken":6.0,"cards_obtained":["RitualDagger"]},{"damage_healed":0.0,"max_hp_gain":0.0,"max_hp_loss":0.0,"gold_gain":0.0,"event_name":"Cursed Tome","player_choice":"Ignored","floor":29.0,"gold_loss":0.0,"damage_taken":0.0},{"damage_healed":0.0,"max_hp_gain":0.0,"max_hp_loss":0.0,"gold_gain":0.0,"event_name":"Accursed Blacksmith","player_choice":"Forge","floor":36.0,"gold_loss":0.0,"damage_taken":0.0,"cards_upgraded":["Well Laid Plans"]}],"is_beta":false,"boss_relics":[{"not_picked":["Eternal Feather","Snecko Eye","White Beast Statue"]},{"not_picked":["Calling Bell","Empty Cage","WristBlade"]}],"items_purged_floors":[21,39],"is_endless":false,"potions_floor_spawned":[1,4,7,8,19,28,37,40,42,44,48],"ascension_level":0}