{"gold_per_floor":[114,133,152,152,122,122,133,233,256,269,286,286,286,286,286,286],"floor_reached":16,"playtime":602,"items_purged":[],"score":92,"play_id":"0d0cc7e0-0ca2-4011-913e-5ff1bf71c0b7","local_time":"20190523141022","is_ascension_mode":false,"campfire_choices":[{"data":"Neutralize","floor":6,"key":"SMITH"},{"floor":12,"key":"REST"},{"floor":15,"key":"REST"}],"neow_cost":"TEN_PERCENT_HP_LOSS","seed_source_timestamp":609700373943774,"circlet_count":0,"master_deck":["Defend_G","Defend_G","Defend_G","Defend_G","Defend_G","Strike_G+1","Strike_G","Strike_G","Strike_G","Survivor","Neutralize+1","Secret Technique+1","Purity","Crippling Poison","Backflip","A Thousand Cuts","Catalyst","Catalyst","Backflip"],"special_seed":0,"relics":["Ring of the Snake"],"potions_floor_usage":[16],"damage_taken":[{"damage":2,"enemies":"Cultist","floor":1,"turns":5},{"damage":0,"enemies":"2 Louse","floor":2,"turns":3},{"damage":0,"enemies":"Small Slimes","floor":3,"turns":4},{"damage":7,"enemies":"Looter","floor":5,"turns":4},{"damage":18,"enemies":"Lots of Slimes","floor":7,"turns":3},{"damage":0,"enemies":"3 Louse","floor":10,"turns":5},{"damage":1,"enemies":"Red Slaver","floor":11,"turns":7},{"damage":53,"enemies":"Slime Boss","floor":16,"turns":11}],"seed_played":"-3642327730067745932","potions_obtained":[{"floor":1,"key":"SpeedPotion"},{"floor":3,"key":"Energy Potion"},{"floor":10,"key":"EssenceOfSteel"},{"floor":11,"key":"Ancient Potion"}],"is_trial":false,"path_per_floor":["M","M","M","?","M","R","M","?","T","M","M","R","?","?","R","B"],"character_chosen":"THE_SILENT","items_purchased":[],"campfire_rested":2,"item_purchase_floors":[],"current_hp_per_floor":[61,61,61,54,47,47,29,29,29,29,28,46,33,33,51,0],"gold":286,"neow_bonus":"RANDOM_COLORLESS_2","is_prod":false,"is_daily":false,"chose_seed":false,"campfire_upgraded":1,"win_rate":0,"timestamp":1558591822,"path_taken":["M","M","?","?","M","R","M","?","T","M","?","R","?","?","R","BOSS"],"build_version":"2019-01-23","purchased_purges":0,"victory":false,"max_hp_per_floor":[63,63,63,63,63,63,63,63,63,63,63,63,63,63,63,63],"card_choices":[{"not_picked":["Quick Slash","Acrobatics","Sucker Punch"],"picked":"SKIP","floor":1},{"not_picked":["Slice","Blade Dance"],"picked":"Crippling Poison","floor":2},{"not_picked":["Endless Agony","Poisoned Stab"],"picked":"Backflip","floor":3},{"not_picked":["Masterful Stab","Prepared"],"picked":"A Thousand Cuts","floor":5},{"not_picked":["Acrobatics","Backstab"],"picked":"Catalyst","floor":7},{"not_picked":["Slice","Cloak And Dagger"],"picked":"Catalyst","floor":10},{"not_picked":["Setup","Accuracy"],"picked":"Backflip","floor":11}],"player_experience":575766,"relics_obtained":[],"event_choices":[{"cards_removed":["Strike_G"],"damage_healed":0,"gold_gain":0,"player_choice":"Card Removal","damage_taken":7,"max_hp_gain":0,"max_hp_loss":0,"event_name":"Golden Wing","floor":4,"gold_loss":0},{"damage_healed":0,"gold_gain":100,"player_choice":"Pray","damage_taken":0,"max_hp_gain":0,"max_hp_loss":0,"event_name":"Golden Shrine","floor":8,"gold_loss":0},{"damage_healed":0,"gold_gain":0,"player_choice":"Entered Light","damage_taken":13,"max_hp_gain":0,"max_hp_loss":0,"event_name":"Shining Light","floor":13,"gold_loss":0,"cards_upgraded":["Strike_G","Secret Technique"]},{"damage_healed":0,"gold_gain":0,"player_choice":"Bought 0 Potions","damage_taken":0,"max_hp_gain":0,"max_hp_loss":0,"event_name":"The Woman in Blue","floor":14,"gold_loss":0}],"is_beta":false,"boss_relics":[],"items_purged_floors":[],"is_endless":false,"potions_floor_spawned":[1,3,10,11],"killed_by":"Slime Boss","ascension_level":0}