{"gold_per_floor":[117,47,58,21,35,60,60,70,96,96,129,146,146,146,146,220,220,160,160,160,160,160,160,160],"floor_reached":24,"playtime":733,"items_purged":[],"score":420,"play_id":"aad044e0-42d6-49fa-8677-55cf3fbe41e0","local_time":"20190313170955","is_ascension_mode":true,"campfire_choices":[{"data":"Bash","floor":7.0,"key":"SMITH"},{"data":"Inflame","floor":10.0,"key":"SMITH"},{"data":"Demon Form","floor":15.0,"key":"SMITH"},{"floor":23.0,"key":"REST"}],"neow_cost":"NONE","seed_source_timestamp":194743765708100,"circlet_count":0,"master_deck":["AscendersBane","Strike_R","Strike_R","Strike_R","Strike_R","Strike_R","Defend_R","Defend_R","Defend_R","Defend_R","Bash+1","Iron Wave","Iron Wave","Pummel","Inflame+1","Demon Form+1","Rampage","Battle Trance","Thunderclap","Barricade","Rage+1","True Grit"],"special_seed":0,"relics":["Burning Blood","NeowsBlessing","Regal Pillow","Lantern","Bag of Preparation","Incense Burner","Ectoplasm"],"potions_floor_usage":[],"damage_taken":[{"damage":0.0,"enemies":"2 Louse","floor":1.0,"turns":1.0},{"damage":0.0,"enemies":"Cultist","floor":3.0,"turns":1.0},{"damage":0.0,"enemies":"Small Slimes","floor":5.0,"turns":1.0},{"damage":32.0,"enemies":"Gremlin Nob","floor":6.0,"turns":4.0},{"damage":2.0,"enemies":"Looter","floor":8.0,"turns":3.0},{"damage":35.0,"enemies":"3 Sentries","floor":11.0,"turns":7.0},{"damage":5.0,"enemies":"Exordium Wildlife","floor":12.0,"turns":4.0},{"damage":29.0,"enemies":"The Guardian","floor":16.0,"turns":8.0},{"damage":23.0,"enemies":"2 Thieves","floor":18.0,"turns":3.0},{"damage":11.0,"enemies":"Shell Parasite","floor":19.0,"turns":3.0},{"damage":4.0,"enemies":"Centurion and Healer","floor":20.0,"turns":6.0},{"damage":27.0,"enemies":"Snake Plant","floor":21.0,"turns":5.0},{"damage":21.0,"enemies":"Cultist and Chosen","floor":22.0,"turns":5.0},{"damage":51,"enemies":"Slavers","floor":24,"turns":4}],"seed_played":"1505987611657628161","potions_obtained":[{"floor":3.0,"key":"PowerPotion"},{"floor":5.0,"key":"BloodPotion"},{"floor":20.0,"key":"Explosive Potion"}],"is_trial":false,"path_per_floor":["M","?","M","$","M","E","R","M","T","R","E","M","?","?","R","B",null,"M","M","M","M","M","R","E"],"character_chosen":"IRONCLAD","items_purchased":["Pummel"],"campfire_rested":1,"item_purchase_floors":[4],"current_hp_per_floor":[74,74,75,75,75,49,49,53,53,53,24,25,50,50,50,27,63,53,48,50,29,14,51,0],"gold":160,"neow_bonus":"THREE_ENEMY_KILL","is_prod":false,"is_daily":false,"chose_seed":false,"campfire_upgraded":3,"win_rate":0,"timestamp":1552496995,"path_taken":["M","?","M","$","?","E","R","M","T","R","E","M","?","?","R","BOSS","M","M","M","M","M","R","E"],"build_version":"2019-01-23","purchased_purges":0,"victory":false,"max_hp_per_floor":[75,75,75,75,75,75,75,75,75,75,75,75,75,75,75,75,75,75,75,75,75,75,75,75],"card_choices":[{"not_picked":["Sword Boomerang","Twin Strike"],"picked":"Iron Wave","floor":1.0},{"not_picked":["Heavy Blade","Body Slam"],"picked":"Iron Wave","floor":3.0},{"not_picked":["Sword Boomerang","Rage"],"picked":"Inflame","floor":5.0},{"not_picked":["Clash","Power Through"],"picked":"Demon Form","floor":6.0},{"not_picked":["True Grit","Bloodletting"],"picked":"Rampage","floor":8.0},{"not_picked":["Infernal Blade","Seeing Red"],"picked":"Battle Trance","floor":11.0},{"not_picked":["Warcry","Carnage"],"picked":"Thunderclap","floor":12.0},{"not_picked":["Demon Form","Dark Embrace"],"picked":"Barricade","floor":16.0},{"not_picked":["Dropkick","Second Wind"],"picked":"Rage+1","floor":18.0},{"not_picked":["Flex","Blood for Blood","Fire Breathing"],"picked":"SKIP","floor":19.0},{"not_picked":["Rage","Searing Blow","Cleave"],"picked":"SKIP","floor":20.0},{"not_picked":["Searing Blow+1","Twin Strike","Havoc"],"picked":"SKIP","floor":21.0},{"not_picked":["Cleave","Sword Boomerang"],"picked":"True Grit","floor":22.0}],"player_experience":1277681,"relics_obtained":[{"floor":6.0,"key":"Lantern"},{"floor":9.0,"key":"Bag of Preparation"},{"floor":11.0,"key":"Incense Burner"}],"event_choices":[{"damage_healed":0.0,"max_hp_gain":0.0,"max_hp_loss":0.0,"gold_gain":0.0,"event_name":"WeMeetAgain","player_choice":"Paid Gold","floor":2.0,"gold_loss":70.0,"damage_taken":0.0,"relics_obtained":["Regal Pillow"]},{"damage_healed":25.0,"max_hp_gain":0.0,"max_hp_loss":0.0,"gold_gain":0.0,"event_name":"Big Fish","player_choice":"Banana","floor":13.0,"gold_loss":0.0,"damage_taken":0.0},{"damage_healed":0.0,"max_hp_gain":0.0,"max_hp_loss":0.0,"gold_gain":0.0,"event_name":"Dead Adventurer","player_choice":"Searched \u00270\u0027 times","floor":14.0,"gold_loss":0.0,"damage_taken":0.0}],"is_beta":false,"boss_relics":[{"not_picked":["Busted Crown","Pandora\u0027s Box"],"picked":"Ectoplasm"}],"items_purged_floors":[],"is_endless":false,"potions_floor_spawned":[3,5,11,16,20],"killed_by":"Slavers","ascension_level":20}