{"gold_per_floor":[119,129,143,143,156,156,185,200,226,226,28,28,38,72,72,175,175,191,203,218,218,218,249,261,298,310,322,345,371,402,29,29,128,128,141,141,16,16,34,59,128,162,209,239,289,386,419,469,469,469,469,469,2,37,37],"floor_reached":56,"playtime":9906,"items_purged":["Strike_B","Defend_B","Strike_B","Pain"],"score":2114,"play_id":"d5fec918-7599-4a12-9c3c-95013f998673","local_time":"20190523132115","is_ascension_mode":true,"campfire_choices":[{"floor":6,"key":"REST"},{"data":"Dualcast","floor":10,"key":"SMITH"},{"data":"Defragment","floor":15,"key":"SMITH"},{"floor":24,"key":"RECALL"},{"floor":27,"key":"REST"},{"floor":32,"key":"REST"},{"data":"Ghostly","floor":49,"key":"SMITH"},{"data":"Redo","floor":52,"key":"SMITH"}],"neow_cost":"","seed_source_timestamp":0,"circlet_count":0,"master_deck":["Defend_B","Defend_B","Zap+1","Dualcast+1","Cold Snap+1","Defragment+1","Capacitor","Capacitor","Conserve Battery","Glacier+1","Redo+1","FTL+1","Electrodynamics","Core Surge","Regret","Clumsy","Decay","Capacitor","Defragment","Ghostly","Ghostly","Ghostly","Ghostly","Ghostly+1","Defragment+1","Force Field+1","Consume+1","Defragment","BootSequence","Stack","Biased Cognition","Coolheaded+1","Deep Breath","Aggregate","Aggregate+1","Loop+1","Impatience","Creative AI"],"special_seed":0,"relics":["Cracked Core","Strange Spoon","Blue Candle","Orichalcum","Torii","Pen Nib","War Paint","Boot","Calling Bell","Art of War","Symbiotic Virus","Incense Burner","MawBank","Letter Opener","Emotion Chip","Inserter","SsserpentHead","PreservedInsect","Singing Bowl","Anchor","Bag of Preparation","Lantern","Bottled Lightning","WarpedTongs","DataDisk","Whetstone"],"potions_floor_usage":[7,16,25,29,29,29,35,40,47,47,55,55],"damage_taken":[{"damage":1.0,"enemies":"Small Slimes","floor":1.0,"turns":4.0},{"damage":1.0,"enemies":"Cultist","floor":2.0,"turns":3.0},{"damage":0,"enemies":"2 Louse","floor":3,"turns":2},{"damage":2,"enemies":"Blue Slaver","floor":5,"turns":3},{"damage":13,"enemies":"3 Sentries","floor":7,"turns":9},{"damage":1,"enemies":"Red Slaver","floor":8,"turns":4},{"damage":0,"enemies":"Gremlin Gang","floor":13,"turns":4},{"damage":1,"enemies":"Lagavulin","floor":14,"turns":10},{"damage":0,"enemies":"Slime Boss","floor":16,"turns":5},{"damage":8,"enemies":"Chosen","floor":18,"turns":4},{"damage":3,"enemies":"Shell Parasite","floor":19,"turns":6},{"damage":6,"enemies":"Shelled Parasite and Fungi","floor":20,"turns":5},{"damage":23,"enemies":"Slavers","floor":23,"turns":4},{"damage":3,"enemies":"Gremlin Leader","floor":25,"turns":8},{"damage":0,"enemies":"Snecko","floor":28,"turns":4},{"damage":11,"enemies":"Snake Plant","floor":29,"turns":4},{"damage":2,"enemies":"Shelled Parasite and Fungi","floor":30,"turns":5},{"damage":2,"enemies":"Automaton","floor":33,"turns":7},{"damage":0,"enemies":"3 Shapes","floor":35,"turns":4},{"damage":2,"enemies":"Orb Walker","floor":39,"turns":5},{"damage":2,"enemies":"Reptomancer","floor":40,"turns":7},{"damage":0,"enemies":"Maw","floor":41,"turns":8},{"damage":2,"enemies":"Nemesis","floor":42,"turns":8},{"damage":2,"enemies":"Reptomancer","floor":44,"turns":7},{"damage":2,"enemies":"Nemesis","floor":47,"turns":7},{"damage":17,"enemies":"Awakened One","floor":50,"turns":10},{"damage":2,"enemies":"Shield and Spear","floor":54,"turns":5},{"damage":17,"enemies":"The Heart","floor":55,"turns":10}],"seed_played":"-4283689393514916567","potions_obtained":[{"floor":3,"key":"Swift Potion"},{"floor":7,"key":"Strength Potion"},{"floor":14,"key":"Poison Potion"},{"floor":20,"key":"FearPotion"},{"floor":23,"key":"EssenceOfSteel"},{"floor":25,"key":"Fire Potion"},{"floor":29,"key":"Ancient Potion"},{"floor":35,"key":"Fruit Juice"},{"floor":40,"key":"Regen Potion"},{"floor":41,"key":"Block Potion"},{"floor":54,"key":"GamblersBrew"}],"is_trial":false,"path_per_floor":["M","M","M","?","M","R","E","M","T","R","$","?","M","E","R","B",null,"M","M","M","?","?","E","R","E","T","R","M","M","M","$","R","B",null,"M","?","$","?","M","E","M","E","T","E","?","T","E","?","R","B",null,"R","$","E","B",null],"character_chosen":"DEFECT","items_purchased":["Strange Spoon","Blue Candle","Orichalcum","Cold Snap","Defragment","Capacitor","Redo","FTL","Emotion Chip","BootSequence","Stack","DataDisk","Impatience","Ancient Potion"],"campfire_rested":3,"item_purchase_floors":[0,0,0,0,0,0,11,11,31,31,31,53,53,53],"current_hp_per_floor":[31,30,30,30,28,50,37,36,36,36,36,29,29,28,28,28,75,67,64,58,37,37,14,14,11,11,22,22,11,9,9,20,18,37,42,42,42,42,40,38,38,38,38,38,38,38,46,46,46,29,46,46,46,44,27],"gold":37,"neow_bonus":"","is_prod":false,"is_daily":false,"chose_seed":false,"campfire_upgraded":4,"win_rate":0,"timestamp":1558642875,"path_taken":["M","M","M","?","M","R","E","M","T","R","?","?","M","E","R","BOSS","M","M","M","?","?","E","R","E","T","R","M","?","?","$","R","BOSS","M","?","$","?","M","E","?","E","T","E","?","?","E","?","R","BOSS","R","$","E","BOSS"],"build_version":"2019-01-23","purchased_purges":4,"victory":true,"max_hp_per_floor":[75,75,75,75,75,75,75,75,75,75,75,75,75,75,75,75,75,75,75,75,37,37,37,37,37,37,37,37,37,37,37,37,37,37,42,42,42,42,42,42,42,44,44,46,46,46,46,46,46,46,46,46,46,46,46],"card_choices":[{"not_picked":["Darkness","Stack"],"picked":"Capacitor","floor":1.0},{"not_picked":["Rebound","Capacitor","Turbo"],"picked":"SKIP","floor":2},{"not_picked":["Force Field","Leap"],"picked":"Conserve Battery","floor":3},{"not_picked":["Sweeping Beam","Chaos","Compile Driver"],"picked":"SKIP","floor":5},{"not_picked":["Hologram","Rebound","Lockon"],"picked":"SKIP","floor":7},{"not_picked":["Gash","Coolheaded"],"picked":"Glacier","floor":8},{"not_picked":["Thunder Strike","Compile Driver","Cold Snap"],"picked":"SKIP","floor":13},{"not_picked":["Hologram","Chill"],"picked":"Electrodynamics","floor":14},{"not_picked":["Hyperbeam","Biased Cognition"],"picked":"Core Surge","floor":16},{"not_picked":["Cold Snap","Redo"],"picked":"Capacitor","floor":18},{"not_picked":["Barrage","Fusion","Beam Cell"],"picked":"SKIP","floor":19},{"not_picked":["Streamline","Compile Driver"],"picked":"Defragment","floor":20},{"not_picked":["Go for the Eyes","Lockon","Electrodynamics"],"picked":"SKIP","floor":23},{"not_picked":["Hyperbeam","Sweeping Beam","Beam Cell+1"],"picked":"SKIP","floor":25},{"not_picked":["Beam Cell","Static Discharge"],"picked":"Force Field+1","floor":28},{"not_picked":["Redo","Streamline"],"picked":"Consume+1","floor":29},{"not_picked":["Turbo+1","Steam"],"picked":"Defragment","floor":30},{"not_picked":["Multi-Cast","Reboot"],"picked":"Biased Cognition","floor":33},{"not_picked":["Rebound","Barrage"],"picked":"Coolheaded+1","floor":35},{"not_picked":["Forethought","PanicButton"],"picked":"Deep Breath","floor":36},{"not_picked":["Steam Power","Streamline","Gash"],"picked":"SKIP","floor":39},{"not_picked":["Turbo","Darkness"],"picked":"Aggregate","floor":40},{"not_picked":["Doom and Gloom+1","Hologram"],"picked":"Aggregate+1","floor":41},{"not_picked":["White Noise","Barrage","Stack"],"picked":"Singing Bowl","floor":42},{"not_picked":["Coolheaded","Melter","Leap+1"],"picked":"Singing Bowl","floor":44},{"not_picked":["Rebound+1","Melter"],"picked":"Loop+1","floor":47},{"not_picked":["Redo+1","Go for the Eyes"],"picked":"Creative AI","floor":54}],"player_experience":336470,"relics_obtained":[{"floor":7,"key":"Pen Nib"},{"floor":9,"key":"War Paint"},{"floor":14,"key":"Boot"},{"floor":17,"key":"Art of War"},{"floor":17,"key":"Symbiotic Virus"},{"floor":17,"key":"Incense Burner"},{"floor":23,"key":"MawBank"},{"floor":25,"key":"Letter Opener"},{"floor":40,"key":"PreservedInsect"},{"floor":42,"key":"Singing Bowl"},{"floor":43,"key":"Anchor"},{"floor":44,"key":"Bag of Preparation"},{"floor":46,"key":"Lantern"},{"floor":47,"key":"Bottled Lightning"},{"floor":54,"key":"Whetstone"}],"event_choices":[{"cards_removed":["Strike_B"],"damage_healed":0,"gold_gain":0,"player_choice":"Offered Basic","damage_taken":0,"max_hp_gain":0,"max_hp_loss":0,"event_name":"Bonfire Elementals","floor":4,"gold_loss":0},{"cards_removed":["Strike_B"],"damage_healed":0,"gold_gain":0,"player_choice":"Card Removal","damage_taken":7,"max_hp_gain":0,"max_hp_loss":0,"event_name":"Golden Wing","floor":12,"gold_loss":0},{"damage_healed":0,"gold_gain":0,"player_choice":"Became a Ghost","damage_taken":0,"max_hp_gain":0,"max_hp_loss":38,"event_name":"Ghosts","floor":21,"gold_loss":0,"cards_obtained":["Ghostly","Ghostly","Ghostly","Ghostly","Ghostly"]},{"damage_healed":0,"gold_gain":0,"player_choice":"Copied","damage_taken":0,"max_hp_gain":0,"max_hp_loss":0,"event_name":"Duplicator","floor":22,"gold_loss":0,"cards_obtained":["Defragment"]},{"damage_healed":0,"gold_gain":0,"player_choice":"Memory 1","damage_taken":0,"max_hp_gain":0,"max_hp_loss":0,"event_name":"SensoryStone","floor":36,"gold_loss":0},{"damage_healed":0,"gold_gain":0,"player_choice":"Trade","damage_taken":0,"relics_obtained":["SsserpentHead"],"max_hp_gain":0,"max_hp_loss":0,"event_name":"FaceTrader","floor":38,"gold_loss":0},{"cards_removed":["Defend_B"],"damage_healed":0,"gold_gain":0,"player_choice":"Removed Skill","damage_taken":0,"max_hp_gain":0,"max_hp_loss":0,"event_name":"Falling","floor":45,"gold_loss":0},{"damage_healed":0,"gold_gain":0,"player_choice":"Rummage","damage_taken":0,"relics_obtained":["WarpedTongs"],"max_hp_gain":0,"max_hp_loss":0,"event_name":"Accursed Blacksmith","floor":48,"gold_loss":0,"cards_obtained":["Pain"]}],"is_beta":false,"boss_relics":[{"not_picked":["Coffee Dripper","Ectoplasm"],"picked":"Calling Bell"},{"not_picked":["Snecko Eye","Eternal Feather"],"picked":"Inserter"}],"items_purged_floors":[0,11,37,53],"is_endless":false,"potions_floor_spawned":[3,7,14,20,23,25,29,35,40,41,54],"ascension_level":3}