{"gold_per_floor":[113,129,32,107,126,126,160,160,160,194,212,246,266,266,266,394,394,415,415,360,360,360,360,360],"floor_reached":24,"playtime":4389,"items_purged":[],"score":273,"play_id":"1acbb6df-13d4-4caa-99ad-06eaecc87454","local_time":"20181202092902","is_ascension_mode":true,"campfire_choices":[{"data":"Loop","floor":6,"key":"SMITH"},{"data":"Zap","floor":8,"key":"SMITH"},{"floor":15,"key":"REST"},{"data":"Genetic Algorithm","floor":23,"key":"SMITH"}],"neow_cost":"NONE","seed_source_timestamp":27495133800172,"circlet_count":0,"master_deck":["Strike_B","Strike_B","Strike_B","Defend_B","Defend_B","Defend_B","Defend_B","Zap+1","Dualcast","Loop+1","White Noise","FTL","Cold Snap","Hologram","Leap","Genetic Algorithm+1","Go for the Eyes","Capacitor","Go for the Eyes","Core Surge","Compile Driver","Darkness","Normality","Decay","Defragment"],"relics":["Cracked Core","NeowsBlessing","Symbiotic Virus","Juzu Bracelet","PreservedInsect","Bottled Tornado","Golden Idol","Cursed Key","Tiny Chest"],"potions_floor_usage":[7,10,24],"damage_taken":[{"damage":0,"enemies":"Jaw Worm","floor":1,"turns":1},{"damage":0,"enemies":"2 Louse","floor":2,"turns":1},{"damage":0,"enemies":"Cultist","floor":5,"turns":1},{"damage":21,"enemies":"Gremlin Nob","floor":7,"turns":4},{"damage":3,"enemies":"Lagavulin","floor":10,"turns":4},{"damage":4,"enemies":"2 Fungi Beasts","floor":11,"turns":3},{"damage":3,"enemies":"3 Sentries","floor":12,"turns":5},{"damage":14,"enemies":"Exordium Thugs","floor":13,"turns":3},{"damage":16,"enemies":"Hexaghost","floor":16,"turns":8},{"damage":30,"enemies":"2 Thieves","floor":18,"turns":5},{"damage":49,"enemies":"Gremlin Leader","floor":24,"turns":3}],"seed_played":"8244314495335378397","potions_obtained":[{"floor":5,"key":"Energy Potion"},{"floor":7,"key":"Energy Potion"},{"floor":16,"key":"SpeedPotion"}],"is_trial":false,"path_per_floor":["M","M","$","?","M","R","E","R","T","E","M","E","M","?","R","B",null,"M","?","?","?","?","R","E"],"character_chosen":"DEFECT","items_purchased":["FTL","Cold Snap"],"campfire_rested":1,"item_purchase_floors":[3,3],"current_hp_per_floor":[75,75,75,64,64,64,43,43,43,40,36,33,19,19,41,25,75,45,45,45,45,45,45,0],"gold":360,"neow_bonus":"THREE_ENEMY_KILL","is_prod":false,"is_daily":false,"chose_seed":false,"campfire_upgraded":3,"win_rate":0,"timestamp":1543771742,"path_taken":["M","M","$","?","M","R","E","R","T","E","M","E","M","?","R","BOSS","M","?","?","?","?","R","E"],"build_version":"2018-11-15","purchased_purges":0,"victory":false,"max_hp_per_floor":[75,75,75,75,75,75,75,75,75,75,75,75,75,75,75,75,75,75,75,75,75,75,75,75],"card_choices":[{"not_picked":["Sweeping Beam","Self Repair"],"picked":"Loop","floor":1},{"not_picked":["Barrage","Self Repair"],"picked":"White Noise","floor":2},{"not_picked":["Undo","Heatsinks"],"picked":"Hologram","floor":5},{"not_picked":["Streamline","Heatsinks"],"picked":"Leap","floor":7},{"not_picked":["Beam Cell","Redo"],"picked":"Genetic Algorithm","floor":10},{"not_picked":["Fusion","Sweeping Beam"],"picked":"Go for the Eyes","floor":11},{"not_picked":["Sweeping Beam","Leap"],"picked":"Capacitor","floor":12},{"not_picked":["Scrape","Sweeping Beam"],"picked":"Go for the Eyes","floor":13},{"not_picked":["Fission","Biased Cognition"],"picked":"Core Surge","floor":16},{"not_picked":["Beam Cell","Rebound"],"picked":"Compile Driver","floor":18}],"player_experience":285418,"relics_obtained":[{"floor":7,"key":"Symbiotic Virus"},{"floor":9,"key":"Juzu Bracelet"},{"floor":10,"key":"PreservedInsect"},{"floor":12,"key":"Bottled Tornado"}],"event_choices":[{"damage_healed":0,"gold_gain":75,"player_choice":"Gather Gold","damage_taken":11,"max_hp_gain":0,"max_hp_loss":0,"event_name":"World of Goop","floor":4,"gold_loss":0},{"damage_healed":0,"gold_gain":0,"player_choice":"Take Wound","damage_taken":0,"relics_obtained":["Golden Idol"],"max_hp_gain":0,"max_hp_loss":0,"event_name":"Golden Idol","floor":14,"gold_loss":0,"cards_obtained":["Injury"]},{"damage_healed":0,"gold_gain":0,"cards_transformed":["Strike_B","Injury"],"player_choice":"Became Test Subject","damage_taken":0,"max_hp_gain":0,"max_hp_loss":0,"event_name":"Drug Dealer","floor":19,"gold_loss":0,"cards_obtained":["Darkness","Normality"]},{"damage_healed":0,"gold_gain":0,"player_choice":"Obtained Relic","damage_taken":0,"relics_obtained":["Tiny Chest"],"max_hp_gain":0,"max_hp_loss":0,"event_name":"Addict","floor":20,"gold_loss":85},{"damage_healed":0,"gold_gain":0,"player_choice":"Cursed","damage_taken":0,"max_hp_gain":0,"max_hp_loss":0,"event_name":"Wheel of Change","floor":21,"gold_loss":0,"cards_obtained":["Decay"]},{"damage_healed":0,"gold_gain":0,"player_choice":"Read","damage_taken":0,"max_hp_gain":0,"max_hp_loss":0,"event_name":"The Library","floor":22,"gold_loss":0,"cards_obtained":["Defragment"]}],"is_beta":true,"boss_relics":[{"not_picked":["Orrery","Philosopher\u0027s Stone"],"picked":"Cursed Key"}],"items_purged_floors":[],"is_endless":false,"potions_floor_spawned":[5,7,16],"killed_by":"Gremlin Leader","ascension_level":3}