{"gold_per_floor":[116,116,130,150,160,160,194,213,213,32,60,75,75,100,100,174,174,193,206,23,23,23],"floor_reached":22,"playtime":584,"items_purged":["Strike_R","Strike_R"],"score":392,"play_id":"e7d72901-498f-4076-98f6-b293f58fb543","local_time":"20190517173619","is_ascension_mode":true,"campfire_choices":[{"data":"Bludgeon","floor":6.0,"key":"SMITH"},{"data":"Bash","floor":13.0,"key":"SMITH"},{"data":"Pommel Strike","floor":15.0,"key":"SMITH"}],"neow_cost":"NONE","seed_source_timestamp":0,"circlet_count":0,"master_deck":["AscendersBane","Strike_R","Strike_R","Defend_R","Defend_R","Defend_R","Defend_R","Bash+1","Reaper","Cleave","True Grit","Pommel Strike+1","Bludgeon+1","Exhume","Iron Wave","Finesse","Headbutt","Twin Strike","Double Tap","Disarm","Uppercut","RitualDagger"],"special_seed":0,"relics":["Burning Blood","Vajra","Pear","Dream Catcher","PreservedInsect","Black Star"],"potions_floor_usage":[22],"damage_taken":[{"damage":9.0,"enemies":"Jaw Worm","floor":1.0,"turns":4.0},{"damage":12.0,"enemies":"Cultist","floor":3.0,"turns":4.0},{"damage":7.0,"enemies":"2 Louse","floor":4.0,"turns":3.0},{"damage":1.0,"enemies":"2 Fungi Beasts","floor":5.0,"turns":5.0},{"damage":8.0,"enemies":"Gremlin Nob","floor":7.0,"turns":3.0},{"damage":14.0,"enemies":"Large Slime","floor":8.0,"turns":5.0},{"damage":14.0,"enemies":"3 Sentries","floor":11.0,"turns":8.0},{"damage":6.0,"enemies":"Looter","floor":12.0,"turns":2.0},{"damage":50.0,"enemies":"Slime Boss","floor":16.0,"turns":8.0},{"damage":43.0,"enemies":"Shell Parasite","floor":18.0,"turns":5.0},{"damage":25.0,"enemies":"Spheric Guardian","floor":19.0,"turns":4.0},{"damage":38,"enemies":"3 Cultists","floor":22,"turns":3}],"seed_played":"-4768423348226235024","potions_obtained":[{"floor":3.0,"key":"SkillPotion"},{"floor":5.0,"key":"Strength Potion"},{"floor":11.0,"key":"Strength Potion"}],"is_trial":false,"path_per_floor":["M","?","M","M","M","R","E","M","T","$","E","M","R","T","R","B",null,"M","M","$","?","M"],"character_chosen":"IRONCLAD","items_purchased":["Finesse","Regen Potion"],"campfire_rested":0,"item_purchase_floors":[10,20],"current_hp_per_floor":[65,65,63,70,75,75,73,65,75,75,67,67,67,67,67,25,70,33,14,14,8,0],"gold":23,"neow_bonus":"ONE_RANDOM_RARE_CARD","is_prod":false,"is_daily":false,"chose_seed":false,"campfire_upgraded":3,"win_rate":0,"timestamp":1558110979,"path_taken":["M","?","M","?","M","R","E","M","T","$","E","M","R","?","R","BOSS","M","M","$","?","M"],"build_version":"2019-01-23","purchased_purges":2,"victory":false,"max_hp_per_floor":[75,75,75,75,75,75,75,75,85,85,85,85,85,85,85,85,85,85,85,85,85,85],"card_choices":[{"not_picked":["Thunderclap","Shrug It Off"],"picked":"Cleave","floor":1.0},{"not_picked":["Clash","Bloodletting"],"picked":"True Grit","floor":3.0},{"not_picked":["Twin Strike","Intimidate"],"picked":"Pommel Strike","floor":4.0},{"not_picked":["Cleave","Warcry"],"picked":"Bludgeon","floor":5.0},{"not_picked":["Corruption","Iron Wave"],"picked":"Exhume","floor":7.0},{"not_picked":["Sword Boomerang","Shrug It Off"],"picked":"Iron Wave","floor":8.0},{"not_picked":["Sever Soul","Flex"],"picked":"Headbutt","floor":11.0},{"not_picked":["Havoc","Reckless Charge"],"picked":"Twin Strike","floor":12.0},{"not_picked":["Reaper","Fiend Fire"],"picked":"Double Tap","floor":16.0},{"not_picked":["Clothesline","Cleave"],"picked":"Disarm","floor":18.0},{"not_picked":["Sword Boomerang","Seeing Red"],"picked":"Uppercut","floor":19.0}],"player_experience":1359186,"relics_obtained":[{"floor":7.0,"key":"Vajra"},{"floor":9.0,"key":"Pear"},{"floor":11.0,"key":"Dream Catcher"},{"floor":14.0,"key":"PreservedInsect"}],"event_choices":[{"cards_removed":["Strike_R"],"damage_healed":0.0,"max_hp_gain":0.0,"max_hp_loss":0.0,"gold_gain":0.0,"event_name":"Purifier","player_choice":"Purged","floor":2.0,"gold_loss":0.0,"damage_taken":0.0},{"damage_healed":0.0,"max_hp_gain":0.0,"max_hp_loss":0.0,"gold_gain":0.0,"event_name":"Nest","player_choice":"Joined the Cult","floor":21.0,"gold_loss":0.0,"damage_taken":6.0,"cards_obtained":["RitualDagger"]}],"is_beta":false,"boss_relics":[{"not_picked":["Calling Bell","Orrery"],"picked":"Black Star"}],"items_purged_floors":[10,20],"is_endless":false,"potions_floor_spawned":[3,5,11],"killed_by":"3 Cultists","ascension_level":20}