{"gold_per_floor":[118,135,149,162,162,191,191,201,201,201,237,262,303,110,110,231,231],"floor_reached":17,"playtime":933,"items_purged":[],"score":177,"play_id":"d3b86409-4b5f-44f7-b95e-6514c9bd7fa8","local_time":"20190122151000","is_ascension_mode":false,"campfire_choices":[{"floor":7,"key":"RECALL"},{"data":"Body Slam","floor":15,"key":"SMITH"}],"neow_cost":"NONE","seed_source_timestamp":237064195001869,"circlet_count":0,"master_deck":["Strike_R","Strike_R","Strike_R","Strike_R","Strike_R","Defend_R","Defend_R","Defend_R","Defend_R","Bash+1","Cleave","Shrug It Off","Iron Wave","Shrug It Off","Inflame","Body Slam+1","Cleave","Inflame","Impervious"],"relics":["Burning Blood","Pantograph","Golden Idol","Red Skull","Gremlin Horn","Brimstone","Philosopher\u0027s Stone"],"potions_floor_usage":[4,11],"damage_taken":[{"damage":5,"enemies":"Cultist","floor":1,"turns":4},{"damage":0,"enemies":"Small Slimes","floor":2,"turns":2},{"damage":0,"enemies":"2 Louse","floor":3,"turns":3},{"damage":8,"enemies":"Exordium Wildlife","floor":4,"turns":5},{"damage":10,"enemies":"3 Sentries","floor":6,"turns":10},{"damage":0,"enemies":"2 Fungi Beasts","floor":8,"turns":3},{"damage":28,"enemies":"Gremlin Nob","floor":11,"turns":4},{"damage":8,"enemies":"Red Slaver","floor":12,"turns":5},{"damage":10,"enemies":"3 Sentries","floor":13,"turns":6},{"damage":66,"enemies":"Hexaghost","floor":16,"turns":6}],"seed_played":"3229948932262429169","potions_obtained":[{"floor":2,"key":"Fire Potion"},{"floor":3,"key":"Ancient Potion"},{"floor":6,"key":"SkillPotion"},{"floor":13,"key":"Dexterity Potion"}],"is_trial":false,"path_per_floor":["M","M","M","M","?","E","R","M","T","?","E","M","E","$","R","B",null],"character_chosen":"IRONCLAD","items_purchased":["Brimstone"],"campfire_rested":0,"item_purchase_floors":[14],"current_hp_per_floor":[88,88,88,86,86,82,82,88,88,81,59,57,53,53,53,18,81],"gold":231,"neow_bonus":"TEN_PERCENT_HP_BONUS","is_prod":false,"is_daily":false,"chose_seed":false,"campfire_upgraded":1,"win_rate":0,"timestamp":1548141000,"path_taken":["M","?","M","M","?","E","R","M","T","?","E","M","E","$","R","BOSS"],"build_version":"2019-01-17v2","purchased_purges":0,"victory":false,"max_hp_per_floor":[88,88,88,88,88,88,88,88,88,81,81,81,81,81,81,81,81],"card_choices":[{"not_picked":["Flex","Headbutt"],"picked":"Cleave","floor":1},{"not_picked":["Corruption","Second Wind"],"picked":"Shrug It Off","floor":2},{"not_picked":["Shrug It Off","Power Through"],"picked":"Iron Wave","floor":3},{"not_picked":["Pommel Strike","Thunderclap"],"picked":"Shrug It Off","floor":4},{"not_picked":["Sword Boomerang","Clash"],"picked":"Inflame","floor":6},{"not_picked":["Hemokinesis","Clash"],"picked":"Body Slam","floor":8},{"not_picked":["Seeing Red","Reckless Charge"],"picked":"Cleave","floor":11},{"not_picked":["Warcry","Sword Boomerang","Second Wind"],"picked":"SKIP","floor":12},{"not_picked":["Heavy Blade","Carnage"],"picked":"Inflame","floor":13},{"not_picked":["Double Tap","Limit Break"],"picked":"Impervious","floor":16}],"player_experience":400133,"relics_obtained":[{"floor":6,"key":"Pantograph"},{"floor":11,"key":"Red Skull"},{"floor":13,"key":"Gremlin Horn"}],"event_choices":[{"damage_healed":0,"gold_gain":0,"player_choice":"Grow","damage_taken":0,"max_hp_gain":0,"max_hp_loss":0,"event_name":"Living Wall","floor":5,"gold_loss":0,"cards_upgraded":["Bash"]},{"damage_healed":0,"gold_gain":0,"player_choice":"Lose Max HP","damage_taken":0,"relics_obtained":["Golden Idol"],"max_hp_gain":0,"max_hp_loss":7,"event_name":"Golden Idol","floor":10,"gold_loss":0}],"is_beta":false,"boss_relics":[{"not_picked":["Runic Cube","Mark of Pain"],"picked":"Philosopher\u0027s Stone"}],"items_purged_floors":[],"is_endless":false,"potions_floor_spawned":[2,3,6,13],"ascension_level":0}