{"gold_per_floor":[113,113,125,136,152,152,180,180,227,227,102,102,102,102,102,228,228,247,55,155,173,193,193],"floor_reached":23,"playtime":1051,"items_purged":["Injury"],"score":255,"play_id":"b1b688e8-57d8-435e-946e-a4cbc75d9e46","local_time":"20190510125210","is_ascension_mode":true,"campfire_choices":[{"data":"Creative AI","floor":6.0,"key":"SMITH"},{"data":"Zap","floor":8.0,"key":"SMITH"},{"data":"Dualcast","floor":15.0,"key":"SMITH"}],"neow_cost":"CURSE","seed_source_timestamp":2648618323328763,"circlet_count":0,"master_deck":["Strike_B","Strike_B","Strike_B","Strike_B","Defend_B","Defend_B","Defend_B","Defend_B","Zap+1","Dualcast+1","Defragment+1","Coolheaded","Conserve Battery","Ball Lightning","Creative AI+1","FTL","Loop+1","Self Repair","Core Surge+1","Cold Snap+1","Self Repair","Leap","FTL+1","Redo+1"],"special_seed":0,"relics":["Cracked Core","Prayer Wheel","Molten Egg 2","Smiling Mask","Golden Idol","Inserter","Strawberry"],"potions_floor_usage":[16,21,22,22,22,23,23],"damage_taken":[{"damage":8.0,"enemies":"Small Slimes","floor":1.0,"turns":4.0},{"damage":0.0,"enemies":"Cultist","floor":3.0,"turns":3.0},{"damage":2.0,"enemies":"Jaw Worm","floor":4.0,"turns":3.0},{"damage":5.0,"enemies":"Exordium Thugs","floor":5.0,"turns":5.0},{"damage":24.0,"enemies":"Gremlin Nob","floor":7.0,"turns":4.0},{"damage":18,"enemies":"Slime Boss","floor":16,"turns":8},{"damage":58,"enemies":"2 Thieves","floor":18,"turns":5},{"damage":4,"enemies":"3 Byrds","floor":21,"turns":3},{"damage":14,"enemies":"3 Cultists","floor":22,"turns":5},{"damage":36,"enemies":"Slavers","floor":23,"turns":3}],"seed_played":"-3891510484906287202","potions_obtained":[{"floor":3.0,"key":"Dexterity Potion"},{"floor":4.0,"key":"Poison Potion"},{"floor":5.0,"key":"LiquidBronze"},{"floor":18,"key":"EntropicBrew"},{"floor":21,"key":"Weak Potion"}],"is_trial":false,"path_per_floor":["M","?","M","M","M","R","E","R","T","?","$","?","?","?","R","B",null,"M","$","?","M","M","E"],"character_chosen":"DEFECT","items_purchased":["Self Repair","Self Repair","Strawberry"],"campfire_rested":0,"item_purchase_floors":[11,19,19],"current_hp_per_floor":[60,60,60,58,53,53,29,29,29,29,29,34,34,34,34,23,66,15,22,22,32,32,0],"gold":193,"neow_bonus":"ONE_RARE_RELIC","is_prod":false,"is_daily":false,"chose_seed":false,"campfire_upgraded":3,"win_rate":0,"timestamp":1557517930,"path_taken":["M","?","?","M","M","R","E","R","T","?","?","?","?","?","R","BOSS","M","$","?","M","M","E"],"build_version":"2019-01-23","purchased_purges":1,"victory":false,"max_hp_per_floor":[75,75,75,75,75,75,75,75,75,75,75,80,80,80,80,80,80,80,87,87,87,87,87],"card_choices":[{"not_picked":["Streamline","Beam Cell"],"picked":"Defragment","floor":1.0},{"not_picked":["Compile Driver","Reprogram"],"picked":"Coolheaded","floor":1.0},{"not_picked":["Redo","Steam"],"picked":"Conserve Battery","floor":3.0},{"not_picked":["Go for the Eyes","Lockon"],"picked":"Ball Lightning","floor":3.0},{"not_picked":["Ball Lightning","Leap"],"picked":"Creative AI","floor":4.0},{"not_picked":["Stack","Streamline","Ball Lightning"],"picked":"SKIP","floor":4.0},{"not_picked":["Conserve Battery","Sweeping Beam"],"picked":"FTL","floor":5.0},{"not_picked":["Go for the Eyes","Scrape"],"picked":"Loop","floor":5.0},{"not_picked":["Ball Lightning","Recycle","Compile Driver"],"picked":"SKIP","floor":7.0},{"not_picked":["Rainbow","Creative AI"],"picked":"Core Surge+1","floor":16},{"not_picked":["Sunder+1","Go for the Eyes+1"],"picked":"Cold Snap+1","floor":18},{"not_picked":["Cold Snap+1","Steam","Streamline+1"],"picked":"SKIP","floor":18},{"not_picked":["Capacitor","Stack"],"picked":"Leap","floor":21},{"not_picked":["Compile Driver+1","Rebound+1","Lockon+1"],"picked":"SKIP","floor":21},{"not_picked":["Rebound+1","Beam Cell+1"],"picked":"FTL+1","floor":22},{"not_picked":["Aggregate","Recycle+1"],"picked":"Redo+1","floor":22}],"player_experience":489240,"relics_obtained":[{"floor":7.0,"key":"Molten Egg 2"},{"floor":9.0,"key":"Smiling Mask"}],"event_choices":[{"cards_removed":["Pain"],"damage_healed":0.0,"max_hp_gain":0.0,"max_hp_loss":0.0,"gold_gain":0.0,"event_name":"Purifier","player_choice":"Purged","floor":2.0,"gold_loss":0.0,"damage_taken":0.0},{"damage_healed":0.0,"max_hp_gain":0.0,"max_hp_loss":0.0,"gold_gain":0.0,"event_name":"Golden Idol","player_choice":"Take Wound","floor":10.0,"gold_loss":0.0,"damage_taken":0.0,"relics_obtained":["Golden Idol"],"cards_obtained":["Injury"]},{"damage_healed":0.0,"max_hp_gain":5.0,"max_hp_loss":0.0,"gold_gain":0.0,"event_name":"Big Fish","player_choice":"Donut","floor":12.0,"gold_loss":0.0,"damage_taken":0.0},{"damage_healed":0.0,"max_hp_gain":0.0,"max_hp_loss":0.0,"gold_gain":0.0,"event_name":"Living Wall","player_choice":"Grow","floor":13.0,"gold_loss":0.0,"damage_taken":0.0,"cards_upgraded":["Defragment"]},{"damage_healed":0.0,"max_hp_gain":0.0,"max_hp_loss":0.0,"gold_gain":0.0,"event_name":"Accursed Blacksmith","player_choice":"Forge","floor":14.0,"gold_loss":0.0,"damage_taken":0.0,"cards_upgraded":["Loop"]},{"damage_healed":0,"gold_gain":100,"player_choice":"Pray","damage_taken":0,"max_hp_gain":0,"max_hp_loss":0,"event_name":"Golden Shrine","floor":20,"gold_loss":0}],"is_beta":false,"boss_relics":[{"not_picked":["Fusion Hammer","Sozu"],"picked":"Inserter"}],"items_purged_floors":[11],"is_endless":false,"potions_floor_spawned":[3,4,5,18,21],"killed_by":"Slavers","ascension_level":7}