{"gold_per_floor":[117,36,46,65,83,83,117,42,66,66,66,76,76,107,107,183,183,200,200,100,100,100,100,100,135,189,104,104,133,144,178,178,257,257,275,287,299,312,312,312,187,187,233,233,233,333,11,29,29,29],"floor_reached":50,"playtime":2389,"items_purged":["Strike_G","Strike_G","Strike_G+1","Strike_G+1"],"score":1083,"play_id":"66c2639a-c73f-4554-9227-3cc5d8aeeb10","local_time":"20190310221247","is_ascension_mode":true,"campfire_choices":[{"data":"Finisher","floor":6.0,"key":"SMITH"},{"floor":11.0,"key":"REST"},{"data":"Dagger Spray","floor":13.0,"key":"SMITH"},{"data":"Dagger Spray","floor":15.0,"key":"SMITH"},{"data":"RitualDagger","floor":23.0,"key":"SMITH"},{"floor":28.0,"key":"REST"},{"data":"Venomology","floor":32.0,"key":"SMITH"},{"floor":40.0,"key":"REST"},{"data":"Adrenaline","floor":42.0,"key":"SMITH"},{"data":"Footwork","floor":44.0,"key":"SMITH"},{"floor":49.0,"key":"REST"}],"neow_cost":"NONE","seed_source_timestamp":0,"circlet_count":0,"master_deck":["AscendersBane","Defend_G+1","Defend_G+1","Defend_G+1","Defend_G+1","Defend_G+1","Strike_G+1","Survivor","Neutralize+1","Quick Slash","Leg Sweep","Finisher+1","Flying Knee","Dagger Spray+1","Dagger Spray+1","Deflect","Die Die Die","Glass Knife","Infinite Blades","J.A.X.","RitualDagger+1","Infinite Blades","Venomology+1","Accuracy","Adrenaline+1","Quick Slash","Dagger Spray+1","Flechettes+1","Distraction+1","Dark Shackles","Well Laid Plans","Footwork+1","Madness","Madness","Cloak And Dagger+1","Accuracy"],"special_seed":0,"relics":["Ring of the Snake","Dream Catcher","Vajra","Bronze Scales","Regal Pillow","Art of War","Philosopher\u0027s Stone","Question Card","Snake Skull","Smiling Mask","PreservedInsect","Ninja Scroll","Lizard Tail","Potion Belt","Prayer Wheel","Paper Crane"],"potions_floor_usage":[50,50,50],"damage_taken":[{"damage":7.0,"enemies":"Jaw Worm","floor":1.0,"turns":6.0},{"damage":0.0,"enemies":"Cultist","floor":3.0,"turns":4.0},{"damage":4.0,"enemies":"Small Slimes","floor":4.0,"turns":3.0},{"damage":7.0,"enemies":"3 Louse","floor":5.0,"turns":3.0},{"damage":3.0,"enemies":"Gremlin Nob","floor":7.0,"turns":3.0},{"damage":6.0,"enemies":"Looter","floor":12.0,"turns":2.0},{"damage":4.0,"enemies":"Lagavulin","floor":14.0,"turns":3.0},{"damage":20.0,"enemies":"The Guardian","floor":16.0,"turns":12.0},{"damage":7.0,"enemies":"Chosen","floor":18.0,"turns":4.0},{"damage":22.0,"enemies":"Book of Stabbing","floor":25.0,"turns":5.0},{"damage":3.0,"enemies":"Gremlin Leader","floor":29.0,"turns":4.0},{"damage":6.0,"enemies":"2 Thieves","floor":30.0,"turns":3.0},{"damage":6.0,"enemies":"Slavers","floor":31.0,"turns":3.0},{"damage":44.0,"enemies":"Collector","floor":33.0,"turns":7.0},{"damage":4.0,"enemies":"Orb Walker","floor":35.0,"turns":2.0},{"damage":7.0,"enemies":"3 Shapes","floor":36.0,"turns":3.0},{"damage":20.0,"enemies":"Writhing Mass","floor":37.0,"turns":9.0},{"damage":9.0,"enemies":"Sphere and 2 Shapes","floor":38.0,"turns":3.0},{"damage":3.0,"enemies":"Mind Bloom Boss Battle","floor":46.0,"turns":5.0},{"damage":9.0,"enemies":"Transient","floor":48.0,"turns":6.0},{"damage":107,"enemies":"Donu and Deca","floor":50,"turns":5}],"seed_played":"3655236365766016749","potions_obtained":[{"floor":3.0,"key":"GamblersBrew"},{"floor":4.0,"key":"FearPotion"},{"floor":5.0,"key":"SteroidPotion"},{"floor":14.0,"key":"FairyPotion"},{"floor":29.0,"key":"Weak Potion"},{"floor":33.0,"key":"SpeedPotion"},{"floor":35.0,"key":"SkillPotion"},{"floor":46.0,"key":"SpeedPotion"}],"is_trial":false,"path_per_floor":["M","?","M","M","M","R","E","$","T","?","R","M","R","E","R","B",null,"M","?","$","?","?","R","$","E","T","?","R","E","M","E","R","B",null,"M","M","M","M","?","R","$","R","T","R","?","?","$","M","R","B"],"character_chosen":"THE_SILENT","items_purchased":["Footwork","Paper Crane"],"campfire_rested":4,"item_purchase_floors":[41,47],"current_hp_per_floor":[52,52,52,48,41,41,38,38,38,33,66,60,60,56,56,36,59,52,52,52,52,46,46,46,24,24,24,58,55,49,43,43,6,51,47,40,20,11,11,45,45,45,45,45,33,30,30,21,55,0],"gold":29,"neow_bonus":"UPGRADE_CARD","is_prod":false,"is_daily":false,"chose_seed":false,"campfire_upgraded":7,"win_rate":0,"timestamp":1552255967,"path_taken":["M","?","M","M","M","R","E","?","T","?","R","M","R","E","R","BOSS","M","?","$","?","?","R","$","E","T","?","R","E","M","E","R","BOSS","M","M","M","M","?","R","$","R","T","R","?","?","?","M","R","BOSS"],"build_version":"2019-01-23","purchased_purges":4,"victory":false,"max_hp_per_floor":[66,66,66,66,66,66,66,66,66,66,66,66,66,66,66,66,66,66,66,66,66,66,66,66,66,66,66,66,66,66,66,66,66,66,66,66,66,66,66,66,66,66,66,66,66,66,66,66,66,66],"card_choices":[{"not_picked":["Backflip","Dagger Spray"],"picked":"Quick Slash","floor":1.0},{"not_picked":["Cloak And Dagger","Calculated Gamble"],"picked":"Leg Sweep","floor":3.0},{"not_picked":["Acrobatics","Deflect"],"picked":"Finisher","floor":4.0},{"not_picked":["Backstab","Sucker Punch"],"picked":"Flying Knee","floor":5.0},{"not_picked":["Masterful Stab","Infinite Blades"],"picked":"Dagger Spray","floor":7.0},{"not_picked":["Sucker Punch","Deadly Poison"],"picked":"Dagger Spray","floor":11.0},{"not_picked":["Choke","Acrobatics"],"picked":"Deflect","floor":12.0},{"not_picked":["Backflip","Dodge and Roll"],"picked":"Die Die Die","floor":14.0},{"not_picked":["Phantasmal Killer","Tools of the Trade"],"picked":"Glass Knife","floor":16.0},{"not_picked":["Sucker Punch","Tactician+1"],"picked":"Infinite Blades","floor":18.0},{"not_picked":["Choke","Dodge and Roll"],"picked":"Infinite Blades","floor":25.0},{"not_picked":["Eviscerate","Bane","Dodge and Roll"],"picked":"Venomology","floor":29.0},{"not_picked":["Dagger Spray","Blade Dance","Outmaneuver","Crippling Poison"],"picked":"SKIP","floor":30.0},{"not_picked":["Riddle With Holes","Cloak And Dagger","Dagger Spray"],"picked":"Accuracy","floor":31.0},{"not_picked":["Grand Finale","Malaise","Storm of Steel"],"picked":"Adrenaline","floor":33.0},{"not_picked":["Prepared","Deadly Poison+1","Deflect+1"],"picked":"Quick Slash","floor":35.0},{"not_picked":["PiercingWail","Blade Dance","Flying Knee"],"picked":"Dagger Spray+1","floor":36.0},{"not_picked":["Caltrops","Slice","Blade Dance"],"picked":"Flechettes+1","floor":37.0},{"not_picked":["Flying Knee","Venomology","Escape Plan"],"picked":"Distraction+1","floor":38.0},{"not_picked":["Purity","Panacea","Trip"],"picked":"Dark Shackles","floor":39.0},{"not_picked":["Sucker Punch","Underhanded Strike","Flechettes+1"],"picked":"Well Laid Plans","floor":40.0},{"not_picked":["Bane","Escape Plan","Quick Slash"],"picked":"Cloak And Dagger+1","floor":46.0},{"not_picked":["Dodge and Roll","Blade Dance","Caltrops"],"picked":"Accuracy","floor":48.0},{"not_picked":["Leg Sweep","Deflect","Doppelganger","Dagger Spray"],"picked":"SKIP","floor":48.0}],"player_experience":1261857,"relics_obtained":[{"floor":7.0,"key":"Vajra"},{"floor":9.0,"key":"Bronze Scales"},{"floor":14.0,"key":"Art of War"},{"floor":25.0,"key":"Question Card"},{"floor":26.0,"key":"Snake Skull"},{"floor":29.0,"key":"PreservedInsect"},{"floor":31.0,"key":"Ninja Scroll"},{"floor":43.0,"key":"Potion Belt"},{"floor":46.0,"key":"Prayer Wheel"}],"event_choices":[{"damage_healed":0.0,"max_hp_gain":0.0,"max_hp_loss":0.0,"gold_gain":0.0,"event_name":"WeMeetAgain","player_choice":"Paid Gold","floor":2.0,"gold_loss":81.0,"damage_taken":0.0,"relics_obtained":["Dream Catcher"]},{"damage_healed":0.0,"max_hp_gain":0.0,"max_hp_loss":0.0,"gold_gain":0.0,"event_name":"Scrap Ooze","player_choice":"Success","floor":10.0,"gold_loss":0.0,"damage_taken":5.0,"relics_obtained":["Regal Pillow"]},{"damage_healed":0.0,"max_hp_gain":0.0,"max_hp_loss":0.0,"gold_gain":0.0,"event_name":"Drug Dealer","player_choice":"Obtain J.A.X.","floor":19.0,"gold_loss":0.0,"damage_taken":0.0,"cards_obtained":["J.A.X."]},{"damage_healed":0.0,"max_hp_gain":0.0,"max_hp_loss":0.0,"gold_gain":0.0,"event_name":"Back to Basics","player_choice":"Simplicity","floor":21.0,"gold_loss":0.0,"damage_taken":0.0,"cards_upgraded":["Defend_G","Defend_G","Defend_G","Defend_G","Defend_G","Strike_G","Strike_G","Strike_G"]},{"damage_healed":0.0,"max_hp_gain":0.0,"max_hp_loss":0.0,"gold_gain":0.0,"event_name":"Nest","player_choice":"Joined the Cult","floor":22.0,"gold_loss":0.0,"damage_taken":6.0,"cards_obtained":["RitualDagger"]},{"damage_healed":0.0,"max_hp_gain":0.0,"max_hp_loss":0.0,"gold_gain":0.0,"event_name":"Addict","player_choice":"Obtained Relic","floor":27.0,"gold_loss":85.0,"damage_taken":0.0,"relics_obtained":["Smiling Mask"]},{"damage_healed":0.0,"max_hp_gain":0.0,"max_hp_loss":0.0,"gold_gain":0.0,"event_name":"SensoryStone","player_choice":"Memory 1","floor":39.0,"gold_loss":0.0,"damage_taken":0.0},{"damage_healed":0.0,"max_hp_gain":0.0,"max_hp_loss":0.0,"gold_gain":0.0,"event_name":"Winding Halls","player_choice":"Embrace Madness","floor":45.0,"gold_loss":0.0,"damage_taken":12.0,"cards_obtained":["Madness","Madness"]},{"damage_healed":0.0,"max_hp_gain":0.0,"max_hp_loss":0.0,"gold_gain":0.0,"event_name":"MindBloom","player_choice":"Fight","floor":46.0,"gold_loss":0.0,"damage_taken":0.0}],"is_beta":false,"boss_relics":[{"not_picked":["Calling Bell","Runic Pyramid"],"picked":"Philosopher\u0027s Stone"},{"not_picked":["Black Star","Runic Dome"],"picked":"Lizard Tail"}],"items_purged_floors":[8,20,41,47],"is_endless":false,"potions_floor_spawned":[3,4,5,14,29,33,35,46],"killed_by":"Donu and Deca","ascension_level":20}