{"gold_per_floor":[113,113,28,48,48,74,74,74,145,145,157,2,13,13,13,139,139,153,153,142,155,169,169,200,200,226,239,260,260,260],"floor_reached":30,"playtime":1359,"items_purged":["Regret"],"score":263,"play_id":"647f84b5-c1aa-4760-a8ed-c662045ea4a2","local_time":"20181120214011","is_ascension_mode":true,"campfire_choices":[{"floor":8,"key":"REST"},{"floor":10,"key":"REST"},{"data":"Capacitor","floor":15,"key":"SMITH"},{"floor":23,"key":"REST"},{"floor":25,"key":"REST"}],"neow_cost":"CURSE","seed_source_timestamp":205230224430552,"circlet_count":0,"master_deck":["Strike_B","Strike_B","Strike_B","Strike_B","Defend_B","Defend_B","Defend_B","Defend_B","Zap","Dualcast","Shame","Coolheaded","Consume+1","Steam","Coolheaded","Sweeping Beam","Capacitor+1","Electrodynamics","Undo","Hologram","Chill","Cold Snap","Leap","Cold Snap"],"relics":["Cracked Core","Torii","Darkstone Periapt","Bottled Flame","Question Card","Golden Idol","Fusion Hammer","Bag of Marbles","Regal Pillow"],"potions_floor_usage":[24,30,30,30],"damage_taken":[{"damage":1,"enemies":"2 Louse","floor":1,"turns":3},{"damage":6,"enemies":"Jaw Worm","floor":4,"turns":5},{"damage":52,"enemies":"Lagavulin","floor":6,"turns":13},{"damage":3,"enemies":"Cultist","floor":11,"turns":4},{"damage":1,"enemies":"2 Fungi Beasts","floor":13,"turns":3},{"damage":4,"enemies":"Hexaghost","floor":16,"turns":12},{"damage":8,"enemies":"Shell Parasite","floor":18,"turns":9},{"damage":12,"enemies":"2 Thieves","floor":20,"turns":4},{"damage":10,"enemies":"Centurion and Healer","floor":21,"turns":6},{"damage":18,"enemies":"Cultist and Chosen","floor":22,"turns":7},{"damage":53,"enemies":"Book of Stabbing","floor":24,"turns":10},{"damage":1,"enemies":"Snecko","floor":27,"turns":7},{"damage":23,"enemies":"Snake Plant","floor":28,"turns":5},{"damage":8,"enemies":"Gremlin Leader","floor":30,"turns":3}],"seed_played":"-7746759855009392953","potions_obtained":[{"floor":6,"key":"SpeedPotion"},{"floor":11,"key":"Energy Potion"},{"floor":20,"key":"FearPotion"},{"floor":21,"key":"Strength Potion"},{"floor":24,"key":"Explosive Potion"}],"is_trial":false,"path_per_floor":["M","?","$","M","?","E","$","R","T","R","M","$","M","?","R","B",null,"M","?","M","M","M","R","E","R","T","M","M","T","E"],"character_chosen":"DEFECT","items_purchased":["Consume","Steam","Capacitor"],"campfire_rested":4,"item_purchase_floors":[3,3,12],"current_hp_per_floor":[74,80,80,74,74,22,22,46,46,70,67,67,66,46,46,42,81,73,73,61,51,33,57,4,28,28,27,4,4,0],"gold":260,"neow_bonus":"ONE_RARE_RELIC","is_prod":false,"is_daily":false,"chose_seed":false,"campfire_upgraded":1,"win_rate":0,"timestamp":1542750011,"path_taken":["M","?","$","M","?","E","$","R","T","R","?","$","M","?","R","BOSS","M","?","M","M","M","R","E","R","T","M","M","?","E"],"build_version":"2018-11-15","purchased_purges":1,"victory":false,"max_hp_per_floor":[75,81,81,81,81,81,81,81,81,81,81,81,81,81,81,81,81,81,81,81,81,81,81,81,81,81,81,81,81,81],"card_choices":[{"not_picked":["Go for the Eyes","Compile Driver"],"picked":"Coolheaded","floor":1},{"not_picked":["Barrage","Redo"],"picked":"Coolheaded","floor":4},{"not_picked":["Machine Learning","Thunder Strike","Steam"],"picked":"SKIP","floor":6},{"not_picked":["Darkness","Streamline","Auto Shields"],"picked":"Sweeping Beam","floor":11},{"not_picked":["Machine Learning","Steam","Aggregate","BootSequence"],"picked":"SKIP","floor":13},{"not_picked":["Hyperbeam","Reboot","Amplify"],"picked":"Electrodynamics","floor":16},{"not_picked":["Chaos","Cold Snap","Steam Power"],"picked":"Undo","floor":18},{"not_picked":["Stack+1","Beam Cell","Rip and Tear+1"],"picked":"Chill","floor":20},{"not_picked":["Redo","Rebound","FTL","Skim"],"picked":"SKIP","floor":21},{"not_picked":["Conserve Battery","Beam Cell","Rip and Tear"],"picked":"Cold Snap","floor":22},{"not_picked":["Amplify","Chill","FTL","Sunder"],"picked":"SKIP","floor":24},{"not_picked":["Force Field+1","Go for the Eyes","Barrage"],"picked":"Leap","floor":27},{"not_picked":["Barrage+1","Rebound+1","Undo"],"picked":"Cold Snap","floor":28}],"player_experience":184578,"relics_obtained":[{"floor":6,"key":"Bottled Flame"},{"floor":9,"key":"Question Card"},{"floor":24,"key":"Bag of Marbles"},{"floor":26,"key":"Regal Pillow"}],"event_choices":[{"damage_healed":0,"gold_gain":0,"player_choice":"Box","damage_taken":0,"relics_obtained":["Darkstone Periapt"],"max_hp_gain":0,"max_hp_loss":0,"event_name":"Big Fish","floor":2,"gold_loss":0,"cards_obtained":["Regret"]},{"damage_healed":0,"gold_gain":0,"player_choice":"Forge","damage_taken":0,"max_hp_gain":0,"max_hp_loss":0,"event_name":"Accursed Blacksmith","floor":5,"gold_loss":0,"cards_upgraded":["Consume"]},{"damage_healed":0,"gold_gain":0,"player_choice":"Take Damage","damage_taken":20,"relics_obtained":["Golden Idol"],"max_hp_gain":0,"max_hp_loss":0,"event_name":"Golden Idol","floor":14,"gold_loss":0},{"damage_healed":0,"gold_gain":0,"player_choice":"Read","damage_taken":0,"max_hp_gain":0,"max_hp_loss":0,"event_name":"The Library","floor":19,"gold_loss":0,"cards_obtained":["Hologram"]}],"is_beta":true,"boss_relics":[{"not_picked":["Orrery","Empty Cage"],"picked":"Fusion Hammer"}],"items_purged_floors":[12],"is_endless":false,"potions_floor_spawned":[6,11,20,21,24],"killed_by":"Gremlin Leader","ascension_level":1}