{"gold_per_floor":[119,119,138,63,79,79,111,125,125,157,169,1,1,1,1,104,104,114,114,128,143,18,18,51,51,76,76,76,108,127,127,127,230,230,247,347,361,59,79,79,111,111,111,111,111,138,98,118,118,118],"floor_reached":51,"playtime":1328,"items_purged":["Strike_R","Strike_R","Strike_R","Strike_R"],"score":811,"play_id":"71a1e699-053b-4440-8566-4d7ea0a133f9","local_time":"20190303182722","is_ascension_mode":true,"campfire_choices":[{"data":"Hemokinesis","floor":6.0,"key":"SMITH"},{"data":"Intimidate","floor":13.0,"key":"SMITH"},{"data":"Bash","floor":15.0,"key":"SMITH"},{"data":"Clothesline","floor":23.0,"key":"SMITH"},{"floor":27.0,"key":"REST"},{"data":"1","floor":32.0,"key":"LIFT"},{"data":"2","floor":40,"key":"LIFT"},{"data":"3","floor":42,"key":"LIFT"},{"floor":49,"key":"REST"}],"neow_cost":"NONE","seed_source_timestamp":200140076444100,"circlet_count":0,"master_deck":["Defend_R","Defend_R","Defend_R","Defend_R","Bash+1","Hemokinesis+1","Pommel Strike","Seeing Red","Twin Strike","Carnage","Intimidate+1","Inflame+1","Demon Form+1","Necronomicurse","Clothesline+1","Corruption+1","Clothesline+1","Barricade+1","Clothesline+1","Entrench+1","Limit Break","Uppercut"],"special_seed":0,"relics":["Burning Blood","Meat on the Bone","Frozen Egg 2","Matryoshka","Singing Bowl","Snecko Eye","Necronomicon","Girya","Juzu Bracelet","Red Skull","Vajra","Eternal Feather","Peace Pipe","Letter Opener","Bag of Marbles","Dodecahedron","Regal Pillow"],"potions_floor_usage":[50,50,50],"damage_taken":[{"damage":8.0,"enemies":"Small Slimes","floor":1.0,"turns":3.0},{"damage":1.0,"enemies":"Cultist","floor":3.0,"turns":3.0},{"damage":7.0,"enemies":"Jaw Worm","floor":5.0,"turns":4.0},{"damage":28.0,"enemies":"3 Sentries","floor":7.0,"turns":7.0},{"damage":9.0,"enemies":"Blue Slaver","floor":8.0,"turns":3.0},{"damage":18.0,"enemies":"Gremlin Nob","floor":10.0,"turns":3.0},{"damage":20.0,"enemies":"Exordium Thugs","floor":11.0,"turns":4.0},{"damage":49.0,"enemies":"The Guardian","floor":16.0,"turns":7.0},{"damage":7.0,"enemies":"Chosen","floor":18.0,"turns":3.0},{"damage":24.0,"enemies":"3 Byrds","floor":20.0,"turns":4.0},{"damage":5.0,"enemies":"Cultist and Chosen","floor":21.0,"turns":4.0},{"damage":53.0,"enemies":"Slavers","floor":24.0,"turns":5.0},{"damage":21.0,"enemies":"Book of Stabbing","floor":29.0,"turns":3.0},{"damage":7.0,"enemies":"Chosen and Byrds","floor":30.0,"turns":3.0},{"damage":6.0,"enemies":"Colosseum Slavers","floor":31.0,"turns":3.0},{"damage":38.0,"enemies":"Collector","floor":33.0,"turns":7.0},{"damage":33.0,"enemies":"3 Shapes","floor":35.0,"turns":4.0},{"damage":2.0,"enemies":"Mind Bloom Boss Battle","floor":36.0,"turns":5.0},{"damage":32.0,"enemies":"3 Darklings","floor":37.0,"turns":5.0},{"damage":20,"enemies":"Transient","floor":39,"turns":5},{"damage":42,"enemies":"Reptomancer","floor":41,"turns":5},{"damage":27,"enemies":"Nemesis","floor":46,"turns":5},{"damage":18,"enemies":"Sphere and 2 Shapes","floor":48,"turns":3},{"damage":73,"enemies":"Donu and Deca","floor":50,"turns":7}],"seed_played":"8961068766267250825","potions_obtained":[{"floor":5.0,"key":"Ancient Potion"},{"floor":10.0,"key":"Block Potion"},{"floor":11.0,"key":"Poison Potion"},{"floor":16.0,"key":"Weak Potion"},{"floor":24.0,"key":"SkillPotion"},{"floor":30.0,"key":"Fire Potion"},{"floor":33.0,"key":"SkillPotion"},{"floor":37.0,"key":"BloodPotion"}],"is_trial":false,"path_per_floor":["M","?","M","$","M","R","E","M","T","E","M","$","R","?","R","B",null,"M","?","M","M","$","R","E","$","T","R","$","E","M","?","R","B",null,"M","?","M","$","M","R","E","R","T","$","?","E","$","M","R","B",null],"character_chosen":"IRONCLAD","items_purchased":["Inflame+1","Limit Break","Uppercut"],"campfire_rested":2,"item_purchase_floors":[12,38,47],"current_hp_per_floor":[86,86,88,88,87,87,65,62,62,62,60,60,60,53,53,22,88,89,73,55,58,58,58,25,25,25,53,53,50,61,61,61,41,94,69,73,59,59,59,71,49,61,61,61,61,54,54,56,104,59],"gold":118,"neow_bonus":"TEN_PERCENT_HP_BONUS","is_prod":false,"is_daily":false,"chose_seed":false,"campfire_upgraded":4,"win_rate":0,"timestamp":1551637642,"path_taken":["M","?","?","?","M","R","E","M","T","E","?","$","R","?","R","BOSS","M","?","M","M","$","R","E","?","T","R","$","E","M","?","R","BOSS","M","?","M","$","M","R","E","R","T","$","?","E","?","M","R","BOSS"],"build_version":"2019-01-23","purchased_purges":4,"victory":true,"max_hp_per_floor":[88,88,88,88,88,88,88,88,88,88,88,88,88,88,88,88,88,90,90,90,92,92,92,94,94,94,94,94,94,94,94,94,94,94,96,96,96,96,98,98,100,100,100,100,100,102,102,104,104,104],"card_choices":[{"not_picked":["Cleave","Corruption"],"picked":"Anger","floor":1.0},{"not_picked":["Body Slam","Wild Strike"],"picked":"Hemokinesis","floor":3.0},{"not_picked":["Clothesline","Dual Wield"],"picked":"Pommel Strike","floor":5.0},{"not_picked":["Havoc","Bloodletting"],"picked":"Seeing Red","floor":7.0},{"not_picked":["Clothesline","Perfected Strike"],"picked":"Twin Strike","floor":8.0},{"not_picked":["Immolate","Clothesline"],"picked":"Carnage","floor":10.0},{"not_picked":["Searing Blow","Thunderclap"],"picked":"Intimidate","floor":11.0},{"not_picked":["Offering","Double Tap"],"picked":"Demon Form+1","floor":16.0},{"not_picked":["Combust+1","Armaments","Thunderclap"],"picked":"Singing Bowl","floor":18.0},{"not_picked":["Body Slam","Cleave"],"picked":"Clothesline","floor":20.0},{"not_picked":["Whirlwind","Twin Strike","Headbutt+1"],"picked":"Singing Bowl","floor":21.0},{"not_picked":["True Grit","Armaments","Rage"],"picked":"Singing Bowl","floor":24.0},{"not_picked":["Whirlwind","Dark Embrace+1"],"picked":"Corruption+1","floor":29.0},{"not_picked":["Twin Strike","Pommel Strike"],"picked":"Clothesline+1","floor":30.0},{"not_picked":["Feed","Exhume"],"picked":"Barricade+1","floor":33.0},{"not_picked":["Sword Boomerang","Cleave+1","Havoc"],"picked":"Singing Bowl","floor":35.0},{"not_picked":["Evolve+1","Pommel Strike+1"],"picked":"Clothesline+1","floor":36.0},{"not_picked":["True Grit+1","Headbutt"],"picked":"Entrench+1","floor":37.0},{"not_picked":["Reckless Charge","Twin Strike+1","Seeing Red+1"],"picked":"Singing Bowl","floor":39},{"not_picked":["Seeing Red","Corruption+1","Flex+1"],"picked":"Singing Bowl","floor":41},{"not_picked":["Pummel","Cleave+1","Second Wind+1"],"picked":"Singing Bowl","floor":46},{"not_picked":["Barricade+1","Combust+1","Headbutt+1"],"picked":"Singing Bowl","floor":48}],"player_experience":1223137,"relics_obtained":[{"floor":7.0,"key":"Frozen Egg 2"},{"floor":9.0,"key":"Matryoshka"},{"floor":10.0,"key":"Singing Bowl"},{"floor":19.0,"key":"Necronomicon"},{"floor":24.0,"key":"Girya"},{"floor":26.0,"key":"Juzu Bracelet"},{"floor":26.0,"key":"Red Skull"},{"floor":29.0,"key":"Vajra"},{"floor":36.0,"key":"Peace Pipe"},{"floor":41,"key":"Letter Opener"},{"floor":43,"key":"Bag of Marbles"},{"floor":43,"key":"Dodecahedron"},{"floor":46,"key":"Regal Pillow"}],"event_choices":[{"cards_removed":["Anger"],"damage_healed":0.0,"max_hp_gain":0.0,"max_hp_loss":0.0,"gold_gain":0.0,"event_name":"WeMeetAgain","player_choice":"Gave Card","floor":2.0,"gold_loss":0.0,"damage_taken":0.0,"relics_obtained":["Meat on the Bone"]},{"cards_removed":["Strike_R"],"damage_healed":0.0,"max_hp_gain":0.0,"max_hp_loss":0.0,"gold_gain":0.0,"event_name":"Golden Wing","player_choice":"Card Removal","floor":14.0,"gold_loss":0.0,"damage_taken":7.0},{"damage_healed":0.0,"max_hp_gain":0.0,"max_hp_loss":0.0,"gold_gain":0.0,"event_name":"Cursed Tome","player_choice":"Obtained Book","floor":19.0,"gold_loss":0.0,"damage_taken":16.0},{"damage_healed":0.0,"max_hp_gain":0.0,"max_hp_loss":0.0,"gold_gain":0.0,"event_name":"Colosseum","player_choice":"Fight","floor":31.0,"gold_loss":0.0,"damage_taken":0.0},{"damage_healed":0.0,"max_hp_gain":0.0,"max_hp_loss":0.0,"gold_gain":0.0,"event_name":"Colosseum","player_choice":"Fled From Nobs","floor":31.0,"gold_loss":0.0,"damage_taken":0.0},{"damage_healed":0.0,"max_hp_gain":0.0,"max_hp_loss":0.0,"gold_gain":0.0,"event_name":"MindBloom","player_choice":"Fight","floor":36.0,"gold_loss":0.0,"damage_taken":0.0},{"damage_healed":0,"gold_gain":0,"player_choice":"Ignored","damage_taken":0,"max_hp_gain":0,"max_hp_loss":0,"event_name":"Mysterious Sphere","floor":45,"gold_loss":0}],"is_beta":false,"boss_relics":[{"not_picked":["Ectoplasm","Mark of Pain"],"picked":"Snecko Eye"},{"not_picked":["Astrolabe","Orrery"],"picked":"Eternal Feather"}],"items_purged_floors":[4,12,22,38],"is_endless":false,"potions_floor_spawned":[5,10,11,16,24,30,31,33,37,39,41],"ascension_level":1}