{"gold_per_floor":[114,114,124,1,176,209,225,225,251,285,21,21,47,66,66,163,163,180,95,109,109,127,127,156,156,227,256,256,256,275,275],"floor_reached":31,"playtime":3599,"items_purged":["Doubt"],"score":320,"play_id":"01bf3fc3-379b-4696-a036-462c4c2938c3","local_time":"20181126222219","is_ascension_mode":true,"campfire_choices":[{"data":"Neutralize","floor":8,"key":"SMITH"},{"data":"Madness","floor":12,"key":"SMITH"},{"floor":15,"key":"REST"},{"floor":23,"key":"REST"},{"floor":25,"key":"REST"},{"floor":28,"key":"REST"}],"neow_cost":"NONE","seed_source_timestamp":15037403311467,"circlet_count":0,"master_deck":["Defend_G","Defend_G","Defend_G","Strike_G","Survivor","Neutralize+1","Caltrops+1","Dodge and Roll+1","Distraction+1","Dash","Caltrops","Footwork","PiercingWail","Bouncing Flask","Noxious Fumes","Backflip","Madness+1","Burst","Well Laid Plans","Adrenaline","Cloak And Dagger+1","RitualDagger","Accuracy","Well Laid Plans"],"relics":["Astrolabe","Centennial Puzzle","Boot","Ninja Scroll","Smiling Mask","Empty Cage","Pantograph","Incense Burner","Blue Candle","Paper Crane","Toxic Egg 2"],"potions_floor_usage":[13,22,27,31,31],"damage_taken":[{"damage":0,"enemies":"Small Slimes","floor":1,"turns":4},{"damage":0,"enemies":"2 Louse","floor":3,"turns":3},{"damage":10,"enemies":"3 Sentries","floor":6,"turns":10},{"damage":4,"enemies":"Jaw Worm","floor":7,"turns":4},{"damage":21,"enemies":"Gremlin Nob","floor":10,"turns":6},{"damage":7,"enemies":"3 Sentries","floor":13,"turns":5},{"damage":8,"enemies":"3 Louse","floor":14,"turns":2},{"damage":32,"enemies":"The Guardian","floor":16,"turns":8},{"damage":0,"enemies":"Chosen","floor":18,"turns":6},{"damage":9,"enemies":"2 Thieves","floor":20,"turns":4},{"damage":32,"enemies":"Shelled Parasite and Fungi","floor":22,"turns":6},{"damage":35,"enemies":"Gremlin Leader","floor":24,"turns":8},{"damage":7,"enemies":"Book of Stabbing","floor":27,"turns":4},{"damage":7,"enemies":"Chosen and Byrds","floor":30,"turns":6},{"damage":42,"enemies":"Gremlin Leader","floor":31,"turns":3}],"seed_played":"-3370345709543148010","potions_obtained":[{"floor":1,"key":"Energy Potion"},{"floor":10,"key":"SpeedPotion"},{"floor":13,"key":"Strength Potion"},{"floor":16,"key":"Block Potion"},{"floor":30,"key":"Fire Potion"}],"is_trial":false,"path_per_floor":["M","?","M","$","?","E","M","R","T","E","$","R","E","M","R","B",null,"M","?","M","?","M","R","E","R","T","E","R","?","M","E"],"character_chosen":"THE_SILENT","items_purchased":["Footwork","PiercingWail","Noxious Fumes","Backflip","Madness"],"campfire_rested":4,"item_purchase_floors":[4,4,11,11,11],"current_hp_per_floor":[70,70,70,70,70,60,56,56,56,35,35,35,28,20,41,9,70,70,70,61,55,23,44,9,30,30,23,44,44,37,0],"gold":275,"neow_bonus":"BOSS_RELIC","is_prod":false,"is_daily":false,"chose_seed":false,"campfire_upgraded":2,"win_rate":0,"timestamp":1543299739,"path_taken":["M","?","M","$","?","E","M","R","T","E","?","R","E","M","R","BOSS","M","?","M","?","M","R","E","R","T","E","R","?","M","E"],"build_version":"2018-11-15","purchased_purges":1,"victory":false,"max_hp_per_floor":[70,70,70,70,70,70,70,70,70,70,70,70,70,70,70,70,70,70,70,70,70,70,70,70,70,70,70,70,70,70,70],"card_choices":[{"not_picked":["Acrobatics","Concentrate"],"picked":"Dash","floor":1},{"not_picked":["Outmaneuver","Slice","Acrobatics"],"picked":"SKIP","floor":3},{"not_picked":["Flying Knee","Skewer","Underhanded Strike"],"picked":"SKIP","floor":6},{"not_picked":["Dagger Throw","Deflect","Night Terror"],"picked":"SKIP","floor":7},{"not_picked":["Sucker Punch","Slice"],"picked":"Bouncing Flask","floor":10},{"not_picked":["Deflect","Dodge and Roll"],"picked":"Burst","floor":13},{"not_picked":["Riddle With Holes","Deflect"],"picked":"Well Laid Plans","floor":14},{"not_picked":["Glass Knife","Tools of the Trade"],"picked":"Adrenaline","floor":16},{"not_picked":["Masterful Stab+1","Sucker Punch"],"picked":"Cloak And Dagger+1","floor":18},{"not_picked":["Blade Dance","Heel Hook","Deadly Poison+1"],"picked":"SKIP","floor":20},{"not_picked":["Distraction","Dagger Spray","Bane+1"],"picked":"SKIP","floor":22},{"not_picked":["Poisoned Stab","All Out Attack"],"picked":"Accuracy","floor":24},{"not_picked":["Poisoned Stab","Endless Agony","Sucker Punch"],"picked":"SKIP","floor":27},{"not_picked":["Flying Knee","Quick Slash"],"picked":"Well Laid Plans","floor":30}],"player_experience":261217,"relics_obtained":[{"floor":6,"key":"Centennial Puzzle"},{"floor":9,"key":"Boot"},{"floor":10,"key":"Ninja Scroll"},{"floor":13,"key":"Smiling Mask"},{"floor":24,"key":"Incense Burner"},{"floor":26,"key":"Blue Candle"},{"floor":27,"key":"Paper Crane"}],"event_choices":[{"damage_healed":0,"gold_gain":0,"cards_transformed":["Defend_G"],"player_choice":"Change","damage_taken":0,"max_hp_gain":0,"max_hp_loss":0,"event_name":"Living Wall","floor":2,"gold_loss":0,"cards_obtained":["Caltrops"]},{"damage_healed":0,"gold_gain":175,"player_choice":"AGREE","damage_taken":0,"max_hp_gain":0,"max_hp_loss":0,"event_name":"Liars Game","floor":5,"gold_loss":0,"cards_obtained":["Doubt"]},{"damage_healed":0,"gold_gain":0,"player_choice":"Obtained Relic","damage_taken":0,"relics_obtained":["Pantograph"],"max_hp_gain":0,"max_hp_loss":0,"event_name":"Addict","floor":19,"gold_loss":85},{"damage_healed":0,"gold_gain":0,"player_choice":"Joined the Cult","damage_taken":6,"max_hp_gain":0,"max_hp_loss":0,"event_name":"Nest","floor":21,"gold_loss":0,"cards_obtained":["RitualDagger"]},{"damage_healed":0,"gold_gain":0,"player_choice":"Opened","damage_taken":0,"relics_obtained":["Toxic Egg 2"],"max_hp_gain":0,"max_hp_loss":0,"event_name":"The Mausoleum","floor":29,"gold_loss":0}],"is_beta":true,"boss_relics":[{"not_picked":["Lizard Tail","Tiny House"],"picked":"Empty Cage"}],"items_purged_floors":[11],"is_endless":false,"potions_floor_spawned":[1,10,13,16,30],"killed_by":"Gremlin Leader","ascension_level":2}