{"gold_per_floor":[114,126,126,201,20,20,50,64,64,78,78],"floor_reached":11,"playtime":233,"items_purged":["Strike_R"],"score":146,"play_id":"ba1db854-08ea-43a4-bdaf-51ff79d7451b","local_time":"20190421225330","is_ascension_mode":true,"campfire_choices":[{"data":"Bash","floor":6.0,"key":"SMITH"}],"neow_cost":"NONE","seed_source_timestamp":989344160710000,"circlet_count":0,"master_deck":["AscendersBane","Strike_R","Strike_R","Strike_R","Strike_R","Defend_R","Defend_R","Defend_R","Defend_R","Bash+1","Clothesline","True Grit","Swift Strike","Pommel Strike","Inflame"],"special_seed":0,"relics":["Burning Blood","Boot","StoneCalendar","Ginger"],"potions_floor_usage":[],"damage_taken":[{"damage":9.0,"enemies":"2 Louse","floor":1.0,"turns":3.0},{"damage":3.0,"enemies":"Small Slimes","floor":2.0,"turns":3.0},{"damage":38,"enemies":"Gremlin Nob","floor":7,"turns":5},{"damage":4,"enemies":"Cultist","floor":8,"turns":3},{"damage":16,"enemies":"3 Louse","floor":10,"turns":3},{"damage":21,"enemies":"Blue Slaver","floor":11,"turns":2}],"seed_played":"1824265571836657830","potions_obtained":[{"floor":2.0,"key":"SneckoOil"},{"floor":8,"key":"PowerPotion"}],"is_trial":false,"path_per_floor":["M","M","?","?","$","R","E","M","T","M","M"],"character_chosen":"IRONCLAD","items_purchased":["Swift Strike"],"campfire_rested":0,"item_purchase_floors":[5],"current_hp_per_floor":[65,68,68,57,57,57,25,27,27,17,0],"gold":78,"neow_bonus":"RANDOM_COMMON_RELIC","is_prod":false,"is_daily":false,"chose_seed":false,"campfire_upgraded":1,"win_rate":0,"timestamp":1555883610,"path_taken":["M","M","?","?","$","R","E","M","T","M","M"],"build_version":"2019-01-23","purchased_purges":1,"victory":false,"max_hp_per_floor":[75,75,75,75,75,75,75,75,75,75,75],"card_choices":[{"not_picked":["Cleave","Clash"],"picked":"Clothesline","floor":1.0},{"not_picked":["Perfected Strike","Heavy Blade"],"picked":"True Grit","floor":2.0},{"not_picked":["Armaments","Evolve","Body Slam"],"picked":"SKIP","floor":7},{"not_picked":["Entrench","Brutality"],"picked":"Pommel Strike","floor":8},{"not_picked":["Flex","Iron Wave"],"picked":"Inflame","floor":10}],"player_experience":1309656,"relics_obtained":[{"floor":7,"key":"StoneCalendar"},{"floor":9,"key":"Ginger"}],"event_choices":[{"damage_healed":0.0,"max_hp_gain":0.0,"max_hp_loss":0.0,"gold_gain":0.0,"event_name":"Liars Game","player_choice":"Ignored","floor":3.0,"gold_loss":0.0,"damage_taken":0.0},{"damage_healed":0.0,"max_hp_gain":0.0,"max_hp_loss":0.0,"gold_gain":75.0,"event_name":"World of Goop","player_choice":"Gather Gold","floor":4.0,"gold_loss":0.0,"damage_taken":11.0}],"is_beta":false,"boss_relics":[],"items_purged_floors":[5],"is_endless":false,"potions_floor_spawned":[2,8],"killed_by":"Blue Slaver","ascension_level":20}