{"gold_per_floor":[110,110,125,103,122,122,155,155,178,191,243,243,261,295,295,400,400,419,430,186,461,474,508,519,519,519,93,93,120,120,135,135,234,234,245,263,17,36,88,114,114,114,138,153,153,153,153,186,186,186,186,186,43,69,69],"floor_reached":56,"playtime":4369,"items_purged":[],"score":1278,"play_id":"60c9dd45-b6bf-4a02-b9bf-b51845991458","local_time":"20190120003234","is_ascension_mode":false,"campfire_choices":[{"floor":6.0,"key":"RECALL"},{"data":"Zap","floor":8.0,"key":"SMITH"},{"data":"Chill","floor":15.0,"key":"SMITH"},{"data":"Storm","floor":25.0,"key":"SMITH"},{"data":"Multi-Cast","floor":32.0,"key":"SMITH"},{"data":"Creative AI","floor":41.0,"key":"SMITH"},{"data":"Magnetism","floor":45.0,"key":"SMITH"},{"floor":49.0,"key":"REST"},{"data":"Seek","floor":52.0,"key":"SMITH"}],"neow_cost":"NONE","seed_source_timestamp":2852751704582,"circlet_count":0,"master_deck":["Strike_B+1","Strike_B+1","Strike_B+1","Defend_B+1","Defend_B+1","Zap+1","Dualcast","Storm+1","Chill+1","Conserve Battery","Conserve Battery","Sweeping Beam","Cold Snap","Multi-Cast+1","Consume","Flash of Steel","Loop","Seek+1","Static Discharge+1","Creative AI+1","Magnetism+1","Sweeping Beam+1","Storm+1"],"special_seed":0,"relics":["Cracked Core","Omamori","DataDisk","Potion Belt","Bag of Marbles","Cables","Empty Cage","Lantern","Mummified Hand","Meat on the Bone","Tiny Chest","WingedGreaves","Oddly Smooth Stone","Nuclear Battery","Matryoshka","Juzu Bracelet","Strawberry","Boot","Kunai","Regal Pillow","Anchor","Happy Flower","Art of War"],"potions_floor_usage":[55,55,55,55],"damage_taken":[{"damage":1.0,"enemies":"Cultist","floor":1.0,"turns":3.0},{"damage":1.0,"enemies":"Jaw Worm","floor":3.0,"turns":3.0},{"damage":0.0,"enemies":"Small Slimes","floor":5.0,"turns":3.0},{"damage":8.0,"enemies":"3 Sentries","floor":7.0,"turns":10.0},{"damage":1.0,"enemies":"3 Louse","floor":10.0,"turns":5.0},{"damage":8.0,"enemies":"Gremlin Gang","floor":13.0,"turns":5.0},{"damage":2.0,"enemies":"Lagavulin","floor":14.0,"turns":9.0},{"damage":0.0,"enemies":"The Guardian","floor":16.0,"turns":16.0},{"damage":2.0,"enemies":"Shell Parasite","floor":18.0,"turns":7.0},{"damage":0.0,"enemies":"Spheric Guardian","floor":19.0,"turns":4.0},{"damage":5.0,"enemies":"Snake Plant","floor":22.0,"turns":5.0},{"damage":28.0,"enemies":"Book of Stabbing","floor":23.0,"turns":7.0},{"damage":20.0,"enemies":"Shelled Parasite and Fungi","floor":24.0,"turns":7.0},{"damage":0.0,"enemies":"Gremlin Leader","floor":29.0,"turns":9.0},{"damage":0.0,"enemies":"Snecko","floor":31.0,"turns":6.0},{"damage":21.0,"enemies":"Automaton","floor":33.0,"turns":8.0},{"damage":6.0,"enemies":"3 Darklings","floor":35.0,"turns":4.0},{"damage":11.0,"enemies":"Orb Walker","floor":36.0,"turns":3.0},{"damage":15.0,"enemies":"Writhing Mass","floor":38.0,"turns":4.0},{"damage":35.0,"enemies":"Giant Head","floor":40.0,"turns":7.0},{"damage":9.0,"enemies":"Maw","floor":44.0,"turns":5.0},{"damage":37.0,"enemies":"Nemesis","floor":48.0,"turns":5.0},{"damage":63.0,"enemies":"Time Eater","floor":50.0,"turns":7.0},{"damage":64.0,"enemies":"Shield and Spear","floor":54.0,"turns":5.0},{"damage":64,"enemies":"The Heart","floor":55,"turns":8}],"seed_played":"-1807330775789327066","potions_obtained":[{"floor":2.0,"key":"Ancient Potion"},{"floor":2.0,"key":"SneckoOil"},{"floor":2.0,"key":"Fruit Juice"},{"floor":3.0,"key":"Block Potion"},{"floor":5.0,"key":"SpeedPotion"},{"floor":7.0,"key":"EssenceOfSteel"},{"floor":16.0,"key":"AttackPotion"},{"floor":18.0,"key":"Swift Potion"},{"floor":22.0,"key":"Strength Potion"},{"floor":23.0,"key":"FairyPotion"},{"floor":33.0,"key":"Ancient Potion"},{"floor":35.0,"key":"Ancient Potion"},{"floor":38.0,"key":"Regen Potion"},{"floor":54.0,"key":"Ancient Potion"}],"is_trial":false,"path_per_floor":["M","?","M","$","M","R","E","R","T","M","T","?","M","E","R","B",null,"M","M","$","?","M","E","M","R","T","$","?","E","?","M","R","B",null,"M","M","$","M","T","E","R","?","T","M","R","?","?","E","R","B",null,"R","$","E","B",null],"character_chosen":"DEFECT","items_purchased":["Conserve Battery","Flash of Steel","Lantern","Tiny Chest","WingedGreaves","Matryoshka","Happy Flower"],"campfire_rested":1,"item_purchase_floors":[4,20,20,27,27,37,53],"current_hp_per_floor":[74,79,78,78,78,78,70,70,70,69,69,62,54,52,52,52,80,78,78,78,78,73,45,25,25,25,25,25,37,37,49,49,40,80,74,63,63,48,55,47,47,47,47,50,50,50,50,25,64,13,83,83,83,31,20],"gold":69,"neow_bonus":"RANDOM_COMMON_RELIC","is_prod":false,"is_daily":false,"chose_seed":false,"campfire_upgraded":7,"win_rate":0,"timestamp":1547915554,"path_taken":["M","?","M","$","?","R","E","R","T","?","?","?","M","E","R","BOSS","M","M","$","?","M","E","?","R","T","$","?","E","?","M","R","BOSS","M","M","$","M","?","E","R","?","T","M","R","?","?","E","R","BOSS","R","$","E","BOSS"],"build_version":"2019-01-17v2","purchased_purges":0,"victory":true,"max_hp_per_floor":[75,80,80,80,80,80,80,80,80,80,80,80,80,80,80,80,80,80,80,80,80,80,80,80,80,80,80,80,80,80,80,80,80,80,80,80,80,80,87,87,87,87,87,87,87,87,83,83,83,83,83,83,83,83,83],"card_choices":[{"not_picked":["Leap","Coolheaded"],"picked":"Storm","floor":1.0},{"not_picked":["Melter","Rip and Tear"],"picked":"Chill","floor":3.0},{"not_picked":["Beam Cell","Coolheaded","Go for the Eyes"],"picked":"SKIP","floor":5.0},{"not_picked":["Sunder","Chaos"],"picked":"Conserve Battery","floor":7.0},{"not_picked":["Compile Driver","Steam"],"picked":"Sweeping Beam","floor":10.0},{"not_picked":["Turbo","Redo"],"picked":"Cold Snap","floor":13.0},{"not_picked":["Steam Power","Melter","Streamline"],"picked":"SKIP","floor":14.0},{"not_picked":["Biased Cognition","Echo Form"],"picked":"Multi-Cast","floor":16.0},{"not_picked":["Recycle","Stack","BootSequence"],"picked":"SKIP","floor":18.0},{"not_picked":["Leap","Hologram"],"picked":"Consume","floor":19.0},{"not_picked":["Chill+1","Ball Lightning+1"],"picked":"Loop","floor":22.0},{"not_picked":["Leap+1","Hologram"],"picked":"Seek","floor":23.0},{"not_picked":["Force Field+1","Steam+1","Sweeping Beam"],"picked":"SKIP","floor":24.0},{"not_picked":["Rip and Tear","Turbo","Hologram"],"picked":"SKIP","floor":29.0},{"not_picked":["Rip and Tear+1","Turbo"],"picked":"Static Discharge+1","floor":31.0},{"not_picked":["All For One","Amplify"],"picked":"Creative AI","floor":33.0},{"not_picked":["Rip and Tear","Turbo+1","Coolheaded"],"picked":"SKIP","floor":35.0},{"not_picked":["Rebound","Scrape","Compile Driver"],"picked":"SKIP","floor":36.0},{"not_picked":["Glacier","Static Discharge+1","Reprogram+1"],"picked":"SKIP","floor":38.0},{"not_picked":["Skim+1","Streamline+1","Hologram+1"],"picked":"SKIP","floor":40.0},{"not_picked":["Coolheaded+1","Capacitor"],"picked":"Sweeping Beam+1","floor":44.0},{"not_picked":["Stack","Barrage"],"picked":"Storm+1","floor":48.0},{"not_picked":["Stack+1","Melter+1","Hologram"],"picked":"SKIP","floor":54.0}],"player_experience":392187,"relics_obtained":[{"floor":7.0,"key":"DataDisk"},{"floor":11.0,"key":"Potion Belt"},{"floor":14.0,"key":"Cables"},{"floor":23.0,"key":"Mummified Hand"},{"floor":26.0,"key":"Meat on the Bone"},{"floor":29.0,"key":"Oddly Smooth Stone"},{"floor":39.0,"key":"Juzu Bracelet"},{"floor":39.0,"key":"Strawberry"},{"floor":40.0,"key":"Boot"},{"floor":43.0,"key":"Kunai"},{"floor":43.0,"key":"Regal Pillow"},{"floor":48.0,"key":"Anchor"},{"floor":54.0,"key":"Art of War"}],"event_choices":[{"damage_healed":0.0,"max_hp_gain":0.0,"max_hp_loss":0.0,"gold_gain":0.0,"event_name":"Lab","player_choice":"Got Potions","floor":2.0,"gold_loss":0.0,"damage_taken":0.0},{"damage_healed":0.0,"max_hp_gain":0.0,"max_hp_loss":0.0,"gold_gain":0.0,"event_name":"Scrap Ooze","player_choice":"Success","floor":12.0,"gold_loss":0.0,"damage_taken":7.0,"relics_obtained":["Bag of Marbles"]},{"damage_healed":0.0,"max_hp_gain":0.0,"max_hp_loss":0.0,"gold_gain":275.0,"event_name":"Golden Shrine","player_choice":"Desecrate","floor":21.0,"gold_loss":0.0,"damage_taken":0.0,"cards_obtained":["Regret"]},{"damage_healed":0.0,"max_hp_gain":0.0,"max_hp_loss":0.0,"gold_gain":0.0,"event_name":"Back to Basics","player_choice":"Simplicity","floor":28.0,"gold_loss":0.0,"damage_taken":0.0,"cards_upgraded":["Strike_B","Strike_B","Strike_B","Defend_B","Defend_B","Defend_B"]},{"damage_healed":0.0,"max_hp_gain":0.0,"max_hp_loss":0.0,"gold_gain":0.0,"cards_transformed":["Defend_B"],"event_name":"Transmorgrifier","player_choice":"Transformed","floor":30.0,"gold_loss":0.0,"damage_taken":0.0,"cards_obtained":["FTL"]},{"cards_removed":["FTL"],"damage_healed":0.0,"max_hp_gain":0.0,"max_hp_loss":0.0,"gold_gain":0.0,"event_name":"NoteForYourself","player_choice":"Took Card","floor":42.0,"gold_loss":0.0,"damage_taken":0.0,"cards_obtained":["Magnetism"]},{"damage_healed":0.0,"max_hp_gain":0.0,"max_hp_loss":0.0,"gold_gain":0.0,"event_name":"Tomb of Lord Red Mask","player_choice":"Ignored","floor":46.0,"gold_loss":0.0,"damage_taken":0.0},{"damage_healed":0.0,"max_hp_gain":0.0,"max_hp_loss":4.0,"gold_gain":0.0,"event_name":"Winding Halls","player_choice":"Max HP","floor":47.0,"gold_loss":0.0,"damage_taken":0.0}],"is_beta":false,"boss_relics":[{"not_picked":["Runic Pyramid","Philosopher\u0027s Stone"],"picked":"Empty Cage"},{"not_picked":["Pandora\u0027s Box","Orrery"],"picked":"Nuclear Battery"}],"items_purged_floors":[],"is_endless":false,"potions_floor_spawned":[3,5,7,16,18,22,23,33,35,38,54],"ascension_level":0}