{"gold_per_floor":[115,115,134,145,115,115,149,149,149,174,192,192,207,207],"floor_reached":14,"playtime":1313,"items_purged":[],"score":105,"play_id":"475bb2b1-6354-4466-9586-a2bc718ed3f7","local_time":"20190420024543","is_ascension_mode":true,"campfire_choices":[{"data":"Neutralize","floor":6,"key":"SMITH"},{"data":"Catalyst","floor":8,"key":"SMITH"},{"data":"Deadly Poison","floor":12,"key":"SMITH"}],"neow_cost":"NONE","seed_source_timestamp":164244456954514,"circlet_count":0,"master_deck":["Defend_G","Defend_G","Defend_G","Defend_G","Defend_G","Strike_G","Strike_G","Strike_G","Strike_G","Survivor","Neutralize+1","Deadly Poison+1","Infinite Blades","Catalyst+1"],"relics":["Ring of the Snake","Sundial","Potion Belt","Pantograph","Shuriken"],"potions_floor_usage":[14],"damage_taken":[{"damage":0,"enemies":"2 Louse","floor":1,"turns":3},{"damage":0,"enemies":"Jaw Worm","floor":3,"turns":4},{"damage":0,"enemies":"Cultist","floor":4,"turns":4},{"damage":10,"enemies":"Lagavulin","floor":7,"turns":8},{"damage":35,"enemies":"Gremlin Nob","floor":10,"turns":5},{"damage":5,"enemies":"Exordium Thugs","floor":11,"turns":5},{"damage":7,"enemies":"Blue Slaver","floor":13,"turns":3},{"damage":6,"enemies":"Red Slaver","floor":14,"turns":2}],"seed_played":"-3763599510596989040","potions_obtained":[{"floor":11,"key":"PowerPotion"},{"floor":13,"key":"SpeedPotion"}],"is_trial":false,"path_per_floor":["M","?","M","M","?","R","E","R","T","E","M","R","M","M"],"character_chosen":"THE_SILENT","items_purchased":[],"campfire_rested":0,"item_purchase_floors":[],"current_hp_per_floor":[70,63,63,63,63,63,53,53,53,18,13,13,6,0],"gold":207,"neow_bonus":"REMOVE_CARD","is_prod":false,"is_daily":false,"chose_seed":false,"campfire_upgraded":3,"win_rate":0,"timestamp":1555742743,"path_taken":["M","?","M","M","?","R","E","R","T","E","M","R","M","M"],"build_version":"2019-01-23","purchased_purges":0,"victory":false,"max_hp_per_floor":[70,70,70,70,70,70,70,70,70,70,70,70,70,70],"card_choices":[{"not_picked":["Sucker Punch","Dagger Spray","PiercingWail"],"picked":"SKIP","floor":1},{"not_picked":["Underhanded Strike","Dash"],"picked":"Deadly Poison","floor":3},{"not_picked":["Well Laid Plans","Blade Dance"],"picked":"Infinite Blades","floor":4},{"not_picked":["Backflip","Finisher"],"picked":"Catalyst","floor":7},{"not_picked":["Cloak And Dagger","Grand Finale","Deflect"],"picked":"SKIP","floor":10},{"not_picked":["Infinite Blades","Bane","Cloak And Dagger"],"picked":"SKIP","floor":11},{"not_picked":["Flying Knee","Quick Slash","Cloak And Dagger"],"picked":"SKIP","floor":13}],"player_experience":127580,"relics_obtained":[{"floor":7,"key":"Potion Belt"},{"floor":9,"key":"Pantograph"},{"floor":10,"key":"Shuriken"}],"event_choices":[{"damage_healed":0,"gold_gain":0,"player_choice":"Success","damage_taken":7,"relics_obtained":["Sundial"],"max_hp_gain":0,"max_hp_loss":0,"event_name":"Scrap Ooze","floor":2,"gold_loss":0},{"damage_healed":0,"gold_gain":0,"player_choice":"Left Gold","damage_taken":0,"max_hp_gain":0,"max_hp_loss":0,"event_name":"World of Goop","floor":5,"gold_loss":30}],"is_beta":false,"boss_relics":[],"items_purged_floors":[],"is_endless":false,"potions_floor_spawned":[11,13],"killed_by":"Red Slaver","ascension_level":1}