{"gold_per_floor":[113,113,124,138,14,40,40,40,66,78,90,102,114,136,148,262,274,304,316,127,127,144,144,144],"floor_reached":24,"playtime":1604,"items_purged":[],"score":211,"play_id":"8ae7945a-a469-4c67-8dc2-f7717f4784ce","local_time":"20190508015203","is_ascension_mode":true,"campfire_choices":[{"data":"Defragment","floor":8.0,"key":"SMITH"},{"floor":12.0,"key":"REST"},{"floor":15.0,"key":"REST"},{"data":"Beam Cell","floor":23.0,"key":"SMITH"}],"neow_cost":"NONE","seed_source_timestamp":0,"circlet_count":0,"master_deck":["Strike_B+1","Strike_B+1","Defend_B","Defend_B","Defend_B","Defend_B","Zap","Dualcast","Beam Cell+1","Defragment+1","Turbo","Conserve Battery","Skim","Echo Form+1","Redo+1"],"special_seed":0,"relics":["Cracked Core","Whetstone","Happy Flower","MawBank","Dream Catcher","Philosopher\u0027s Stone","PrismaticShard"],"potions_floor_usage":[24],"damage_taken":[{"damage":1.0,"enemies":"2 Louse","floor":1.0,"turns":2.0},{"damage":0.0,"enemies":"Cultist","floor":3.0,"turns":2.0},{"damage":10.0,"enemies":"Small Slimes","floor":4.0,"turns":2.0},{"damage":39.0,"enemies":"Lagavulin","floor":6.0,"turns":7.0},{"damage":9.0,"enemies":"Blue Slaver","floor":14.0,"turns":3.0},{"damage":22.0,"enemies":"Slime Boss","floor":16.0,"turns":9.0},{"damage":31.0,"enemies":"2 Thieves","floor":18.0,"turns":4.0},{"damage":12.0,"enemies":"Chosen","floor":22.0,"turns":4.0},{"damage":74,"enemies":"Slavers","floor":24,"turns":6}],"seed_played":"1050115671240749469","potions_obtained":[{"floor":3.0,"key":"Energy Potion"},{"floor":4.0,"key":"Strength Potion"},{"floor":16.0,"key":"GamblersBrew"}],"is_trial":false,"path_per_floor":["M","?","M","M","$","E","$","R","T","?","T","R","$","M","R","B",null,"M","?","$","?","M","R","E"],"character_chosen":"DEFECT","items_purchased":["Defragment","Turbo","PrismaticShard"],"campfire_rested":2,"item_purchase_floors":[5,5,20],"current_hp_per_floor":[74,74,74,64,64,25,25,25,25,25,25,47,47,38,60,38,75,44,44,44,85,73,73,0],"gold":144,"neow_bonus":"RANDOM_COMMON_RELIC","is_prod":false,"is_daily":false,"chose_seed":false,"campfire_upgraded":2,"win_rate":0,"timestamp":1557294723,"path_taken":["M","?","M","M","?","E","$","R","T","?","?","R","?","?","R","BOSS","M","?","?","?","M","R","E"],"build_version":"2019-01-23","purchased_purges":0,"victory":false,"max_hp_per_floor":[75,75,75,75,75,75,75,75,75,75,75,75,75,75,75,75,75,75,75,75,85,85,85,85],"card_choices":[{"not_picked":["Sweeping Beam","Rip and Tear"],"picked":"Beam Cell","floor":1.0},{"not_picked":["Stack","Cold Snap","Ball Lightning"],"picked":"SKIP","floor":3.0},{"not_picked":["Coolheaded","Hologram"],"picked":"Core Surge","floor":4.0},{"not_picked":["Force Field","Stack"],"picked":"Conserve Battery","floor":6.0},{"not_picked":["Streamline","Rebound","Fusion"],"picked":"SKIP","floor":14.0},{"not_picked":["Multi-Cast","Thunder Strike"],"picked":"Echo Form","floor":16.0},{"not_picked":["Storm","Cold Snap"],"picked":"Redo+1","floor":18.0},{"not_picked":["Armaments","Power Through","Infernal Blade"],"picked":"SKIP","floor":22.0}],"player_experience":167074,"relics_obtained":[{"floor":6.0,"key":"Happy Flower"},{"floor":9.0,"key":"MawBank"},{"floor":11.0,"key":"Dream Catcher"}],"event_choices":[{"cards_removed":["Strike_B"],"damage_healed":0.0,"max_hp_gain":0.0,"max_hp_loss":0.0,"gold_gain":0.0,"event_name":"Wheel of Change","player_choice":"Card Removal","floor":2.0,"gold_loss":0.0,"damage_taken":0.0},{"damage_healed":0.0,"max_hp_gain":0.0,"max_hp_loss":0.0,"gold_gain":0.0,"cards_transformed":["Strike_B"],"event_name":"Living Wall","player_choice":"Change","floor":10.0,"gold_loss":0.0,"damage_taken":0.0,"cards_obtained":["Skim"]},{"damage_healed":0.0,"max_hp_gain":0.0,"max_hp_loss":0.0,"gold_gain":0.0,"event_name":"Accursed Blacksmith","player_choice":"Forge","floor":19.0,"gold_loss":0.0,"damage_taken":0.0,"cards_upgraded":["Echo Form"]},{"cards_removed":["Core Surge"],"damage_healed":31.0,"max_hp_gain":10.0,"max_hp_loss":0.0,"gold_gain":0.0,"event_name":"Bonfire Elementals","player_choice":"Offered Rare","floor":21.0,"gold_loss":0.0,"damage_taken":0.0}],"is_beta":false,"boss_relics":[{"not_picked":["Lizard Tail","Busted Crown"],"picked":"Philosopher\u0027s Stone"}],"items_purged_floors":[],"is_endless":false,"potions_floor_spawned":[3,4,16],"killed_by":"Slavers","ascension_level":2}