{"gold_per_floor":[110,110,110,127,146,146,164,164,164,164,89,89,108,128,128,225,225,236,246,265,283,283],"floor_reached":22,"playtime":831,"items_purged":["Defend_R"],"score":180,"play_id":"f50412f7-5898-4b88-86c9-ca5543bb7200","local_time":"20190522223153","is_ascension_mode":false,"campfire_choices":[{"data":"Battle Trance","floor":6,"key":"SMITH"},{"data":"Disarm","floor":8,"key":"SMITH"},{"data":"Flame Barrier","floor":15,"key":"SMITH"}],"neow_cost":"NONE","seed_source_timestamp":553195649673819,"circlet_count":0,"master_deck":["Strike_R","Strike_R","Strike_R","Strike_R","Defend_R","Defend_R","Defend_R","Bash+1","Impervious","Disarm+1","Battle Trance+1","Flame Barrier+1","Double Tap","Clothesline+1","Battle Trance"],"relics":["Burning Blood"],"potions_floor_usage":[12,13,16,16,16,16,21,21],"damage_taken":[{"damage":5,"enemies":"Small Slimes","floor":1,"turns":4},{"damage":0,"enemies":"2 Louse","floor":4,"turns":4},{"damage":7,"enemies":"Cultist","floor":5,"turns":4},{"damage":10,"enemies":"Looter","floor":7,"turns":2},{"damage":0,"enemies":"Exordium Wildlife","floor":13,"turns":5},{"damage":4,"enemies":"Blue Slaver","floor":14,"turns":5},{"damage":5,"enemies":"The Guardian","floor":16,"turns":15},{"damage":10,"enemies":"3 Byrds","floor":18,"turns":4},{"damage":6,"enemies":"Chosen","floor":19,"turns":6},{"damage":22,"enemies":"Snecko","floor":20,"turns":7},{"damage":29,"enemies":"Cultist and Chosen","floor":21,"turns":9},{"damage":61,"enemies":"3 Cultists","floor":22,"turns":6}],"seed_played":"-856457322788184724","potions_obtained":[{"floor":5,"key":"AttackPotion"},{"floor":12,"key":"Fruit Juice"},{"floor":12,"key":"Dexterity Potion"},{"floor":12,"key":"EntropicBrew"},{"floor":13,"key":"Swift Potion"},{"floor":16,"key":"SteroidPotion"},{"floor":18,"key":"Ancient Potion"}],"is_trial":false,"path_per_floor":["M","?","?","M","M","R","M","R","T","?","$","?","M","M","R","B",null,"M","M","M","M","M"],"character_chosen":"IRONCLAD","items_purchased":[],"campfire_rested":0,"item_purchase_floors":[],"current_hp_per_floor":[80,80,80,80,79,79,75,75,75,75,75,80,85,85,85,85,85,81,81,65,42,0],"gold":283,"neow_bonus":"TRANSFORM_CARD","is_prod":false,"is_daily":false,"chose_seed":false,"campfire_upgraded":3,"win_rate":0,"timestamp":1558535513,"path_taken":["M","?","?","M","?","R","M","R","T","?","?","?","?","M","R","BOSS","M","M","?","M","M"],"build_version":"2019-01-23","purchased_purges":1,"victory":false,"max_hp_per_floor":[80,80,80,80,80,80,80,80,80,80,80,85,85,85,85,85,85,85,85,85,85,85],"card_choices":[{"not_picked":["Twin Strike","Armaments"],"picked":"Disarm","floor":1},{"not_picked":["Anger","Flex","Evolve"],"picked":"SKIP","floor":4},{"not_picked":["Wild Strike","Twin Strike"],"picked":"Battle Trance","floor":5},{"not_picked":["Havoc","Sword Boomerang","Wild Strike"],"picked":"SKIP","floor":7},{"not_picked":["Armaments","Searing Blow"],"picked":"Flame Barrier","floor":13},{"not_picked":["Armaments","Juggernaut","True Grit"],"picked":"SKIP","floor":14},{"not_picked":["Immolate","Brutality"],"picked":"Double Tap","floor":16},{"not_picked":["True Grit","Flex"],"picked":"Clothesline+1","floor":18},{"not_picked":["Flex+1","Pommel Strike","Rage"],"picked":"SKIP","floor":19},{"not_picked":["Intimidate","Second Wind+1","Heavy Blade"],"picked":"SKIP","floor":20},{"not_picked":["Entrench","Wild Strike+1"],"picked":"Battle Trance","floor":21}],"player_experience":573688,"relics_obtained":[],"event_choices":[{"damage_healed":0,"gold_gain":0,"player_choice":"Ignored","damage_taken":0,"max_hp_gain":0,"max_hp_loss":0,"event_name":"Liars Game","floor":2,"gold_loss":0},{"damage_healed":0,"gold_gain":0,"player_choice":"Forge","damage_taken":0,"max_hp_gain":0,"max_hp_loss":0,"event_name":"Accursed Blacksmith","floor":3,"gold_loss":0,"cards_upgraded":["Bash"]},{"damage_healed":0,"gold_gain":0,"player_choice":"Ignored","damage_taken":0,"max_hp_gain":0,"max_hp_loss":0,"event_name":"Golden Idol","floor":10,"gold_loss":0},{"damage_healed":0,"gold_gain":0,"player_choice":"Got Potions","damage_taken":0,"max_hp_gain":0,"max_hp_loss":0,"event_name":"Lab","floor":12,"gold_loss":0}],"is_beta":false,"boss_relics":[{"not_picked":["Philosopher\u0027s Stone","White Beast Statue","Black Star"]}],"items_purged_floors":[11],"is_endless":false,"potions_floor_spawned":[5,13,16,18,20],"killed_by":"3 Cultists","ascension_level":0}