{"gold_per_floor":[110,127,30,45,120,155,155,155,210,210,229,229,261,361,361,466,516,534,548,564,576,10,37,37],"floor_reached":24,"playtime":2849,"items_purged":["Defend_R","Defend_R"],"score":226,"play_id":"64909354-79a6-4277-ae8a-d80e00255bab","local_time":"20190329002828","is_ascension_mode":false,"campfire_choices":[{"floor":8,"key":"REST"},{"data":"Rampage","floor":10,"key":"SMITH"},{"data":"Dual Wield","floor":12,"key":"SMITH"},{"floor":15,"key":"REST"}],"neow_cost":"NONE","seed_source_timestamp":18471261972852,"circlet_count":0,"master_deck":["Strike_R","Strike_R","Strike_R","Strike_R","Defend_R","Bash","Power Through","Rampage+1","Warcry","Shockwave","Dual Wield+1","Rampage+1","Dropkick+1","Impervious","Pommel Strike+1","Headbutt+1","True Grit+1","Perfected Strike+1","Dark Embrace","Chrysalis","Offering"],"relics":["Burning Blood","Oddly Smooth Stone","Tiny Chest","Molten Egg 2","Tiny House","Orichalcum","Bag of Preparation","Happy Flower"],"potions_floor_usage":[6,21,23,23,23,24,24,24],"damage_taken":[{"damage":0,"enemies":"Small Slimes","floor":1,"turns":4},{"damage":1,"enemies":"2 Louse","floor":2,"turns":3},{"damage":6,"enemies":"Cultist","floor":4,"turns":3},{"damage":28,"enemies":"3 Sentries","floor":6,"turns":7},{"damage":10,"enemies":"Looter","floor":11,"turns":4},{"damage":19,"enemies":"Gremlin Nob","floor":13,"turns":5},{"damage":54,"enemies":"Hexaghost","floor":16,"turns":9},{"damage":25,"enemies":"3 Byrds","floor":18,"turns":7},{"damage":20,"enemies":"Shell Parasite","floor":19,"turns":4},{"damage":11,"enemies":"Snecko","floor":20,"turns":6},{"damage":9,"enemies":"Snake Plant","floor":21,"turns":4},{"damage":41,"enemies":"Book of Stabbing","floor":23,"turns":6},{"damage":11,"enemies":"3 Cultists","floor":24,"turns":5}],"seed_played":"-7137200911423339133","potions_obtained":[{"floor":1,"key":"Fire Potion"},{"floor":11,"key":"Energy Potion"},{"floor":16,"key":"PowerPotion"},{"floor":17,"key":"Block Potion"},{"floor":21,"key":"EntropicBrew"}],"is_trial":false,"path_per_floor":["M","M","$","M","?","E","?","R","T","R","M","R","E","?","R","B",null,"M","M","M","M","$","E","M"],"character_chosen":"IRONCLAD","items_purchased":["Warcry","Orichalcum","Bag of Preparation","Chrysalis"],"campfire_rested":2,"item_purchase_floors":[3,22,22,22],"current_hp_per_floor":[80,80,80,80,69,47,40,64,64,64,60,60,47,47,71,23,85,66,52,47,44,44,9,0],"gold":37,"neow_bonus":"REMOVE_CARD","is_prod":false,"is_daily":false,"chose_seed":false,"campfire_upgraded":2,"win_rate":0.0,"timestamp":1553833708,"path_taken":["M","M","$","M","?","E","?","R","T","R","M","R","E","?","R","BOSS","M","?","M","M","$","E","M"],"build_version":"2019-01-23","purchased_purges":2,"victory":false,"max_hp_per_floor":[80,80,80,80,80,80,80,80,80,80,80,80,80,80,80,80,85,85,85,85,85,85,85,85],"card_choices":[{"not_picked":["Flame Barrier","Warcry"],"picked":"Power Through","floor":1},{"not_picked":["Body Slam","Iron Wave"],"picked":"Rampage","floor":2},{"not_picked":["Headbutt","Sword Boomerang"],"picked":"Shockwave","floor":4},{"not_picked":["True Grit","Inflame"],"picked":"Dual Wield","floor":6},{"not_picked":["Pommel Strike","Warcry"],"picked":"Rampage","floor":11},{"not_picked":["Offering","Pommel Strike"],"picked":"Dropkick","floor":13},{"not_picked":["Reaper+1","Limit Break"],"picked":"Impervious","floor":16},{"not_picked":["Shrug It Off","Clothesline+1"],"picked":"Pommel Strike+1","floor":17},{"not_picked":["True Grit","Burning Pact"],"picked":"Headbutt+1","floor":18},{"not_picked":["Uppercut+1","Fire Breathing+1"],"picked":"True Grit+1","floor":19},{"not_picked":["Sever Soul+1","Clothesline+1"],"picked":"Perfected Strike+1","floor":20},{"not_picked":["Shrug It Off","Twin Strike+1"],"picked":"Dark Embrace","floor":21},{"not_picked":["Fire Breathing","Heavy Blade+1"],"picked":"Offering","floor":23}],"player_experience":35709,"relics_obtained":[{"floor":6,"key":"Oddly Smooth Stone"},{"floor":9,"key":"Tiny Chest"},{"floor":13,"key":"Molten Egg 2"},{"floor":23,"key":"Happy Flower"}],"event_choices":[{"damage_healed":0,"gold_gain":75,"player_choice":"Gather Gold","damage_taken":11,"max_hp_gain":0,"max_hp_loss":0,"event_name":"World of Goop","floor":5,"gold_loss":0},{"cards_removed":["Defend_R"],"damage_healed":0,"gold_gain":0,"player_choice":"Card Removal","damage_taken":7,"max_hp_gain":0,"max_hp_loss":0,"event_name":"Golden Wing","floor":7,"gold_loss":0},{"damage_healed":0,"gold_gain":100,"player_choice":"Pray","damage_taken":0,"max_hp_gain":0,"max_hp_loss":0,"event_name":"Golden Shrine","floor":14,"gold_loss":0}],"is_beta":false,"boss_relics":[{"not_picked":["Sozu","Runic Dome"],"picked":"Tiny House"}],"items_purged_floors":[3,22],"is_endless":false,"potions_floor_spawned":[1,11,16,20,21],"killed_by":"3 Cultists","ascension_level":0}