{"path_per_floor":["M","?","?","M","M","E","R","E","T","E","M","M","E","M","R","B",null,"M","$","M","M","?","E","$","E","T","R","M","E","M","M","R","B",null,"M","?","M","M","?","E","?","$","T","R","?","E","M","E","R","B"],"character_chosen":"THE_SILENT","items_purchased":["Tough Bandages","Infinite Blades"],"gold_per_floor":[113,63,63,78,90,119,119,150,150,178,198,214,241,253,253,352,352,365,18,35,45,45,71,71,96,96,96,107,140,154,173,173,268,268,286,286,306,306,0,33,33,33,60,60,60,93,110,139,139,139],"floor_reached":51,"campfire_rested":2,"playtime":15227,"item_purchase_floors":[19,19],"current_hp_per_floor":[70,70,70,70,69,69,69,65,65,62,55,55,55,55,55,51,70,46,46,44,35,35,20,20,12,12,48,38,38,35,27,63,59,70,65,65,65,65,65,65,56,56,56,70,70,61,55,53,69,43],"items_purged":["Normality"],"gold":139,"score":946,"play_id":"fae1cab5-544b-4672-80ac-b2f041b4cca3","local_time":"20180617174308","is_prod":false,"is_daily":false,"chose_seed":false,"is_ascension_mode":true,"campfire_upgraded":4,"win_rate":0,"timestamp":1529282588,"campfire_choices":[{"data":"Backstab","floor":7,"key":"SMITH"},{"data":"Infinite Blades","floor":15,"key":"SMITH"},{"floor":27,"key":"REST"},{"floor":32,"key":"REST"},{"data":"Noxious Fumes","floor":44,"key":"SMITH"},{"data":"Tactician","floor":49,"key":"SMITH"}],"path_taken":["M","?","?","M","M","E","R","E","T","E","M","M","E","M","R","BOSS","M","$","M","M","?","E","$","E","T","R","?","E","M","M","R","BOSS","M","?","M","M","?","E","?","$","T","R","?","E","M","E","R","BOSS"],"build_version":"2018-06-14v2","seed_source_timestamp":28371964601033,"purchased_purges":1,"victory":true,"master_deck":["Defend_G","Defend_G","Defend_G","Defend_G","Strike_G","Strike_G","Survivor","Neutralize","Glass Knife+1","Venomology+1","Leg Sweep+1","Backstab+1","Acrobatics+1","Noxious Fumes+1","Flying Knee","Crippling Poison","Infinite Blades+1","Underhanded Strike","Prepared","Accuracy","Tools of the Trade","Writhe","Distraction+1","Infinite Blades","Outmaneuver+1","Accuracy","Tools of the Trade","Endless Agony","Well Laid Plans","Blade Dance+1","Distraction+1","Outmaneuver+1","Tactician+1","Infinite Blades+1","Venomology+1","Catalyst+1","Cloak And Dagger","Madness","Madness","Backstab+1","Underhanded Strike+1","Blade Dance"],"max_hp_per_floor":[70,70,70,70,70,70,70,70,70,70,70,70,70,70,70,70,70,70,70,70,70,70,70,70,70,70,70,70,70,70,70,70,70,70,70,70,70,70,70,70,70,70,70,70,70,70,70,70,70,70],"relics":["Astrolabe","Paper Crane","Centennial Puzzle","Ornamental Fan","Bottled Tornado","Regal Pillow","Vajra","Calling Bell","Happy Flower","Question Card","Gambling Chip","Tough Bandages","Bronze Scales","Potion Belt","Unceasing Top","Smiling Mask","Eternal Feather","Red Mask","Ninja Scroll","War Paint","Pantograph","Shuriken"],"card_choices":[{"not_picked":["Prepared","Slice"],"picked":"Backstab","floor":1},{"not_picked":["Riddle With Holes","Dagger Spray"],"picked":"Acrobatics","floor":4},{"not_picked":["Slice","Eviscerate"],"picked":"Noxious Fumes","floor":5},{"not_picked":["Accuracy","Night Terror"],"picked":"Outmaneuver","floor":6},{"not_picked":["Poisoned Stab","Riddle With Holes"],"picked":"Flying Knee","floor":8},{"not_picked":["Expertise","Deflect"],"picked":"Crippling Poison","floor":10},{"not_picked":["Distraction","Deadly Poison"],"picked":"Infinite Blades","floor":11},{"not_picked":["Sucker Punch","Dagger Throw"],"picked":"Underhanded Strike","floor":12},{"not_picked":["Terror","Dodge and Roll"],"picked":"Prepared","floor":13},{"not_picked":["Backflip","PiercingWail"],"picked":"Accuracy","floor":14},{"not_picked":["Night Terror","Burst"],"picked":"Tools of the Trade","floor":16},{"not_picked":["Poisoned Stab","Sucker Punch","Flying Knee"],"picked":"Distraction","floor":18},{"not_picked":["Dagger Throw","Die Die Die","Underhanded Strike"],"picked":"Outmaneuver+1","floor":20},{"not_picked":["Deflect","Catalyst","Backflip"],"picked":"Accuracy","floor":21},{"not_picked":["Acrobatics","Backflip","Slice"],"picked":"Tools of the Trade","floor":23},{"not_picked":["Backflip+1","Outmaneuver+1","Acrobatics"],"picked":"Endless Agony","floor":25},{"not_picked":["Dagger Throw+1","Crippling Poison","Footwork+1"],"picked":"Well Laid Plans","floor":28},{"not_picked":["Terror","Well Laid Plans","Venomology"],"picked":"Blade Dance+1","floor":29},{"not_picked":["Poisoned Stab","Deflect","Dodge and Roll"],"picked":"Distraction+1","floor":30},{"not_picked":["Underhanded Strike","Deadly Poison","Backstab"],"picked":"Outmaneuver+1","floor":31},{"not_picked":["Night Terror","Wraith Form v2","Adrenaline"],"picked":"Tactician","floor":33},{"not_picked":["Reflex","Flying Knee","Bane"],"picked":"Infinite Blades+1","floor":35},{"not_picked":["Expertise","Deflect+1","Sucker Punch+1"],"picked":"Catalyst+1","floor":37},{"not_picked":["Outmaneuver+1","Malaise+1","Blur"],"picked":"Cloak And Dagger","floor":40},{"not_picked":["Cloak And Dagger","Sucker Punch+1","Dagger Spray"],"picked":"Backstab+1","floor":46},{"not_picked":["Blur+1","Outmaneuver+1","Flechettes+1"],"picked":"Underhanded Strike+1","floor":47},{"not_picked":["Bane+1","Outmaneuver","Slice"],"picked":"Blade Dance","floor":48}],"player_experience":138725,"potions_floor_usage":[4,6,8,8,10,12,13,13,14,14,16,16,18,20,20,21,23,23,25,25,29,29,31,33,33,33,38,40,40,40,46,48,50,50,50,50,50],"damage_taken":[{"damage":0,"enemies":"Cultist","floor":1,"turns":5},{"damage":0,"enemies":"2 Louse","floor":4,"turns":2},{"damage":1,"enemies":"Jaw Worm","floor":5,"turns":2},{"damage":0,"enemies":"Gremlin Nob","floor":6,"turns":5},{"damage":4,"enemies":"Lagavulin","floor":8,"turns":6},{"damage":3,"enemies":"3 Sentries","floor":10,"turns":6},{"damage":7,"enemies":"Lots of Slimes","floor":11,"turns":3},{"damage":0,"enemies":"Large Slime","floor":12,"turns":3},{"damage":0,"enemies":"Lagavulin","floor":13,"turns":6},{"damage":0,"enemies":"2 Fungi Beasts","floor":14,"turns":2},{"damage":4,"enemies":"Hexaghost","floor":16,"turns":9},{"damage":24,"enemies":"2 Thieves","floor":18,"turns":5},{"damage":2,"enemies":"3 Byrds","floor":20,"turns":4},{"damage":9,"enemies":"Centurion and Healer","floor":21,"turns":5},{"damage":27,"enemies":"Book of Stabbing","floor":23,"turns":6},{"damage":8,"enemies":"Slavers","floor":25,"turns":4},{"damage":10,"enemies":"Snecko","floor":28,"turns":5},{"damage":0,"enemies":"Gremlin Leader","floor":29,"turns":5},{"damage":3,"enemies":"Cultist and Chosen","floor":30,"turns":7},{"damage":8,"enemies":"Sentry and Sphere","floor":31,"turns":4},{"damage":4,"enemies":"Champ","floor":33,"turns":8},{"damage":5,"enemies":"Orb Walker","floor":35,"turns":3},{"damage":0,"enemies":"3 Shapes","floor":37,"turns":5},{"damage":0,"enemies":"Sphere and 2 Shapes","floor":38,"turns":1},{"damage":0,"enemies":"2 Orb Walkers","floor":40,"turns":4},{"damage":9,"enemies":"Nemesis","floor":46,"turns":5},{"damage":6,"enemies":"3 Darklings","floor":47,"turns":4},{"damage":2,"enemies":"2 Orb Walkers","floor":48,"turns":5},{"damage":27,"enemies":"Time Eater","floor":50,"turns":6}],"relics_obtained":[{"floor":6,"key":"Centennial Puzzle"},{"floor":8,"key":"Ornamental Fan"},{"floor":9,"key":"Bottled Tornado"},{"floor":10,"key":"Regal Pillow"},{"floor":13,"key":"Vajra"},{"floor":17,"key":"Happy Flower"},{"floor":17,"key":"Question Card"},{"floor":17,"key":"Gambling Chip"},{"floor":23,"key":"Bronze Scales"},{"floor":25,"key":"Potion Belt"},{"floor":26,"key":"Unceasing Top"},{"floor":29,"key":"Smiling Mask"},{"floor":40,"key":"Ninja Scroll"},{"floor":43,"key":"War Paint"},{"floor":46,"key":"Pantograph"},{"floor":48,"key":"Shuriken"}],"event_choices":[{"event_name":"The Cleric","player_choice":"Card Removal","floor":2,"damage_taken":0},{"event_name":"Accursed Blacksmith","player_choice":"Rummage","floor":3,"damage_taken":0},{"event_name":"Back to Basics","player_choice":"Elegance","floor":22,"damage_taken":0},{"event_name":"Duplicator","player_choice":"One dupe","floor":36,"damage_taken":0},{"event_name":"Tomb of Lord Red Mask","player_choice":"Paid","floor":39,"damage_taken":0},{"event_name":"Winding Halls","player_choice":"Embrace Madness","floor":41,"damage_taken":0},{"event_name":"Falling","player_choice":"Removed Skill","floor":45,"damage_taken":0}],"boss_relics":[{"not_picked":["Black Star","Ectoplasm"],"picked":"Calling Bell"},{"not_picked":["Runic Dome","Sozu"],"picked":"Eternal Feather"}],"items_purged_floors":[19],"is_endless":false,"potions_floor_spawned":[5,10,11,14,16,18,21,28,31,33,35,38,46],"seed_played":"8568018426915095798","ascension_level":1,"potions_obtained":[{"floor":5,"key":"SpeedPotion"},{"floor":10,"key":"SpeedPotion"},{"floor":11,"key":"Ancient Potion"},{"floor":14,"key":"SkillPotion"},{"floor":16,"key":"Dexterity Potion"},{"floor":18,"key":"SkillPotion"},{"floor":21,"key":"SpeedPotion"},{"floor":28,"key":"Energy Potion"},{"floor":31,"key":"SneckoOil"},{"floor":33,"key":"SmokeBomb"},{"floor":35,"key":"SkillPotion"},{"floor":46,"key":"SkillPotion"}],"is_trial":false}