{"gold_per_floor":[109,126,142,158,158,186,186,209,209,244,244,272,291,311,311,388,388,358,368,41,41],"floor_reached":21,"playtime":765,"items_purged":["Strike_G"],"score":402,"play_id":"9ddb6861-1fcd-430d-ba4c-e96139f9b169","local_time":"20190423125612","is_ascension_mode":true,"campfire_choices":[{"floor":7.0,"key":"REST"},{"floor":11.0,"key":"REST"},{"floor":15.0,"key":"REST"}],"neow_cost":"NONE","seed_source_timestamp":0,"circlet_count":0,"master_deck":["AscendersBane","Defend_G","Defend_G","Defend_G","Defend_G","Defend_G","Strike_G","Strike_G","Strike_G","Strike_G","Survivor","Neutralize","Deadly Poison","Dagger Spray","Heel Hook","Quick Slash","Regret","Tools of the Trade","Sucker Punch","Footwork","Quick Slash","Bane","Catalyst","Burst","After Image","Skewer","Noxious Fumes"],"special_seed":0,"relics":["Fusion Hammer","Blood Vial","Oddly Smooth Stone","Dream Catcher","Smiling Mask","Shuriken","Ancient Tea Set","Sozu","Gremlin Horn"],"potions_floor_usage":[16],"damage_taken":[{"damage":1.0,"enemies":"Jaw Worm","floor":1.0,"turns":5.0},{"damage":0.0,"enemies":"Cultist","floor":2.0,"turns":4.0},{"damage":3.0,"enemies":"2 Louse","floor":3.0,"turns":2.0},{"damage":1.0,"enemies":"2 Fungi Beasts","floor":4.0,"turns":4.0},{"damage":13.0,"enemies":"Lagavulin","floor":6.0,"turns":7.0},{"damage":34.0,"enemies":"Gremlin Nob","floor":10.0,"turns":4.0},{"damage":26.0,"enemies":"Lagavulin","floor":12.0,"turns":6.0},{"damage":13.0,"enemies":"Blue Slaver","floor":13.0,"turns":5.0},{"damage":11.0,"enemies":"Lots of Slimes","floor":14.0,"turns":4.0},{"damage":13,"enemies":"Slime Boss","floor":16,"turns":7},{"damage":16,"enemies":"2 Thieves","floor":18,"turns":4},{"damage":6,"enemies":"3 Byrds","floor":19,"turns":6},{"damage":29,"enemies":"Centurion and Healer","floor":21,"turns":3}],"seed_played":"-8341842065826318687","potions_obtained":[{"floor":3.0,"key":"Block Potion"},{"floor":4.0,"key":"FearPotion"},{"floor":6.0,"key":"Explosive Potion"},{"floor":10.0,"key":"LiquidBronze"},{"floor":13.0,"key":"SpeedPotion"},{"floor":16,"key":"Weak Potion"}],"is_trial":false,"path_per_floor":["M","M","M","M","?","E","R","T","T","E","R","E","M","M","R","B",null,"M","M","$","M"],"character_chosen":"THE_SILENT","items_purchased":["Gremlin Horn"],"campfire_rested":3,"item_purchase_floors":[20],"current_hp_per_floor":[58,58,55,54,54,43,62,62,62,30,49,25,14,5,24,13,53,39,35,35,8],"gold":41,"neow_bonus":"BOSS_RELIC","is_prod":false,"is_daily":false,"chose_seed":false,"campfire_upgraded":0,"win_rate":0,"timestamp":1556020572,"path_taken":["M","M","M","M","?","E","R","?","T","E","R","E","?","M","R","BOSS","M","M","$","M"],"build_version":"2019-01-23","purchased_purges":1,"victory":false,"max_hp_per_floor":[66,66,66,66,66,66,66,66,66,66,66,66,66,66,66,66,66,66,66,66,66],"card_choices":[{"not_picked":["Dagger Throw","Bane"],"picked":"Deadly Poison","floor":1.0},{"not_picked":["Deadly Poison","Underhanded Strike"],"picked":"Dagger Spray","floor":2.0},{"not_picked":["Backstab","Prepared"],"picked":"Heel Hook","floor":3.0},{"not_picked":["Slice","Prepared"],"picked":"Quick Slash","floor":4.0},{"not_picked":["Caltrops","Dagger Spray"],"picked":"Tools of the Trade","floor":6.0},{"not_picked":["Bane","Deflect"],"picked":"Sucker Punch","floor":10.0},{"not_picked":["Backflip","Quick Slash"],"picked":"Footwork","floor":11.0},{"not_picked":["Acrobatics","PiercingWail"],"picked":"Quick Slash","floor":12.0},{"not_picked":["Distraction","Slice"],"picked":"Bane","floor":13.0},{"not_picked":["Underhanded Strike","Sucker Punch"],"picked":"Catalyst","floor":14.0},{"not_picked":["Dodge and Roll","Bane"],"picked":"Burst","floor":15.0},{"not_picked":["Die Die Die","Envenom"],"picked":"After Image","floor":16},{"not_picked":["Dagger Throw","Dagger Spray"],"picked":"Skewer","floor":18},{"not_picked":["Sucker Punch","Bane"],"picked":"Noxious Fumes","floor":19}],"player_experience":1316871,"relics_obtained":[{"floor":6.0,"key":"Oddly Smooth Stone"},{"floor":8.0,"key":"Dream Catcher"},{"floor":9.0,"key":"Smiling Mask"},{"floor":10.0,"key":"Shuriken"},{"floor":12.0,"key":"Ancient Tea Set"}],"event_choices":[{"damage_healed":0.0,"max_hp_gain":0.0,"max_hp_loss":0.0,"gold_gain":0.0,"event_name":"Big Fish","player_choice":"Box","floor":5.0,"gold_loss":0.0,"damage_taken":0.0,"relics_obtained":["Blood Vial"],"cards_obtained":["Regret"]}],"is_beta":false,"boss_relics":[{"not_picked":["Cursed Key","WristBlade"],"picked":"Sozu"}],"items_purged_floors":[20],"is_endless":false,"potions_floor_spawned":[3,4,6,10,13,16],"killed_by":"Centurion and Healer","ascension_level":20}