{"gold_per_floor":[114,114,114,132,57,57,76,96,96,109,109,31,56,73,73,151,151,164,122,6,56,56,56,85,85,85,102,102,118,118,118,118,190,190,205,220,230,36,54,54,87,106,106,135,147,179,194,194,194,194,194,194,194,13,47,47],"floor_reached":57,"playtime":3118,"items_purged":["Defend_B"],"score":2974,"play_id":"d922d92f-4678-4589-a267-5a8ae57a5155","local_time":"20190520180435","is_ascension_mode":true,"campfire_choices":[{"data":"Defragment","floor":6.0,"key":"SMITH"},{"data":"Zap","floor":11.0,"key":"SMITH"},{"data":"Discovery","floor":15.0,"key":"SMITH"},{"data":"Heatsinks","floor":23.0,"key":"SMITH"},{"data":"Turbo","floor":25.0,"key":"SMITH"},{"data":"Coolheaded","floor":30.0,"key":"SMITH"},{"data":"Chaos","floor":32.0,"key":"SMITH"},{"data":"Consume","floor":40.0,"key":"SMITH"},{"floor":49.0,"key":"RECALL"},{"data":"Dualcast","floor":53.0,"key":"SMITH"}],"neow_cost":"PERCENT_DAMAGE","seed_source_timestamp":7246925432800,"circlet_count":0,"master_deck":["AscendersBane","Defend_B","Defend_B","Defend_B","Zap+1","Dualcast+1","Force Field","Defragment+1","Turbo","Self Repair","Discovery+1","Meteor Strike","Storm","Coolheaded+1","Heatsinks+1","Self Repair","Hyperbeam","Chaos+1","Turbo+1","White Noise","Buffer+1","Consume+1","Reinforced Body+1","Capacitor+1","Defragment+1","Defragment+1","White Noise+1","Defragment+1","Compile Driver","Glacier","Static Discharge+1","Heatsinks+1","Heatsinks+1"],"special_seed":0,"relics":["Cracked Core","Meat on the Bone","The Courier","DataDisk","Coffee Dripper","Frozen Egg 2","Omamori","Necronomicon","Inserter","Mummified Hand","FossilizedHelix","Dream Catcher","Unceasing Top","Happy Flower"],"potions_floor_usage":[55,56,56],"damage_taken":[{"damage":2.0,"enemies":"Cultist","floor":1.0,"turns":4.0},{"damage":2.0,"enemies":"Jaw Worm","floor":4.0,"turns":5.0},{"damage":11.0,"enemies":"Small Slimes","floor":7.0,"turns":4.0},{"damage":19.0,"enemies":"Gremlin Gang","floor":8.0,"turns":4.0},{"damage":18.0,"enemies":"Lots of Slimes","floor":10.0,"turns":6.0},{"damage":24.0,"enemies":"Gremlin Nob","floor":13.0,"turns":4.0},{"damage":8.0,"enemies":"Red Slaver","floor":14.0,"turns":4.0},{"damage":23.0,"enemies":"Slime Boss","floor":16.0,"turns":9.0},{"damage":25.0,"enemies":"Shell Parasite","floor":18.0,"turns":4.0},{"damage":4.0,"enemies":"Gremlin Leader","floor":24.0,"turns":4.0},{"damage":28.0,"enemies":"3 Byrds","floor":27.0,"turns":5.0},{"damage":5.0,"enemies":"Snecko","floor":29.0,"turns":4.0},{"damage":35.0,"enemies":"Collector","floor":33.0,"turns":12.0},{"damage":0.0,"enemies":"3 Darklings","floor":35.0,"turns":2.0},{"damage":0.0,"enemies":"Orb Walker","floor":36.0,"turns":4.0},{"damage":0.0,"enemies":"Spire Growth","floor":37.0,"turns":3.0},{"damage":9.0,"enemies":"Writhing Mass","floor":39.0,"turns":4.0},{"damage":25.0,"enemies":"Reptomancer","floor":41.0,"turns":6.0},{"damage":0.0,"enemies":"Transient","floor":42.0,"turns":6.0},{"damage":0.0,"enemies":"Nemesis","floor":44.0,"turns":9.0},{"damage":0.0,"enemies":"3 Darklings","floor":45.0,"turns":3.0},{"damage":0.0,"enemies":"Reptomancer","floor":46.0,"turns":3.0},{"damage":0.0,"enemies":"Jaw Worm Horde","floor":47.0,"turns":2.0},{"damage":0.0,"enemies":"Awakened One","floor":50.0,"turns":8.0},{"damage":16.0,"enemies":"Time Eater","floor":51.0,"turns":10.0},{"damage":0,"enemies":"Shield and Spear","floor":55,"turns":6},{"damage":67,"enemies":"The Heart","floor":56,"turns":9}],"seed_played":"858986060889743322","potions_obtained":[{"floor":1.0,"key":"Energy Potion"},{"floor":7.0,"key":"Fire Potion"},{"floor":13.0,"key":"Weak Potion"},{"floor":16.0,"key":"PowerPotion"},{"floor":24.0,"key":"Strength Potion"},{"floor":35.0,"key":"Strength Potion"},{"floor":37.0,"key":"Weak Potion"},{"floor":41.0,"key":"EssenceOfSteel"},{"floor":42.0,"key":"Block Potion"},{"floor":55,"key":"Block Potion"}],"is_trial":false,"path_per_floor":["M","?","?","M","$","R","M","M","T","M","R","$","E","M","R","B",null,"M","$","$","?","?","R","E","R","T","M","?","M","R","T","R","B",null,"M","M","M","$","M","R","E","M","T","E","M","E","M","$","R","B","B",null,"R","$","E","B",null],"character_chosen":"DEFECT","items_purchased":["Discovery","Coolheaded","Heatsinks","Self Repair","Capacitor+1","Defragment+1","Defragment+1","Static Discharge+1","Heatsinks+1","Heatsinks+1"],"campfire_rested":0,"item_purchase_floors":[12,19,20,20,38,38,38,54,54,54],"current_hp_per_floor":[44,44,44,42,42,42,43,36,36,30,30,30,25,36,36,32,61,43,43,43,43,43,43,53,53,53,51,30,51,51,51,51,42,64,71,71,71,71,71,71,60,71,71,71,71,71,71,71,71,71,69,71,71,71,71,30],"gold":47,"neow_bonus":"TRANSFORM_TWO_CARDS","is_prod":false,"is_daily":false,"chose_seed":false,"campfire_upgraded":9,"win_rate":0,"timestamp":1558346675,"path_taken":["M","?","?","M","$","R","M","?","T","?","R","?","E","M","R","BOSS","M","?","$","?","?","R","E","R","T","M","?","M","R","?","R","BOSS","M","M","?","$","M","R","E","M","T","E","M","E","M","?","R","BOSS","BOSS","R","$","E","BOSS"],"build_version":"2019-01-23","purchased_purges":1,"victory":true,"max_hp_per_floor":[71,71,71,71,71,71,71,71,71,71,71,71,71,71,71,71,71,71,71,71,71,71,71,71,71,71,71,71,71,71,71,71,71,71,71,71,71,71,71,71,71,71,71,71,71,71,71,71,71,71,71,71,71,71,71,71],"card_choices":[{"not_picked":["Blizzard","Leap","Rebound"],"picked":"SKIP","floor":1.0},{"not_picked":["Reinforced Body","Auto Shields","Static Discharge"],"picked":"SKIP","floor":4.0},{"not_picked":["Hologram","Static Discharge"],"picked":"Turbo","floor":7.0},{"not_picked":["Sweeping Beam","Go for the Eyes","Blizzard"],"picked":"SKIP","floor":8.0},{"not_picked":["Sunder","Sweeping Beam"],"picked":"Self Repair","floor":10.0},{"not_picked":["Steam","Reprogram","Redo"],"picked":"SKIP","floor":13.0},{"not_picked":["Doom and Gloom","Double Energy","Compile Driver"],"picked":"SKIP","floor":14.0},{"not_picked":["Doom and Gloom","Double Energy","Compile Driver"],"picked":"SKIP","floor":14.0},{"not_picked":["Buffer","Rainbow"],"picked":"Meteor Strike","floor":16.0},{"not_picked":["Stack","Conserve Battery"],"picked":"Storm","floor":18.0},{"not_picked":["Barrage","Streamline+1"],"picked":"Turbo","floor":24.0},{"not_picked":["Auto Shields","Streamline"],"picked":"White Noise","floor":27.0},{"not_picked":["Barrage","Cold Snap","Lockon"],"picked":"SKIP","floor":29.0},{"not_picked":["Machine Learning+1","Fission"],"picked":"Buffer+1","floor":33.0},{"not_picked":["Ball Lightning","Cold Snap"],"picked":"Consume","floor":35.0},{"not_picked":["Blizzard","Turbo","Melter+1"],"picked":"SKIP","floor":36.0},{"not_picked":["Leap","Tempest"],"picked":"Reinforced Body+1","floor":37.0},{"not_picked":["Fusion+1","Gash","Blizzard+1"],"picked":"SKIP","floor":39.0},{"not_picked":["Rebound","Storm+1","Self Repair+1"],"picked":"SKIP","floor":41.0},{"not_picked":["Self Repair+1","FTL"],"picked":"White Noise+1","floor":42.0},{"not_picked":["Ball Lightning","Beam Cell"],"picked":"Defragment+1","floor":44.0},{"not_picked":["Compile Driver","Ball Lightning+1","Melter"],"picked":"SKIP","floor":45.0},{"not_picked":["Compile Driver","Ball Lightning+1","Melter"],"picked":"SKIP","floor":45.0},{"not_picked":["Ball Lightning+1","Melter"],"picked":"Compile Driver","floor":45.0},{"not_picked":["Double Energy+1","Darkness","Doom and Gloom+1"],"picked":"SKIP","floor":46.0},{"not_picked":["Beam Cell","Go for the Eyes"],"picked":"Glacier","floor":47.0},{"not_picked":["Sweeping Beam","Gash+1","Steam+1"],"picked":"SKIP","floor":55},{"not_picked":["Sweeping Beam","Gash+1","Steam+1"],"picked":"SKIP","floor":55}],"player_experience":3123772,"relics_obtained":[{"floor":9.0,"key":"The Courier"},{"floor":13.0,"key":"DataDisk"},{"floor":24.0,"key":"Frozen Egg 2"},{"floor":26.0,"key":"Omamori"},{"floor":28.0,"key":"Necronomicon"},{"floor":41.0,"key":"Mummified Hand"},{"floor":43.0,"key":"FossilizedHelix"},{"floor":44.0,"key":"Dream Catcher"},{"floor":46.0,"key":"Unceasing Top"},{"floor":55,"key":"Happy Flower"}],"event_choices":[{"damage_healed":0.0,"max_hp_gain":0.0,"max_hp_loss":0.0,"gold_gain":0.0,"event_name":"Big Fish","player_choice":"Box","floor":2.0,"gold_loss":0.0,"damage_taken":0.0,"relics_obtained":["Meat on the Bone"],"cards_obtained":["Regret"]},{"cards_removed":["Regret"],"damage_healed":0.0,"max_hp_gain":0.0,"max_hp_loss":0.0,"gold_gain":0.0,"event_name":"Purifier","player_choice":"Purged","floor":3.0,"gold_loss":0.0,"damage_taken":0.0},{"damage_healed":0.0,"max_hp_gain":0.0,"max_hp_loss":0.0,"gold_gain":50.0,"event_name":"Nest","player_choice":"Stole From Cult","floor":21.0,"gold_loss":0.0,"damage_taken":0.0},{"damage_healed":0.0,"max_hp_gain":0.0,"max_hp_loss":0.0,"gold_gain":0.0,"cards_transformed":["Strike_B","Strike_B"],"event_name":"Drug Dealer","player_choice":"Became Test Subject","floor":22.0,"gold_loss":0.0,"damage_taken":0.0,"cards_obtained":["Hyperbeam","Chaos"]},{"damage_healed":0.0,"max_hp_gain":0.0,"max_hp_loss":0.0,"gold_gain":0.0,"event_name":"Cursed Tome","player_choice":"Obtained Book","floor":28.0,"gold_loss":0.0,"damage_taken":21.0}],"is_beta":false,"boss_relics":[{"not_picked":["Busted Crown","Sozu"],"picked":"Coffee Dripper"},{"not_picked":["Tiny House","FrozenCore"],"picked":"Inserter"}],"items_purged_floors":[5],"is_endless":false,"potions_floor_spawned":[1,7,13,16,24,35,37,41,42,46,55],"ascension_level":20}