{"gold_per_floor":[115,3,13,65,80,109,109,109,109,109,127,146,146,160,160,234,234,246,146,146,346,359,387,407,440,466,492,492,506,506,521,521,595,595,608,626,671,671,449,467,494,494,517,544,556,584,7,27,27,27,27],"floor_reached":52,"playtime":3434,"items_purged":["Doubt","Pain","Strike_G","Strike_G"],"score":1938,"play_id":"e882d45c-0206-47ad-9bad-9f030fe8a82a","local_time":"20190307121133","is_ascension_mode":true,"campfire_choices":[{"data":"Skewer","floor":8.0,"key":"SMITH"},{"data":"Footwork","floor":10.0,"key":"SMITH"},{"data":"All Out Attack","floor":13.0,"key":"SMITH"},{"data":"Well Laid Plans","floor":15.0,"key":"SMITH"},{"floor":30.0,"key":"REST"},{"floor":32.0,"key":"REST"},{"floor":42.0,"key":"REST"},{"floor":45.0,"key":"REST"},{"floor":49.0,"key":"REST"}],"neow_cost":"CURSE","seed_source_timestamp":520046472513500,"circlet_count":0,"master_deck":["AscendersBane","Defend_G","Defend_G","Defend_G","Defend_G","Defend_G","Strike_G","Strike_G","Survivor","Neutralize","Skewer+1","All Out Attack+1","Sucker Punch","Dash","Footwork+1","Dodge and Roll","Outmaneuver","Well Laid Plans+1","Adrenaline","RitualDagger","Predator","Bouncing Flask+1","Outmaneuver+1","Die Die Die","Concentrate","Crippling Poison+1","Dodge and Roll+1","Corpse Explosion","Well Laid Plans","Noxious Fumes"],"special_seed":0,"relics":["Ring of the Snake","Pocketwatch","PreservedInsect","Vajra","WarpedTongs","Gremlin Horn","Velvet Choker","Smiling Mask","Bag of Preparation","Lantern","Dead Branch","Fusion Hammer","Du-Vu Doll","Snake Skull","Strawberry","Bronze Scales","MawBank","TwistedFunnel","Happy Flower"],"potions_floor_usage":[51,51],"damage_taken":[{"damage":8.0,"enemies":"Cultist","floor":1.0,"turns":5.0},{"damage":0.0,"enemies":"2 Louse","floor":3.0,"turns":2.0},{"damage":2.0,"enemies":"Small Slimes","floor":5.0,"turns":4.0},{"damage":10.0,"enemies":"3 Sentries","floor":6.0,"turns":4.0},{"damage":5.0,"enemies":"Red Slaver","floor":11.0,"turns":4.0},{"damage":2.0,"enemies":"3 Louse","floor":12.0,"turns":2.0},{"damage":0.0,"enemies":"Exordium Wildlife","floor":14.0,"turns":2.0},{"damage":8.0,"enemies":"Hexaghost","floor":16.0,"turns":11.0},{"damage":3.0,"enemies":"2 Thieves","floor":18.0,"turns":5.0},{"damage":0.0,"enemies":"Chosen","floor":22.0,"turns":3.0},{"damage":7.0,"enemies":"Gremlin Leader","floor":23.0,"turns":5.0},{"damage":22.0,"enemies":"Centurion and Healer","floor":24.0,"turns":4.0},{"damage":0.0,"enemies":"Book of Stabbing","floor":25.0,"turns":3.0},{"damage":11.0,"enemies":"Gremlin Leader","floor":27.0,"turns":4.0},{"damage":0.0,"enemies":"Snake Plant","floor":29.0,"turns":2.0},{"damage":0.0,"enemies":"Cultist and Chosen","floor":31.0,"turns":3.0},{"damage":27.0,"enemies":"Champ","floor":33.0,"turns":12.0},{"damage":0.0,"enemies":"3 Shapes","floor":35.0,"turns":3.0},{"damage":0.0,"enemies":"Orb Walker","floor":36.0,"turns":2.0},{"damage":6.0,"enemies":"2 Orb Walkers","floor":37.0,"turns":3.0},{"damage":4.0,"enemies":"Maw","floor":40.0,"turns":5.0},{"damage":31.0,"enemies":"Nemesis","floor":41.0,"turns":9.0},{"damage":0.0,"enemies":"4 Shapes","floor":44.0,"turns":4.0},{"damage":0.0,"enemies":"Writhing Mass","floor":46.0,"turns":6.0},{"damage":0.0,"enemies":"3 Darklings","floor":48.0,"turns":2.0},{"damage":39.0,"enemies":"Donu and Deca","floor":50.0,"turns":6.0},{"damage":28,"enemies":"Time Eater","floor":51,"turns":12}],"seed_played":"4291397410783703791","potions_obtained":[{"floor":1.0,"key":"LiquidBronze"},{"floor":3.0,"key":"Strength Potion"},{"floor":29.0,"key":"Dexterity Potion"},{"floor":36.0,"key":"GamblersBrew"},{"floor":37.0,"key":"SpeedPotion"},{"floor":41.0,"key":"Dexterity Potion"},{"floor":44.0,"key":"EssenceOfSteel"}],"is_trial":false,"path_per_floor":["M","$","M","T","M","E","?","R","T","R","M","M","R","M","R","B",null,"M","$","?","?","M","E","M","E","T","E","?","M","R","M","R","B",null,"M","M","?","?","$","M","E","R","T","M","R","M","$","M","R","B","B",null],"character_chosen":"THE_SILENT","items_purchased":["All Out Attack","Strawberry","TwistedFunnel","Happy Flower","Noxious Fumes","GamblersBrew"],"campfire_rested":5,"item_purchase_floors":[2,39,47,47,47,47],"current_hp_per_floor":[51,51,51,51,49,39,39,39,39,39,34,32,32,32,32,24,56,53,53,47,47,47,40,18,18,18,7,7,7,26,26,45,18,54,54,54,48,48,55,51,20,41,41,41,62,62,62,62,73,34,6],"gold":27,"neow_bonus":"ONE_RARE_RELIC","is_prod":false,"is_daily":false,"chose_seed":false,"campfire_upgraded":4,"win_rate":0,"timestamp":1551960693,"path_taken":["M","$","M","?","M","E","?","R","T","R","M","?","R","M","R","BOSS","M","$","?","?","?","E","M","E","T","E","?","M","R","?","R","BOSS","M","M","?","?","$","?","E","R","T","M","R","?","$","?","R","BOSS","BOSS"],"build_version":"2019-01-23","purchased_purges":4,"victory":true,"max_hp_per_floor":[66,66,66,66,66,66,66,66,66,66,66,66,66,66,66,66,66,66,66,66,66,66,66,66,66,66,66,66,66,66,66,66,66,66,66,66,66,66,73,73,73,73,73,73,73,73,73,73,73,73,73],"card_choices":[{"not_picked":["Deadly Poison","PiercingWail"],"picked":"Skewer","floor":1.0},{"not_picked":["Infinite Blades","Deflect"],"picked":"Sucker Punch","floor":3.0},{"not_picked":["Setup","Infinite Blades"],"picked":"Dash","floor":5.0},{"not_picked":["Slice","Catalyst"],"picked":"Footwork","floor":6.0},{"not_picked":["Bane","Underhanded Strike"],"picked":"Dodge and Roll","floor":11.0},{"not_picked":["Slice","Escape Plan"],"picked":"Outmaneuver","floor":12.0},{"not_picked":["Burst","Backstab"],"picked":"Well Laid Plans","floor":14.0},{"not_picked":["Night Terror","Storm of Steel"],"picked":"Adrenaline","floor":16.0},{"not_picked":["Backstab","Underhanded Strike","Cloak And Dagger"],"picked":"SKIP","floor":18.0},{"not_picked":["Tactician","Bouncing Flask","Infinite Blades"],"picked":"SKIP","floor":22.0},{"not_picked":["Bullet Time","Terror"],"picked":"Predator","floor":23.0},{"not_picked":["Acrobatics","PiercingWail"],"picked":"Bouncing Flask+1","floor":24.0},{"not_picked":["Catalyst","Sucker Punch"],"picked":"Outmaneuver+1","floor":25.0},{"not_picked":["Choke","Flying Knee","Dagger Throw"],"picked":"SKIP","floor":27.0},{"not_picked":["Prepared","Quick Slash","Reflex"],"picked":"SKIP","floor":29.0},{"not_picked":["Acrobatics","Dagger Spray","Prepared"],"picked":"SKIP","floor":31.0},{"not_picked":["Doppelganger","Phantasmal Killer"],"picked":"Die Die Die","floor":33.0},{"not_picked":["Dagger Spray","Escape Plan+1"],"picked":"Concentrate","floor":35.0},{"not_picked":["Bane","Expertise"],"picked":"Crippling Poison+1","floor":36.0},{"not_picked":["Predator","Dagger Spray"],"picked":"Dodge and Roll+1","floor":37.0},{"not_picked":["Prepared","Deadly Poison","Cloak And Dagger+1"],"picked":"SKIP","floor":40.0},{"not_picked":["Slice","Blade Dance"],"picked":"Corpse Explosion","floor":41.0},{"not_picked":["Accuracy","Flying Knee","Dash"],"picked":"SKIP","floor":44.0},{"not_picked":["Deflect","Bane+1"],"picked":"Well Laid Plans","floor":46.0},{"not_picked":["Heel Hook","Bane","Backstab+1"],"picked":"SKIP","floor":48.0}],"player_experience":1243184,"relics_obtained":[{"floor":4.0,"key":"PreservedInsect"},{"floor":6.0,"key":"Vajra"},{"floor":9.0,"key":"Gremlin Horn"},{"floor":23.0,"key":"Smiling Mask"},{"floor":25.0,"key":"Bag of Preparation"},{"floor":26.0,"key":"Lantern"},{"floor":27.0,"key":"Dead Branch"},{"floor":37.0,"key":"Du-Vu Doll"},{"floor":41.0,"key":"Bronze Scales"},{"floor":43.0,"key":"MawBank"}],"event_choices":[{"damage_healed":0.0,"max_hp_gain":0.0,"max_hp_loss":0.0,"gold_gain":0.0,"event_name":"Accursed Blacksmith","player_choice":"Rummage","floor":7.0,"gold_loss":0.0,"damage_taken":0.0,"relics_obtained":["WarpedTongs"],"cards_obtained":["Pain"]},{"damage_healed":0.0,"max_hp_gain":0.0,"max_hp_loss":0.0,"gold_gain":0.0,"event_name":"Nest","player_choice":"Joined the Cult","floor":20.0,"gold_loss":0.0,"damage_taken":6.0,"cards_obtained":["RitualDagger"]},{"damage_healed":0.0,"max_hp_gain":0.0,"max_hp_loss":0.0,"gold_gain":250.0,"event_name":"The Joust","player_choice":"Bet on Owner","floor":21.0,"gold_loss":50.0,"damage_taken":0.0},{"cards_removed":["Strike_G"],"damage_healed":0.0,"max_hp_gain":0.0,"max_hp_loss":0.0,"gold_gain":0.0,"event_name":"Purifier","player_choice":"Purged","floor":28.0,"gold_loss":0.0,"damage_taken":0.0},{"damage_healed":0.0,"max_hp_gain":0.0,"max_hp_loss":0.0,"gold_gain":0.0,"event_name":"Mysterious Sphere","player_choice":"Fight","floor":37.0,"gold_loss":0.0,"damage_taken":0.0},{"damage_healed":0.0,"max_hp_gain":0.0,"max_hp_loss":0.0,"gold_gain":0.0,"event_name":"WeMeetAgain","player_choice":"Gave Potion","floor":38.0,"gold_loss":0.0,"damage_taken":0.0,"relics_obtained":["Snake Skull"]}],"is_beta":false,"boss_relics":[{"not_picked":["Runic Pyramid","Ring of the Serpent"],"picked":"Velvet Choker"},{"not_picked":["Cursed Key","Eternal Feather"],"picked":"Fusion Hammer"}],"items_purged_floors":[2,19,39,47],"is_endless":false,"potions_floor_spawned":[1,3,11,22,23,24,29,36,37,41,44],"ascension_level":20}