{"gold_per_floor":[113,63,63,74,74,74,105,105,152,178,178,178,204,20,20,118,118,130,142,142,158,171,203,203,232,280,280,0,27,37,51,51,156,156,166,1165,127,175,175,175,209,47,126,159,185,185,201,216,216,216,216,216,216,249,249],"floor_reached":56,"playtime":5049,"items_purged":["Strike_R","Strike_R","Seeing Red"],"score":1325,"play_id":"36a5d61a-de7d-447c-b216-43b03967570c","local_time":"20190517014938","is_ascension_mode":true,"campfire_choices":[{"data":"Cleave","floor":6,"key":"SMITH"},{"data":"Twin Strike","floor":8,"key":"SMITH"},{"data":"Berserk","floor":11,"key":"SMITH"},{"data":"Rage","floor":15,"key":"SMITH"},{"data":"Ghostly Armor","floor":24,"key":"SMITH"},{"data":"Inflame","floor":27,"key":"SMITH"},{"floor":32,"key":"REST"},{"data":"Inflame","floor":40,"key":"SMITH"},{"data":"Armaments","floor":46,"key":"SMITH"},{"floor":49,"key":"RECALL"},{"data":"Inflame","floor":52,"key":"SMITH"}],"neow_cost":"NONE","seed_source_timestamp":610126404379638,"circlet_count":0,"master_deck":["Defend_R+1","Defend_R","Defend_R+1","Defend_R+1","Bash","Twin Strike+1","Cleave+1","Berserk+1","Brutality","Inflame+1","Rage+1","Pommel Strike","Feed","Inflame+1","Blood for Blood","Pummel","Flex+1","Ghostly Armor+1","Whirlwind+1","Rampage+1","Metallicize","Seeing Red","Impervious","Armaments+1","Shrug It Off+1","Impervious","Thunderclap+1","Pummel+1","Impervious","Inflame+1","Flame Barrier","Clothesline","Disarm+1"],"relics":["Burning Blood","Pantograph","Boot","Dream Catcher","Smiling Mask","Velvet Choker","Centennial Puzzle","Pen Nib","Happy Flower","Omamori","Oddly Smooth Stone","Runic Cube","Turnip","Ginger","Strange Spoon","Champion Belt","Strawberry","War Paint","Potion Belt","Art of War"],"potions_floor_usage":[10,19,23,23,31,38,50,55],"damage_taken":[{"damage":0,"enemies":"Small Slimes","floor":1,"turns":3},{"damage":1,"enemies":"Cultist","floor":4,"turns":3},{"damage":27,"enemies":"Gremlin Nob","floor":7,"turns":4},{"damage":21,"enemies":"3 Sentries","floor":10,"turns":8},{"damage":13,"enemies":"Lagavulin","floor":13,"turns":5},{"damage":20,"enemies":"Slime Boss","floor":16,"turns":7},{"damage":1,"enemies":"Chosen","floor":18,"turns":4},{"damage":10,"enemies":"Spheric Guardian","floor":19,"turns":4},{"damage":25,"enemies":"Snecko","floor":21,"turns":5},{"damage":8,"enemies":"Cultist and Chosen","floor":22,"turns":6},{"damage":30,"enemies":"Book of Stabbing","floor":23,"turns":4},{"damage":18,"enemies":"Slavers","floor":25,"turns":4},{"damage":14,"enemies":"Book of Stabbing","floor":29,"turns":5},{"damage":0,"enemies":"3 Cultists","floor":30,"turns":2},{"damage":19,"enemies":"Shelled Parasite and Fungi","floor":31,"turns":3},{"damage":24,"enemies":"Champ","floor":33,"turns":8},{"damage":9,"enemies":"Orb Walker","floor":35,"turns":3},{"damage":27,"enemies":"2 Orb Walkers","floor":38,"turns":4},{"damage":14,"enemies":"Nemesis","floor":41,"turns":7},{"damage":21,"enemies":"Giant Head","floor":44,"turns":6},{"damage":11,"enemies":"3 Shapes","floor":47,"turns":3},{"damage":25,"enemies":"Jaw Worm Horde","floor":48,"turns":2},{"damage":49,"enemies":"Time Eater","floor":50,"turns":8},{"damage":38,"enemies":"Shield and Spear","floor":54,"turns":7},{"damage":81,"enemies":"The Heart","floor":55,"turns":12}],"seed_played":"2121211165411315358","potions_obtained":[{"floor":1,"key":"Regen Potion"},{"floor":7,"key":"Energy Potion"},{"floor":10,"key":"FearPotion"},{"floor":16,"key":"EssenceOfSteel"},{"floor":18,"key":"Regen Potion"},{"floor":19,"key":"LiquidBronze"},{"floor":23,"key":"Swift Potion"},{"floor":31,"key":"Fire Potion"},{"floor":41,"key":"Fire Potion"}],"is_trial":false,"path_per_floor":["M","?","?","M","?","R","E","R","T","E","R","?","E","$","R","B",null,"M","M","?","M","M","E","R","E","T","R","$","E","M","M","R","B",null,"M","?","$","?","?","R","E","$","T","E","T","R","M","M","R","B",null,"R","$","E","B",null],"character_chosen":"IRONCLAD","items_purchased":["Rage","Pommel Strike","Seeing Red","Omamori","Shrug It Off","Turnip","Ginger","Strange Spoon","Impervious","Impervious"],"campfire_rested":1,"item_purchase_floors":[14,14,28,28,37,37,37,37,37,42],"current_hp_per_floor":[88,88,70,75,68,68,47,47,47,47,47,47,40,40,40,51,88,91,87,87,68,69,59,59,50,50,50,50,42,51,38,68,75,100,97,97,97,76,76,76,75,75,75,60,60,60,58,39,39,21,110,110,110,78,28],"gold":249,"neow_bonus":"TEN_PERCENT_HP_BONUS","is_prod":false,"is_daily":false,"chose_seed":false,"campfire_upgraded":9,"win_rate":0,"timestamp":1558072178,"path_taken":["M","?","?","M","?","R","E","R","T","E","R","?","E","$","R","BOSS","M","M","?","M","M","E","R","E","T","R","$","E","M","M","R","BOSS","M","?","$","?","?","R","E","?","T","E","?","R","M","M","R","BOSS","R","$","E","BOSS"],"build_version":"2019-01-23","purchased_purges":3,"victory":true,"max_hp_per_floor":[88,88,88,88,88,88,88,88,88,88,88,88,88,88,88,88,88,91,91,91,91,94,94,94,97,97,97,97,97,100,100,100,100,100,100,100,100,100,100,100,107,107,107,107,107,107,110,110,110,110,110,110,110,110,110],"card_choices":[{"not_picked":["Evolve","Dropkick"],"picked":"Twin Strike","floor":1},{"not_picked":["Reckless Charge","Warcry"],"picked":"Cleave","floor":4},{"not_picked":["Dropkick","Iron Wave","Anger"],"picked":"SKIP","floor":7},{"not_picked":["Wild Strike","Fire Breathing"],"picked":"Berserk","floor":10},{"not_picked":["Whirlwind","Anger"],"picked":"Inflame","floor":13},{"not_picked":["Dark Embrace","Berserk"],"picked":"Feed","floor":16},{"not_picked":["Corruption","Havoc"],"picked":"Inflame","floor":18},{"not_picked":["Havoc","Perfected Strike"],"picked":"Blood for Blood","floor":19},{"not_picked":["Fire Breathing","Heavy Blade","Havoc"],"picked":"SKIP","floor":21},{"not_picked":["Entrench","Fiend Fire"],"picked":"Flex+1","floor":22},{"not_picked":["Uppercut","Dropkick"],"picked":"Ghostly Armor","floor":23},{"not_picked":["Sever Soul","Uppercut"],"picked":"Whirlwind+1","floor":25},{"not_picked":["Entrench","Power Through"],"picked":"Rampage+1","floor":29},{"not_picked":["Bloodletting","Body Slam"],"picked":"Metallicize","floor":30},{"not_picked":["Wild Strike","Perfected Strike+1"],"picked":"True Grit","floor":31},{"not_picked":["Sword Boomerang","Hemokinesis"],"picked":"Seeing Red","floor":32},{"not_picked":["Juggernaut","Bludgeon"],"picked":"Impervious","floor":33},{"not_picked":["Warcry","Havoc+1"],"picked":"Armaments","floor":35},{"not_picked":["Pommel Strike+1","Heavy Blade"],"picked":"Thunderclap+1","floor":38},{"not_picked":["Body Slam","Metallicize+1"],"picked":"Pummel+1","floor":41},{"not_picked":["Seeing Red+1","Sentinel+1"],"picked":"Inflame","floor":44},{"not_picked":["Iron Wave+1","Body Slam+1"],"picked":"Flame Barrier","floor":47},{"not_picked":["Corruption","Rampage+1"],"picked":"Clothesline","floor":48},{"not_picked":["Burning Pact","Warcry+1"],"picked":"Disarm+1","floor":54}],"player_experience":208521,"relics_obtained":[{"floor":7,"key":"Pantograph"},{"floor":9,"key":"Boot"},{"floor":10,"key":"Dream Catcher"},{"floor":13,"key":"Smiling Mask"},{"floor":23,"key":"Centennial Puzzle"},{"floor":25,"key":"Pen Nib"},{"floor":26,"key":"Happy Flower"},{"floor":29,"key":"Oddly Smooth Stone"},{"floor":38,"key":"Champion Belt"},{"floor":41,"key":"Strawberry"},{"floor":44,"key":"War Paint"},{"floor":45,"key":"Potion Belt"},{"floor":54,"key":"Art of War"}],"event_choices":[{"cards_removed":["Strike_R"],"damage_healed":0,"gold_gain":0,"player_choice":"Card Removal","damage_taken":0,"max_hp_gain":0,"max_hp_loss":0,"event_name":"The Cleric","floor":2,"gold_loss":50},{"damage_healed":0,"gold_gain":0,"player_choice":"Entered Light","damage_taken":18,"max_hp_gain":0,"max_hp_loss":0,"event_name":"Shining Light","floor":3,"gold_loss":0,"cards_upgraded":["Defend_R","Defend_R"]},{"cards_removed":["Strike_R"],"damage_healed":0,"gold_gain":0,"player_choice":"Card Removal","damage_taken":7,"max_hp_gain":0,"max_hp_loss":0,"event_name":"Golden Wing","floor":5,"gold_loss":0},{"damage_healed":0,"gold_gain":0,"cards_transformed":["Strike_R"],"player_choice":"Transformed","damage_taken":0,"max_hp_gain":0,"max_hp_loss":0,"event_name":"Transmorgrifier","floor":12,"gold_loss":0,"cards_obtained":["Brutality"]},{"damage_healed":0,"gold_gain":0,"player_choice":"1 cards matched","damage_taken":0,"max_hp_gain":0,"max_hp_loss":0,"event_name":"Match and Keep!","floor":20,"gold_loss":0,"cards_obtained":["Pummel"]},{"damage_healed":0,"gold_gain":999,"player_choice":"Gold","damage_taken":0,"max_hp_gain":0,"max_hp_loss":0,"event_name":"MindBloom","floor":36,"gold_loss":0,"cards_obtained":["Normality","Normality"]},{"damage_healed":0,"gold_gain":0,"player_choice":"Fight","damage_taken":0,"max_hp_gain":0,"max_hp_loss":0,"event_name":"Mysterious Sphere","floor":38,"gold_loss":0},{"cards_removed":["True Grit"],"damage_healed":0,"gold_gain":0,"player_choice":"Removed Skill","damage_taken":0,"max_hp_gain":0,"max_hp_loss":0,"event_name":"Falling","floor":39,"gold_loss":0}],"is_beta":false,"boss_relics":[{"not_picked":["Empty Cage","Tiny House"],"picked":"Velvet Choker"},{"not_picked":["Fusion Hammer","White Beast Statue"],"picked":"Runic Cube"}],"items_purged_floors":[14,28,37],"is_endless":false,"potions_floor_spawned":[1,7,10,16,18,19,23,31,41],"ascension_level":1}