{"gold_per_floor":[216,227,227,287,140,140,173,284,284,334,37,49,66,116,116,193,193,208,258,308,358,368,87,87],"floor_reached":24,"playtime":1699,"items_purged":["Strike_G","Defend_G"],"score":323,"play_id":"66f152a9-b382-4e12-9768-9f5fa308f6c3","local_time":"20190424144319","is_ascension_mode":true,"campfire_choices":[{"data":"Footwork","floor":6.0,"key":"SMITH"},{"data":"After Image","floor":15,"key":"SMITH"}],"neow_cost":"NONE","seed_source_timestamp":1271289747270258,"circlet_count":0,"master_deck":["AscendersBane","Defend_G","Defend_G","Defend_G","Defend_G","Strike_G+1","Strike_G+1","Strike_G","Strike_G","Survivor","Neutralize+1","Blade Dance+1","Blade Dance","Dash","Footwork+1","After Image+1","Dagger Spray","Cloak And Dagger","Envenom","Infinite Blades","Accuracy"],"special_seed":0,"relics":["Ring of the Snake","SsserpentHead","Whetstone","Dodecahedron","ClockworkSouvenir","Eternal Feather","MutagenicStrength","Shuriken"],"potions_floor_usage":[16,24],"damage_taken":[{"damage":2.0,"enemies":"Small Slimes","floor":1.0,"turns":5.0},{"damage":3.0,"enemies":"Cultist","floor":2.0,"turns":5.0},{"damage":0.0,"enemies":"2 Louse","floor":4.0,"turns":2.0},{"damage":11.0,"enemies":"3 Sentries","floor":7.0,"turns":13.0},{"damage":0.0,"enemies":"Exordium Wildlife","floor":8.0,"turns":6.0},{"damage":6,"enemies":"Red Slaver","floor":12,"turns":4},{"damage":1,"enemies":"2 Fungi Beasts","floor":13,"turns":3},{"damage":14,"enemies":"The Guardian","floor":16,"turns":16},{"damage":6,"enemies":"Chosen","floor":18,"turns":7},{"damage":4,"enemies":"Shell Parasite","floor":22,"turns":6},{"damage":38,"enemies":"Slavers","floor":24,"turns":2}],"seed_played":"-2237473590689989164","potions_obtained":[{"floor":1.0,"key":"Dexterity Potion"},{"floor":7.0,"key":"SmokeBomb"},{"floor":8,"key":"LiquidBronze"}],"is_trial":false,"path_per_floor":["M","M","?","M","$","R","E","M","T","?","$","M","M","$","R","B",null,"M","?","?","?","M","$","E"],"character_chosen":"THE_SILENT","items_purchased":["Footwork","ClockworkSouvenir","Accuracy","Shuriken"],"campfire_rested":0,"item_purchase_floors":[5,11,23,23],"current_hp_per_floor":[61,58,58,58,58,58,47,47,47,33,33,27,26,26,26,12,56,50,50,50,37,33,33,0],"gold":87,"neow_bonus":"HUNDRED_GOLD","is_prod":false,"is_daily":false,"chose_seed":false,"campfire_upgraded":2,"win_rate":0,"timestamp":1556142199,"path_taken":["M","M","?","?","$","R","E","?","T","?","$","M","M","?","R","BOSS","M","?","?","?","M","?","E"],"build_version":"2019-01-23","purchased_purges":2,"victory":false,"max_hp_per_floor":[70,70,70,70,70,70,70,70,70,70,70,70,70,70,70,70,70,70,70,70,75,75,75,75],"card_choices":[{"not_picked":["Leg Sweep","Bane"],"picked":"Blade Dance","floor":1.0},{"not_picked":["Outmaneuver","Dagger Throw"],"picked":"Blade Dance","floor":2.0},{"not_picked":["PiercingWail","Deflect"],"picked":"Dash","floor":4.0},{"not_picked":["Cloak And Dagger","Quick Slash"],"picked":"After Image","floor":7.0},{"not_picked":["Expertise","PiercingWail"],"picked":"Dagger Spray","floor":8},{"not_picked":["Dagger Throw","Expertise","Dagger Spray"],"picked":"SKIP","floor":12},{"not_picked":["Slice","Eviscerate"],"picked":"Cloak And Dagger","floor":13},{"not_picked":["Doppelganger","Storm of Steel"],"picked":"Envenom","floor":16},{"not_picked":["Outmaneuver","Acrobatics","Slice"],"picked":"SKIP","floor":18},{"not_picked":["Dagger Spray","Prepared","Acrobatics"],"picked":"SKIP","floor":22}],"player_experience":473290,"relics_obtained":[{"floor":7.0,"key":"Whetstone"},{"floor":9,"key":"Dodecahedron"}],"event_choices":[{"damage_healed":0.0,"max_hp_gain":0.0,"max_hp_loss":0.0,"gold_gain":0.0,"event_name":"FaceTrader","player_choice":"Trade","floor":3.0,"gold_loss":0.0,"damage_taken":0.0,"relics_obtained":["SsserpentHead"]},{"damage_healed":0,"gold_gain":0,"player_choice":"Entered Light","damage_taken":14,"max_hp_gain":0,"max_hp_loss":0,"event_name":"Shining Light","floor":10,"gold_loss":0,"cards_upgraded":["Blade Dance","Strike_G"]},{"damage_healed":0,"gold_gain":0,"player_choice":"Inject Mutagens","damage_taken":0,"relics_obtained":["MutagenicStrength"],"max_hp_gain":0,"max_hp_loss":0,"event_name":"Drug Dealer","floor":19,"gold_loss":0},{"damage_healed":0,"gold_gain":0,"player_choice":"Read","damage_taken":0,"max_hp_gain":0,"max_hp_loss":0,"event_name":"The Library","floor":20,"gold_loss":0,"cards_obtained":["Infinite Blades"]},{"damage_healed":0,"gold_gain":0,"player_choice":"Shed Blood","damage_taken":18,"max_hp_gain":5,"max_hp_loss":0,"event_name":"Forgotten Altar","floor":21,"gold_loss":0}],"is_beta":false,"boss_relics":[{"not_picked":["Tiny House","Fusion Hammer"],"picked":"Eternal Feather"}],"items_purged_floors":[5,11],"is_endless":false,"potions_floor_spawned":[1,7,8],"killed_by":"Slavers","ascension_level":13}