{"gold_per_floor":[111,131,151,151,163,197,197,231,313,28,28,28,28,28,28,102,102,115,27,27,27,44,44,54,54,54,70,70,85,95,121,121,198,198,216,226,1,101,114,144,154,174,174,174,190,201,121,132,132,132,132,132,132,3,33,33],"floor_reached":57,"playtime":3678,"items_purged":["Strike_R","Strike_R"],"score":2632,"play_id":"46dcdce9-c38c-4621-a3b2-8b596874e68e","local_time":"20190523023824","is_ascension_mode":true,"campfire_choices":[{"floor":7.0,"key":"REST"},{"floor":11.0,"key":"REST"},{"floor":15.0,"key":"REST"},{"data":"Corruption","floor":23.0,"key":"SMITH"},{"floor":28.0,"key":"REST"},{"floor":32.0,"key":"REST"},{"floor":44.0,"key":"RECALL"},{"data":"Disarm","floor":49.0,"key":"SMITH"},{"data":"True Grit","floor":53.0,"key":"SMITH"}],"neow_cost":"NONE","seed_source_timestamp":602949110383895,"circlet_count":0,"master_deck":["AscendersBane","Strike_R","Defend_R+1","Defend_R+1","Defend_R","Defend_R","Bash","Body Slam+1","Headbutt","Corruption+1","Iron Wave","Warcry+1","Venomology","Blind","Disarm+1","Necronomicurse","Endless Agony","Shrug It Off","Recycle","True Grit+1","Hologram","Reaper","PiercingWail","Impervious","White Noise","Metallicize","Stack+1","Shrug It Off+1","Backflip","Corruption","Feel No Pain"],"special_seed":0,"relics":["Burning Blood","Happy Flower","Dead Branch","Letter Opener","PrismaticShard","War Paint","Runic Pyramid","Necronomicon","Mummified Hand","Orichalcum","Empty Cage","Charon\u0027s Ashes","Matryoshka","The Courier"],"potions_floor_usage":[55,56,56,56],"damage_taken":[{"damage":3.0,"enemies":"2 Louse","floor":1.0,"turns":3.0},{"damage":11.0,"enemies":"Jaw Worm","floor":2.0,"turns":6.0},{"damage":5.0,"enemies":"Small Slimes","floor":3.0,"turns":5.0},{"damage":9.0,"enemies":"Looter","floor":5.0,"turns":3.0},{"damage":28.0,"enemies":"Gremlin Nob","floor":6.0,"turns":4.0},{"damage":44.0,"enemies":"Lagavulin","floor":8.0,"turns":9.0},{"damage":29.0,"enemies":"The Guardian","floor":16.0,"turns":10.0},{"damage":0.0,"enemies":"3 Byrds","floor":18.0,"turns":6.0},{"damage":8.0,"enemies":"Spheric Guardian","floor":22.0,"turns":7.0},{"damage":15.0,"enemies":"Shelled Parasite and Fungi","floor":24.0,"turns":6.0},{"damage":4.0,"enemies":"3 Cultists","floor":27.0,"turns":4.0},{"damage":0.0,"enemies":"Snecko","floor":29.0,"turns":2.0},{"damage":0.0,"enemies":"Snake Plant","floor":30.0,"turns":3.0},{"damage":26.0,"enemies":"Slavers","floor":31.0,"turns":5.0},{"damage":15.0,"enemies":"Champ","floor":33.0,"turns":13.0},{"damage":1.0,"enemies":"Orb Walker","floor":35.0,"turns":3.0},{"damage":0.0,"enemies":"3 Shapes","floor":36.0,"turns":7.0},{"damage":0.0,"enemies":"Mind Bloom Boss Battle","floor":38.0,"turns":5.0},{"damage":4.0,"enemies":"Transient","floor":39.0,"turns":6.0},{"damage":10.0,"enemies":"Nemesis","floor":40.0,"turns":5.0},{"damage":6.0,"enemies":"3 Darklings","floor":41.0,"turns":2.0},{"damage":7.0,"enemies":"Writhing Mass","floor":42.0,"turns":8.0},{"damage":10.0,"enemies":"Sphere and 2 Shapes","floor":45.0,"turns":4.0},{"damage":18.0,"enemies":"3 Darklings","floor":46.0,"turns":4.0},{"damage":32.0,"enemies":"Jaw Worm Horde","floor":48.0,"turns":4.0},{"damage":26.0,"enemies":"Awakened One","floor":50.0,"turns":9.0},{"damage":13.0,"enemies":"Donu and Deca","floor":51.0,"turns":5.0},{"damage":57,"enemies":"Shield and Spear","floor":55,"turns":8},{"damage":36,"enemies":"The Heart","floor":56,"turns":8}],"seed_played":"-4686945174590490153","potions_obtained":[{"floor":2.0,"key":"AttackPotion"},{"floor":3.0,"key":"Weak Potion"},{"floor":16.0,"key":"Energy Potion"},{"floor":27.0,"key":"AttackPotion"},{"floor":33.0,"key":"Block Potion"}],"is_trial":false,"path_per_floor":["M","M","M","?","M","E","R","E","T","$","R","?","?","$","R","B",null,"M","$","?","?","M","R","M","?","T","M","R","M","M","E","R","B",null,"M","M","$","?","M","E","M","M","T","R","M","M","$","M","R","B","B",null,"R","$","E","B",null],"character_chosen":"IRONCLAD","items_purchased":["PrismaticShard","Block Potion","Disarm","Impervious","Corruption","Feel No Pain"],"campfire_rested":5,"item_purchase_floors":[10,10,19,37,54,54],"current_hp_per_floor":[78,73,74,49,46,24,48,10,10,10,34,16,16,16,40,17,66,72,72,51,51,49,49,40,16,16,18,44,50,56,36,62,53,79,84,87,87,87,87,87,87,87,87,87,83,87,87,87,87,87,87,87,87,87,87,65],"gold":33,"neow_bonus":"TEN_PERCENT_HP_BONUS","is_prod":false,"is_daily":false,"chose_seed":false,"campfire_upgraded":3,"win_rate":0,"timestamp":1558589904,"path_taken":["M","M","M","?","M","E","R","E","T","$","R","?","?","$","R","BOSS","M","$","?","?","M","R","M","?","T","M","R","?","?","E","R","BOSS","M","M","$","?","M","E","M","M","T","R","M","M","$","M","R","BOSS","BOSS","R","$","E","BOSS"],"build_version":"2019-05-07","purchased_purges":2,"victory":true,"max_hp_per_floor":[82,82,82,82,82,82,82,82,82,82,82,82,82,82,82,82,82,82,82,82,82,82,82,82,87,87,87,87,87,87,87,87,87,87,87,87,87,87,87,87,87,87,87,87,87,87,87,87,87,87,87,87,87,87,87,87],"card_choices":[{"not_picked":["Reckless Charge","Evolve"],"picked":"Body Slam","floor":1.0},{"not_picked":["Twin Strike","Wild Strike"],"picked":"Headbutt","floor":2.0},{"not_picked":["Havoc","Headbutt"],"picked":"Corruption","floor":3.0},{"not_picked":["Hemokinesis","Wild Strike"],"picked":"Iron Wave","floor":5.0},{"not_picked":["Seeing Red","Headbutt","Double Tap"],"picked":"SKIP","floor":6.0},{"not_picked":["Sword Boomerang","Cleave"],"picked":"Warcry","floor":8.0},{"not_picked":["Tools of the Trade","Multi-Cast"],"picked":"Venomology","floor":16.0},{"not_picked":["Poisoned Stab+1","Dagger Throw"],"picked":"Blind","floor":18.0},{"not_picked":["Reflex","Scrape"],"picked":"Endless Agony","floor":22.0},{"not_picked":["Steam+1","Reflex"],"picked":"Shrug It Off","floor":24.0},{"not_picked":["Bane","Concentrate"],"picked":"Recycle","floor":27.0},{"not_picked":["Barrage","Go for the Eyes"],"picked":"True Grit","floor":29.0},{"not_picked":["Backstab","Good Instincts"],"picked":"Hologram","floor":30.0},{"not_picked":["Masterful Stab","Compile Driver","Underhanded Strike"],"picked":"SKIP","floor":31.0},{"not_picked":["Wraith Form v2","Dark Embrace"],"picked":"Reaper","floor":33.0},{"not_picked":["Go for the Eyes","Steam Power"],"picked":"PiercingWail","floor":35.0},{"not_picked":["Anger","Dropkick","Iron Wave"],"picked":"SKIP","floor":36.0},{"not_picked":["FTL+1","Armaments"],"picked":"White Noise","floor":38.0},{"not_picked":["Sword Boomerang","Dagger Spray+1","Loop"],"picked":"SKIP","floor":39.0},{"not_picked":["Outmaneuver","Sweeping Beam"],"picked":"Metallicize","floor":40.0},{"not_picked":["Force Field","Dagger Spray","Tactician"],"picked":"SKIP","floor":41.0},{"not_picked":["Sword Boomerang","Clothesline"],"picked":"Stack+1","floor":42.0},{"not_picked":["Compile Driver","Sever Soul"],"picked":"Shrug It Off+1","floor":45.0},{"not_picked":["Underhanded Strike+1","Hologram"],"picked":"Backflip","floor":46.0},{"not_picked":["Die Die Die","True Grit","Rebound"],"picked":"SKIP","floor":48.0},{"not_picked":["Havoc","Self Repair","Sweeping Beam+1"],"picked":"SKIP","floor":55}],"player_experience":1411785,"relics_obtained":[{"floor":6.0,"key":"Happy Flower"},{"floor":8.0,"key":"Dead Branch"},{"floor":9.0,"key":"Letter Opener"},{"floor":20.0,"key":"Necronomicon"},{"floor":26.0,"key":"Mummified Hand"},{"floor":31.0,"key":"Orichalcum"},{"floor":38.0,"key":"Charon\u0027s Ashes"},{"floor":40.0,"key":"Matryoshka"},{"floor":43.0,"key":"The Courier"}],"event_choices":[{"damage_healed":0.0,"max_hp_gain":0.0,"max_hp_loss":0.0,"gold_gain":0.0,"event_name":"Shining Light","player_choice":"Entered Light","floor":4.0,"gold_loss":0.0,"damage_taken":25.0,"cards_upgraded":["Body Slam","Defend_R"]},{"damage_healed":0.0,"max_hp_gain":0.0,"max_hp_loss":0.0,"gold_gain":0.0,"event_name":"Scrap Ooze","player_choice":"Success","floor":12.0,"gold_loss":0.0,"damage_taken":18.0,"relics_obtained":["War Paint"]},{"damage_healed":0.0,"max_hp_gain":0.0,"max_hp_loss":0.0,"gold_gain":0.0,"event_name":"The Cleric","player_choice":"Leave","floor":13.0,"gold_loss":0.0,"damage_taken":0.0},{"damage_healed":0.0,"max_hp_gain":0.0,"max_hp_loss":0.0,"gold_gain":0.0,"event_name":"Cursed Tome","player_choice":"Obtained Book","floor":20.0,"gold_loss":0.0,"damage_taken":21.0},{"damage_healed":0.0,"max_hp_gain":0.0,"max_hp_loss":0.0,"gold_gain":0.0,"event_name":"The Mausoleum","player_choice":"Ignored","floor":21.0,"gold_loss":0.0,"damage_taken":0.0},{"damage_healed":0.0,"max_hp_gain":5.0,"max_hp_loss":0.0,"gold_gain":0.0,"event_name":"Forgotten Altar","player_choice":"Shed Blood","floor":25.0,"gold_loss":0.0,"damage_taken":29.0},{"damage_healed":0.0,"max_hp_gain":0.0,"max_hp_loss":0.0,"gold_gain":0.0,"event_name":"MindBloom","player_choice":"Fight","floor":38.0,"gold_loss":0.0,"damage_taken":0.0}],"is_beta":true,"boss_relics":[{"not_picked":["Runic Dome","Mark of Pain"],"picked":"Runic Pyramid"},{"not_picked":["Calling Bell","Black Blood"],"picked":"Empty Cage"}],"items_purged_floors":[37,47],"is_endless":false,"potions_floor_spawned":[2,3,16,22,27,33,39,41,42,48],"ascension_level":20}