{"gold_per_floor":[115,130,130,149,160,160,223,148,171,171,202,217,217,231,231,305,305,284,284,284,284],"floor_reached":21,"playtime":1014,"items_purged":["Strike_G"],"score":378,"play_id":"10d758e1-1d7a-4acc-a81b-d17349d1016c","local_time":"20190120151321","is_ascension_mode":true,"campfire_choices":[{"data":"Footwork","floor":6,"key":"SMITH"},{"floor":15,"key":"REST"}],"neow_cost":"NONE","seed_source_timestamp":17056125289777,"circlet_count":0,"master_deck":["AscendersBane","Defend_G","Defend_G","Defend_G","Defend_G","Defend_G","Strike_G","Strike_G","Strike_G","Survivor","Neutralize+1","Poisoned Stab","Quick Slash","Well Laid Plans","Footwork+1","Adrenaline","Terror","Infinite Blades","Quick Slash","After Image","Infinite Blades"],"relics":["Ring of the Serpent","NeowsBlessing","Tiny Chest","Smiling Mask","Regal Pillow","PreservedInsect","Enchiridion"],"potions_floor_usage":[14],"damage_taken":[{"damage":0,"enemies":"Cultist","floor":1,"turns":1},{"damage":0,"enemies":"Jaw Worm","floor":2,"turns":1},{"damage":0,"enemies":"2 Louse","floor":4,"turns":1},{"damage":4,"enemies":"2 Fungi Beasts","floor":5,"turns":4},{"damage":34,"enemies":"3 Sentries","floor":7,"turns":15},{"damage":19,"enemies":"Lagavulin","floor":11,"turns":10},{"damage":4,"enemies":"Large Slime","floor":12,"turns":6},{"damage":1,"enemies":"3 Louse","floor":14,"turns":4},{"damage":28,"enemies":"The Guardian","floor":16,"turns":14},{"damage":22,"enemies":"2 Thieves","floor":18,"turns":4},{"damage":11,"enemies":"Spheric Guardian","floor":21,"turns":3}],"seed_played":"1817423491027020112","potions_obtained":[{"floor":5,"key":"SmokeBomb"},{"floor":7,"key":"SneckoOil"},{"floor":11,"key":"LiquidBronze"},{"floor":12,"key":"GhostInAJar"},{"floor":14,"key":"GhostInAJar"}],"is_trial":false,"path_per_floor":["M","M","?","M","M","R","E","$","T","?","E","M","?","M","R","B",null,"M","?","?","M"],"character_chosen":"THE_SILENT","items_purchased":[],"campfire_rested":1,"item_purchase_floors":[],"current_hp_per_floor":[59,59,59,59,55,55,21,21,21,43,24,20,9,8,42,14,53,31,10,10,0],"gold":284,"neow_bonus":"THREE_ENEMY_KILL","is_prod":false,"is_daily":false,"chose_seed":false,"campfire_upgraded":1,"win_rate":0,"timestamp":1547997201,"path_taken":["M","?","?","M","?","R","E","$","T","?","E","M","?","M","R","BOSS","M","?","?","?"],"build_version":"2019-01-17v2","purchased_purges":1,"victory":false,"max_hp_per_floor":[66,66,66,66,66,66,66,66,66,66,66,66,66,66,66,66,66,66,66,66,66],"card_choices":[{"not_picked":["PiercingWail","Sucker Punch"],"picked":"Poisoned Stab","floor":1},{"not_picked":["Terror","Eviscerate"],"picked":"Quick Slash","floor":2},{"not_picked":["Deflect","Flechettes"],"picked":"Well Laid Plans","floor":4},{"not_picked":["Setup","Dagger Throw"],"picked":"Footwork","floor":5},{"not_picked":["Bane","Blade Dance"],"picked":"Adrenaline","floor":7},{"not_picked":["Reflex","Riddle With Holes"],"picked":"Terror","floor":11},{"not_picked":["Masterful Stab","Eviscerate"],"picked":"Infinite Blades","floor":12},{"not_picked":["Endless Agony","Cloak And Dagger"],"picked":"Quick Slash","floor":14},{"not_picked":["Envenom","Grand Finale"],"picked":"After Image","floor":16},{"not_picked":["Slice","Cloak And Dagger"],"picked":"Infinite Blades","floor":18}],"player_experience":1158732,"relics_obtained":[{"floor":7,"key":"Tiny Chest"},{"floor":9,"key":"Smiling Mask"},{"floor":11,"key":"Regal Pillow"},{"floor":19,"key":"Enchiridion"}],"event_choices":[{"cards_removed":["Strike_G"],"damage_healed":0,"gold_gain":0,"player_choice":"Offered Basic","damage_taken":0,"max_hp_gain":0,"max_hp_loss":0,"event_name":"Bonfire Elementals","floor":3,"gold_loss":0},{"damage_healed":22,"gold_gain":0,"player_choice":"Banana","damage_taken":0,"max_hp_gain":0,"max_hp_loss":0,"event_name":"Big Fish","floor":10,"gold_loss":0},{"damage_healed":0,"gold_gain":0,"player_choice":"Success","damage_taken":11,"relics_obtained":["PreservedInsect"],"max_hp_gain":0,"max_hp_loss":0,"event_name":"Scrap Ooze","floor":13,"gold_loss":0},{"damage_healed":0,"gold_gain":0,"player_choice":"Obtained Book","damage_taken":21,"max_hp_gain":0,"max_hp_loss":0,"event_name":"Cursed Tome","floor":19,"gold_loss":0},{"damage_healed":0,"gold_gain":0,"player_choice":"Upgraded","damage_taken":0,"max_hp_gain":0,"max_hp_loss":0,"event_name":"Upgrade Shrine","floor":20,"gold_loss":0,"cards_upgraded":["Neutralize"]}],"is_beta":false,"boss_relics":[{"not_picked":["Calling Bell","Snecko Eye"],"picked":"Ring of the Serpent"}],"items_purged_floors":[8],"is_endless":false,"potions_floor_spawned":[5,7,11,12,14,18],"killed_by":"Spheric Guardian","ascension_level":20}