{"gold_per_floor":[116,116,58,83,110,122,151,163,252,264,276,300,312,352,364,376],"floor_reached":16,"playtime":464,"items_purged":[],"score":200,"play_id":"e4d7b296-05ef-4c64-b07a-65f86225a522","local_time":"20190213174104","is_ascension_mode":true,"campfire_choices":[{"data":"Neutralize","floor":6.0,"key":"SMITH"},{"data":"Blade Dance","floor":8.0,"key":"SMITH"},{"floor":10.0,"key":"REST"},{"data":"Leg Sweep","floor":13,"key":"SMITH"},{"data":"Blade Dance","floor":15,"key":"SMITH"}],"neow_cost":"NONE","seed_source_timestamp":162171502354600,"circlet_count":0,"master_deck":["AscendersBane","Defend_G","Defend_G","Defend_G","Defend_G","Defend_G","Strike_G","Strike_G","Strike_G","Strike_G","Survivor","Neutralize+1","Blade Dance+1","Masterful Stab","Dagger Throw","Deflect","Leg Sweep+1","Blade Dance+1"],"special_seed":0,"relics":["Ring of the Snake","MawBank","Ninja Scroll","Gremlin Horn"],"potions_floor_usage":[14,16],"damage_taken":[{"damage":1.0,"enemies":"Jaw Worm","floor":1.0,"turns":7.0},{"damage":9.0,"enemies":"Cultist","floor":4.0,"turns":5.0},{"damage":0.0,"enemies":"2 Louse","floor":5.0,"turns":2.0},{"damage":9.0,"enemies":"Exordium Thugs","floor":7.0,"turns":6.0},{"damage":1,"enemies":"2 Fungi Beasts","floor":12,"turns":3},{"damage":13,"enemies":"Gremlin Nob","floor":14,"turns":5},{"damage":46,"enemies":"The Guardian","floor":16,"turns":16}],"seed_played":"-8186369198983367195","potions_obtained":[{"floor":4.0,"key":"Explosive Potion"},{"floor":7.0,"key":"Ancient Potion"}],"is_trial":false,"path_per_floor":["M","?","?","M","M","R","M","R","T","R","$","M","R","E","R","B"],"character_chosen":"THE_SILENT","items_purchased":[],"campfire_rested":1,"item_purchase_floors":[],"current_hp_per_floor":[64,57,57,48,48,48,39,39,39,60,60,59,59,46,46,0],"gold":376,"neow_bonus":"TEN_PERCENT_HP_BONUS","is_prod":false,"is_daily":false,"chose_seed":false,"campfire_upgraded":4,"win_rate":0,"timestamp":1550079664,"path_taken":["M","?","?","?","M","R","M","R","T","R","?","M","R","E","R","BOSS"],"build_version":"2019-01-23","purchased_purges":0,"victory":false,"max_hp_per_floor":[72,72,72,72,72,72,72,72,72,72,72,72,72,72,72,72],"card_choices":[{"not_picked":["Acrobatics","Dodge and Roll"],"picked":"Blade Dance","floor":1.0},{"not_picked":["Poisoned Stab","Expertise"],"picked":"Masterful Stab","floor":4.0},{"not_picked":["Deflect","Eviscerate"],"picked":"Dagger Throw","floor":5.0},{"not_picked":["Backflip","Flying Knee"],"picked":"Deflect","floor":7.0},{"not_picked":["Bane","Outmaneuver"],"picked":"Leg Sweep","floor":12},{"not_picked":["Prepared","Noxious Fumes"],"picked":"Blade Dance","floor":14}],"player_experience":1208321,"relics_obtained":[{"floor":9.0,"key":"Ninja Scroll"},{"floor":14,"key":"Gremlin Horn"}],"event_choices":[{"cards_removed":["Strike_G"],"damage_healed":0.0,"max_hp_gain":0.0,"max_hp_loss":0.0,"gold_gain":0.0,"event_name":"Golden Wing","player_choice":"Card Removal","floor":2.0,"gold_loss":0.0,"damage_taken":7.0},{"damage_healed":0.0,"max_hp_gain":0.0,"max_hp_loss":0.0,"gold_gain":0.0,"event_name":"WeMeetAgain","player_choice":"Paid Gold","floor":3.0,"gold_loss":58.0,"damage_taken":0.0,"relics_obtained":["MawBank"]}],"is_beta":false,"boss_relics":[],"items_purged_floors":[],"is_endless":false,"potions_floor_spawned":[4,7],"killed_by":"The Guardian","ascension_level":20}