{"gold_per_floor":[117,135,155,155,155,155,185,200,200,218,164,164],"floor_reached":12,"playtime":265,"items_purged":[],"score":160,"play_id":"ba24487e-1964-4767-949d-24b306a2bb97","local_time":"20190422224316","is_ascension_mode":true,"campfire_choices":[{"floor":6.0,"key":"REST"}],"neow_cost":"NONE","seed_source_timestamp":1075082814067200,"circlet_count":0,"master_deck":["AscendersBane","Defend_G","Defend_G","Defend_G","Defend_G","Defend_G","Strike_G","Strike_G","Strike_G","Strike_G+1","Survivor","Neutralize","Sucker Punch","Dagger Throw+1","Dagger Spray","Unload","Dodge and Roll","Underhanded Strike"],"special_seed":0,"relics":["Black Star","Regal Pillow","Bird Faced Urn","Singing Bowl"],"potions_floor_usage":[8],"damage_taken":[{"damage":6.0,"enemies":"Jaw Worm","floor":1.0,"turns":6.0},{"damage":14.0,"enemies":"Small Slimes","floor":2.0,"turns":4.0},{"damage":1.0,"enemies":"2 Louse","floor":3.0,"turns":3.0},{"damage":22.0,"enemies":"Gremlin Nob","floor":7.0,"turns":4.0},{"damage":5,"enemies":"Exordium Wildlife","floor":8,"turns":4},{"damage":6,"enemies":"Looter","floor":10,"turns":3},{"damage":5,"enemies":"Lagavulin","floor":12,"turns":2}],"seed_played":"5116543645382508903","potions_obtained":[{"floor":1.0,"key":"Fire Potion"},{"floor":7.0,"key":"Fruit Juice"},{"floor":8,"key":"Ancient Potion"}],"is_trial":false,"path_per_floor":["M","M","M","?","?","R","E","M","T","M","?","E"],"character_chosen":"THE_SILENT","items_purchased":[],"campfire_rested":1,"item_purchase_floors":[],"current_hp_per_floor":[53,39,38,18,11,30,8,8,8,2,2,0],"gold":164,"neow_bonus":"BOSS_RELIC","is_prod":false,"is_daily":false,"chose_seed":false,"campfire_upgraded":0,"win_rate":0,"timestamp":1555969396,"path_taken":["M","M","M","?","?","R","E","M","T","M","?","E"],"build_version":"2019-01-23","purchased_purges":0,"victory":false,"max_hp_per_floor":[66,66,66,66,66,66,66,71,71,71,71,71],"card_choices":[{"not_picked":["Setup","Prepared"],"picked":"Sucker Punch","floor":1.0},{"not_picked":["Cloak And Dagger","Bane"],"picked":"Dagger Throw","floor":2.0},{"not_picked":["Riddle With Holes","Backstab"],"picked":"Dagger Spray","floor":3.0},{"not_picked":["Predator","Outmaneuver"],"picked":"Unload","floor":7.0},{"not_picked":["Finisher","Outmaneuver"],"picked":"Dodge and Roll","floor":8},{"not_picked":["Skewer","Bane"],"picked":"Underhanded Strike","floor":10}],"player_experience":1315618,"relics_obtained":[{"floor":7.0,"key":"Regal Pillow"},{"floor":7.0,"key":"Bird Faced Urn"},{"floor":9,"key":"Singing Bowl"}],"event_choices":[{"damage_healed":0.0,"max_hp_gain":0.0,"max_hp_loss":0.0,"gold_gain":0.0,"event_name":"Shining Light","player_choice":"Entered Light","floor":4.0,"gold_loss":0.0,"damage_taken":20.0,"cards_upgraded":["Dagger Throw","Strike_G"]},{"cards_removed":["Strike_G"],"damage_healed":0.0,"max_hp_gain":0.0,"max_hp_loss":0.0,"gold_gain":0.0,"event_name":"Golden Wing","player_choice":"Card Removal","floor":5.0,"gold_loss":0.0,"damage_taken":7.0},{"damage_healed":0,"gold_gain":0,"player_choice":"Left Gold","damage_taken":0,"max_hp_gain":0,"max_hp_loss":0,"event_name":"World of Goop","floor":11,"gold_loss":54}],"is_beta":false,"boss_relics":[],"items_purged_floors":[],"is_endless":false,"potions_floor_spawned":[1,7,8],"killed_by":"Lagavulin","ascension_level":20}