{"gold_per_floor":[11,30,50,65,65,97,97,109,109,34,68,68,68,85,85,85],"floor_reached":16,"playtime":594,"items_purged":["Strike_R"],"score":224,"play_id":"06539b59-eb2c-45ce-b284-6fca2bea3147","local_time":"20190308225738","is_ascension_mode":true,"campfire_choices":[{"floor":7.0,"key":"REST"},{"floor":13.0,"key":"REST"},{"data":"Double Tap","floor":15.0,"key":"SMITH"}],"neow_cost":"NO_GOLD","seed_source_timestamp":649082453118200,"circlet_count":0,"master_deck":["AscendersBane","Strike_R","Strike_R","Strike_R","Strike_R","Defend_R","Defend_R","Defend_R","Defend_R","Bash","Offering","Clothesline","Cleave","Shrug It Off","Seeing Red","Shrug It Off","Shockwave","Iron Wave","Disarm","Double Tap+1"],"special_seed":0,"relics":["Burning Blood","Pen Nib","Prayer Wheel","Mango","Letter Opener"],"potions_floor_usage":[16],"damage_taken":[{"damage":6.0,"enemies":"Cultist","floor":1.0,"turns":2.0},{"damage":8.0,"enemies":"Jaw Worm","floor":2.0,"turns":4.0},{"damage":7.0,"enemies":"2 Louse","floor":3.0,"turns":2.0},{"damage":14.0,"enemies":"Exordium Wildlife","floor":4.0,"turns":4.0},{"damage":38.0,"enemies":"Lagavulin","floor":6.0,"turns":8.0},{"damage":6.0,"enemies":"Looter","floor":8.0,"turns":2.0},{"damage":28.0,"enemies":"3 Sentries","floor":11.0,"turns":5.0},{"damage":13.0,"enemies":"Large Slime","floor":14.0,"turns":3.0},{"damage":71,"enemies":"Slime Boss","floor":16,"turns":11}],"seed_played":"-3299358835707370918","potions_obtained":[{"floor":2.0,"key":"GamblersBrew"},{"floor":3.0,"key":"FairyPotion"},{"floor":6.0,"key":"Weak Potion"}],"is_trial":false,"path_per_floor":["M","M","M","M","?","E","R","M","T","$","E","?","R","M","R","B"],"character_chosen":"IRONCLAD","items_purchased":[],"campfire_rested":2,"item_purchase_floors":[],"current_hp_per_floor":[68,66,65,57,57,25,47,47,47,47,39,39,65,58,58,0],"gold":85,"neow_bonus":"THREE_RARE_CARDS","is_prod":false,"is_daily":false,"chose_seed":false,"campfire_upgraded":1,"win_rate":0,"timestamp":1552085858,"path_taken":["M","?","M","M","?","E","R","M","T","?","E","?","R","?","R","BOSS"],"build_version":"2019-01-23","purchased_purges":1,"victory":false,"max_hp_per_floor":[75,75,75,75,75,75,75,75,75,75,89,89,89,89,89,89],"card_choices":[{"not_picked":["Fiend Fire","Exhume"],"picked":"Offering","floor":0.0},{"not_picked":["Clash","Heavy Blade"],"picked":"Clothesline","floor":1.0},{"not_picked":["Clothesline","Rage"],"picked":"Cleave","floor":2.0},{"not_picked":["Bloodletting","Rage"],"picked":"Shrug It Off","floor":3.0},{"not_picked":["Battle Trance","Reaper"],"picked":"Seeing Red","floor":4.0},{"not_picked":["Hemokinesis","Perfected Strike"],"picked":"Shrug It Off","floor":6.0},{"not_picked":["Reckless Charge","Wild Strike"],"picked":"Shockwave","floor":8.0},{"not_picked":["Cleave","Wild Strike"],"picked":"Iron Wave","floor":11.0},{"not_picked":["Clothesline","Anger"],"picked":"Disarm","floor":14.0},{"not_picked":["Warcry","Clothesline"],"picked":"Double Tap","floor":14.0}],"player_experience":1255571,"relics_obtained":[{"floor":6.0,"key":"Pen Nib"},{"floor":9.0,"key":"Prayer Wheel"},{"floor":11.0,"key":"Mango"}],"event_choices":[{"damage_healed":0.0,"max_hp_gain":0.0,"max_hp_loss":0.0,"gold_gain":0.0,"event_name":"Golden Idol","player_choice":"Ignored","floor":5.0,"gold_loss":0.0,"damage_taken":0.0},{"damage_healed":0.0,"max_hp_gain":0.0,"max_hp_loss":0.0,"gold_gain":0.0,"event_name":"Dead Adventurer","player_choice":"Searched \u00271\u0027 times","floor":12.0,"gold_loss":0.0,"damage_taken":0.0,"relics_obtained":["Letter Opener"]}],"is_beta":false,"boss_relics":[],"items_purged_floors":[10],"is_endless":false,"potions_floor_spawned":[2,3,6],"killed_by":"Slime Boss","ascension_level":20}