{"gold_per_floor":[117,133,133,145,126,126,140,140,164,203,215,260,282,21,21,120,120,137,237,255,273,23,23,23,23,100,100,118,118,149,159,159,254,254,267,267,282,213,228,228,32,132,132,150,170,170,189,239,239,239],"floor_reached":51,"playtime":4695,"items_purged":["Strike_G","Strike_G","Defend_G+1","Strike_G+1"],"score":687,"play_id":"a49dc68b-a843-4454-9ad5-9aed879b17ca","local_time":"20190427131612","is_ascension_mode":true,"campfire_choices":[{"data":"Neutralize","floor":6.0,"key":"SMITH"},{"data":"Blur","floor":8.0,"key":"SMITH"},{"data":"Caltrops","floor":11.0,"key":"SMITH"},{"data":"Glass Knife","floor":15.0,"key":"SMITH"},{"data":"Blur","floor":23.0,"key":"SMITH"},{"data":"Blade Dance","floor":25.0,"key":"SMITH"},{"data":"Acrobatics","floor":29.0,"key":"SMITH"},{"data":"Finisher","floor":32.0,"key":"SMITH"},{"data":"Accuracy","floor":40,"key":"SMITH"},{"data":"Blade Dance","floor":46,"key":"SMITH"},{"floor":49,"key":"REST"}],"neow_cost":"NONE","seed_source_timestamp":0,"circlet_count":0,"master_deck":["Defend_G+1","Defend_G+1","Defend_G+1","Defend_G+1","Strike_G+1","Survivor","Neutralize+1","Flechettes","Blade Dance+1","Glass Knife+1","Finisher+1","Caltrops+1","Blur+1","Endless Agony","Acrobatics+1","Blur+1","Concentrate","Endless Agony+1","Die Die Die","Blade Dance+1","After Image","Deflect+1","Accuracy+1","After Image","Riddle With Holes+1"],"special_seed":0,"relics":["Ring of the Serpent","MawBank","Smiling Mask","Lantern","Bronze Scales","White Beast Statue","Ice Cream","Shuriken","Membership Card","Tiny Chest","Strawberry","Thread and Needle","Peace Pipe","Gremlin Horn","Bird Faced Urn"],"potions_floor_usage":[39,44,44,48,50,50,50],"damage_taken":[{"damage":0.0,"enemies":"2 Louse","floor":1.0,"turns":3.0},{"damage":0.0,"enemies":"Jaw Worm","floor":2.0,"turns":3.0},{"damage":0.0,"enemies":"Small Slimes","floor":4.0,"turns":2.0},{"damage":5.0,"enemies":"Exordium Thugs","floor":5.0,"turns":4.0},{"damage":2.0,"enemies":"Looter","floor":7.0,"turns":2.0},{"damage":15.0,"enemies":"Lagavulin","floor":10.0,"turns":11.0},{"damage":5.0,"enemies":"3 Sentries","floor":12.0,"turns":6.0},{"damage":1.0,"enemies":"Blue Slaver","floor":13.0,"turns":3.0},{"damage":5.0,"enemies":"The Guardian","floor":16.0,"turns":9.0},{"damage":0.0,"enemies":"Chosen","floor":18.0,"turns":4.0},{"damage":9.0,"enemies":"Colosseum Slavers","floor":19.0,"turns":4.0},{"damage":4.0,"enemies":"Colosseum Nobs","floor":19.0,"turns":6.0},{"damage":0.0,"enemies":"3 Byrds","floor":20.0,"turns":3.0},{"damage":4.0,"enemies":"Centurion and Healer","floor":21.0,"turns":5.0},{"damage":0.0,"enemies":"Sentry and Sphere","floor":28.0,"turns":3.0},{"damage":0.0,"enemies":"Book of Stabbing","floor":30.0,"turns":4.0},{"damage":1.0,"enemies":"Shelled Parasite and Fungi","floor":31.0,"turns":4.0},{"damage":13.0,"enemies":"Collector","floor":33.0,"turns":9.0},{"damage":0,"enemies":"Orb Walker","floor":35,"turns":3},{"damage":0,"enemies":"3 Shapes","floor":37,"turns":4},{"damage":11,"enemies":"Maw","floor":39,"turns":6},{"damage":0,"enemies":"Mind Bloom Boss Battle","floor":42,"turns":5},{"damage":19,"enemies":"Writhing Mass","floor":44,"turns":5},{"damage":2,"enemies":"Jaw Worm Horde","floor":45,"turns":3},{"damage":0,"enemies":"3 Darklings","floor":47,"turns":4},{"damage":2,"enemies":"2 Orb Walkers","floor":48,"turns":3},{"damage":6,"enemies":"Donu and Deca","floor":50,"turns":9}],"seed_played":"5571189612609575799","potions_obtained":[{"floor":4.0,"key":"Regen Potion"},{"floor":5.0,"key":"Block Potion"},{"floor":10.0,"key":"Explosive Potion"},{"floor":13.0,"key":"SkillPotion"},{"floor":18.0,"key":"SteroidPotion"},{"floor":19.0,"key":"Weak Potion"},{"floor":20.0,"key":"LiquidBronze"},{"floor":21.0,"key":"Block Potion"},{"floor":30.0,"key":"Energy Potion"},{"floor":31.0,"key":"Swift Potion"},{"floor":33.0,"key":"Fire Potion"},{"floor":35,"key":"Strength Potion"},{"floor":36,"key":"SpeedPotion"},{"floor":39,"key":"Dexterity Potion"},{"floor":44,"key":"Swift Potion"},{"floor":45,"key":"SteroidPotion"},{"floor":48,"key":"Swift Potion"}],"is_trial":false,"path_per_floor":["M","M","?","M","M","R","M","R","T","E","R","E","M","$","R","B",null,"M","?","M","M","$","R","$","R","T","?","M","R","E","M","R","B",null,"M","?","M","$","M","R","$","?","T","M","M","R","M","?","R","B",null],"character_chosen":"THE_SILENT","items_purchased":["Bronze Scales","Blur","Membership Card","Accuracy","Thread and Needle"],"campfire_rested":1,"item_purchase_floors":[14,14,22,38,41],"current_hp_per_floor":[70,70,75,75,70,70,68,68,68,68,68,63,62,62,62,57,75,75,62,62,58,58,58,58,58,58,58,58,58,65,64,64,51,82,82,82,82,82,71,71,71,71,71,52,50,50,50,48,72,74],"gold":239,"neow_bonus":"TRANSFORM_CARD","is_prod":false,"is_daily":false,"chose_seed":false,"campfire_upgraded":10,"win_rate":0,"timestamp":1556385372,"path_taken":["M","M","?","M","M","R","M","R","T","E","R","E","M","?","R","BOSS","M","?","M","M","$","R","$","R","T","?","M","R","E","M","R","BOSS","M","?","M","?","M","R","$","?","T","?","M","R","M","?","R","BOSS"],"build_version":"2019-01-23","purchased_purges":4,"victory":true,"max_hp_per_floor":[70,70,75,75,75,75,75,75,75,75,75,75,75,75,75,75,75,75,75,75,75,75,75,75,75,75,75,75,75,82,82,82,82,82,82,82,82,82,82,82,82,82,82,82,82,82,82,82,82,82],"card_choices":[{"not_picked":["Deflect","Prepared"],"picked":"Blade Dance","floor":1.0},{"not_picked":["Dagger Spray","Dagger Throw"],"picked":"Glass Knife","floor":2.0},{"not_picked":["Dagger Throw","Choke"],"picked":"Finisher","floor":4.0},{"not_picked":["All Out Attack","Underhanded Strike"],"picked":"Caltrops","floor":5.0},{"not_picked":["Calculated Gamble","Wraith Form v2"],"picked":"Blur","floor":7.0},{"not_picked":["Flying Knee","Flechettes"],"picked":"Endless Agony","floor":10.0},{"not_picked":["Dagger Throw","Outmaneuver"],"picked":"Acrobatics","floor":12.0},{"not_picked":["Outmaneuver","Bane","Prepared"],"picked":"SKIP","floor":13.0},{"not_picked":["Sucker Punch","Dagger Throw","Flying Knee"],"picked":"SKIP","floor":18.0},{"not_picked":["PiercingWail","Blade Dance"],"picked":"Concentrate","floor":19.0},{"not_picked":["Deflect","Underhanded Strike"],"picked":"Endless Agony+1","floor":20.0},{"not_picked":["Deadly Poison","Finisher"],"picked":"Die Die Die","floor":21.0},{"not_picked":["Dagger Spray","Quick Slash+1","Deflect+1"],"picked":"SKIP","floor":28.0},{"not_picked":["Backflip","Leg Sweep","Dodge and Roll"],"picked":"SKIP","floor":30.0},{"not_picked":["Tactician","Cloak And Dagger"],"picked":"Blade Dance","floor":31.0},{"not_picked":["Envenom","Venomology"],"picked":"After Image","floor":33.0},{"not_picked":["Leg Sweep","Poisoned Stab+1","Underhanded Strike"],"picked":"SKIP","floor":35},{"not_picked":["Dagger Throw","Flying Knee+1"],"picked":"Deflect+1","floor":37},{"not_picked":["Tactician","Quick Slash+1","Poisoned Stab"],"picked":"SKIP","floor":39},{"not_picked":["Poisoned Stab","Dodge and Roll+1"],"picked":"After Image","floor":42},{"not_picked":["Backflip","Dagger Throw+1"],"picked":"Riddle With Holes+1","floor":44},{"not_picked":["Acrobatics+1","PiercingWail","Poisoned Stab"],"picked":"SKIP","floor":45},{"not_picked":["Dagger Spray","Cloak And Dagger","Riddle With Holes+1"],"picked":"SKIP","floor":47}],"player_experience":139567,"relics_obtained":[{"floor":9.0,"key":"MawBank"},{"floor":10.0,"key":"Smiling Mask"},{"floor":12.0,"key":"Lantern"},{"floor":19.0,"key":"Ice Cream"},{"floor":19.0,"key":"Shuriken"},{"floor":26.0,"key":"Tiny Chest"},{"floor":30.0,"key":"Strawberry"},{"floor":42,"key":"Peace Pipe"},{"floor":43,"key":"Gremlin Horn"},{"floor":48,"key":"Bird Faced Urn"}],"event_choices":[{"damage_healed":0.0,"max_hp_gain":5.0,"max_hp_loss":0.0,"gold_gain":0.0,"event_name":"Big Fish","player_choice":"Donut","floor":3.0,"gold_loss":0.0,"damage_taken":0.0},{"damage_healed":0.0,"max_hp_gain":0.0,"max_hp_loss":0.0,"gold_gain":0.0,"event_name":"Colosseum","player_choice":"Fight","floor":19.0,"gold_loss":0.0,"damage_taken":0.0},{"damage_healed":0.0,"max_hp_gain":0.0,"max_hp_loss":0.0,"gold_gain":0.0,"event_name":"Colosseum","player_choice":"Fought Nobs","floor":19.0,"gold_loss":0.0,"damage_taken":0.0},{"damage_healed":0.0,"max_hp_gain":0.0,"max_hp_loss":0.0,"gold_gain":0.0,"event_name":"Back to Basics","player_choice":"Simplicity","floor":27.0,"gold_loss":0.0,"damage_taken":0.0,"cards_upgraded":["Defend_G","Defend_G","Defend_G","Defend_G","Defend_G","Strike_G","Strike_G"]},{"damage_healed":0,"gold_gain":0,"player_choice":"Got Potions","damage_taken":0,"max_hp_gain":0,"max_hp_loss":0,"event_name":"Lab","floor":36,"gold_loss":0},{"damage_healed":0,"gold_gain":0,"player_choice":"Fight","damage_taken":0,"max_hp_gain":0,"max_hp_loss":0,"event_name":"MindBloom","floor":42,"gold_loss":0},{"damage_healed":0,"gold_gain":0,"player_choice":"Fight","damage_taken":0,"max_hp_gain":0,"max_hp_loss":0,"event_name":"Mysterious Sphere","floor":48,"gold_loss":0}],"is_beta":false,"boss_relics":[{"not_picked":["Fusion Hammer","Black Star"],"picked":"White Beast Statue"},{"not_picked":["Eternal Feather","Lizard Tail"],"picked":"Ring of the Serpent"}],"items_purged_floors":[14,22,38,41],"is_endless":false,"potions_floor_spawned":[4,5,10,13,18,19,19,20,21,28,30,31,33,35,37,39,42,44,45,47,48],"ascension_level":1}