{"gold_per_floor":[109,34,34,45,64,91,16,32,32,32,64,79,79,96,96,167,167,186,186],"floor_reached":19,"playtime":623,"items_purged":["Strike_B"],"score":358,"play_id":"3651e211-e249-4462-9fbb-9a3ebd8d6ecb","local_time":"20190309164015","is_ascension_mode":true,"campfire_choices":[{"data":"Zap","floor":10,"key":"SMITH"},{"floor":13,"key":"REST"},{"floor":15,"key":"REST"}],"neow_cost":"NONE","seed_source_timestamp":713056082353600,"circlet_count":0,"master_deck":["AscendersBane","Strike_B","Defend_B","Defend_B","Defend_B","Defend_B","Zap+1","Dualcast","Rebound","Defragment","Streamline","Sweeping Beam","Auto Shields","Gash","Gash","Recycle","Cold Snap","Rainbow","Meteor Strike","Genetic Algorithm"],"special_seed":0,"relics":["Cracked Core","Question Card","Bottled Lightning","Oddly Smooth Stone","Eternal Feather"],"potions_floor_usage":[16,19],"damage_taken":[{"damage":7.0,"enemies":"Small Slimes","floor":1.0,"turns":3.0},{"damage":0.0,"enemies":"2 Louse","floor":4.0,"turns":2.0},{"damage":6.0,"enemies":"Cultist","floor":5.0,"turns":3.0},{"damage":8.0,"enemies":"Gremlin Nob","floor":6.0,"turns":3.0},{"damage":0.0,"enemies":"Gremlin Gang","floor":8.0,"turns":3.0},{"damage":29,"enemies":"Lagavulin","floor":11,"turns":5},{"damage":13,"enemies":"Blue Slaver","floor":12,"turns":2},{"damage":0,"enemies":"Looter","floor":14,"turns":3},{"damage":30,"enemies":"Slime Boss","floor":16,"turns":8},{"damage":23,"enemies":"Shell Parasite","floor":18,"turns":6},{"damage":34,"enemies":"3 Byrds","floor":19,"turns":4}],"seed_played":"5000669354899813912","potions_obtained":[{"floor":5.0,"key":"PowerPotion"},{"floor":12,"key":"Explosive Potion"},{"floor":14,"key":"Block Potion"},{"floor":16,"key":"Ancient Potion"}],"is_trial":false,"path_per_floor":["M","?","?","M","M","E","$","M","T","R","E","M","R","M","R","B",null,"M","M"],"character_chosen":"DEFECT","items_purchased":[],"campfire_rested":2,"item_purchase_floors":[],"current_hp_per_floor":[57,57,57,57,51,43,43,43,43,43,14,1,22,22,43,13,57,34,0],"gold":186,"neow_bonus":"THREE_CARDS","is_prod":false,"is_daily":false,"chose_seed":false,"campfire_upgraded":1,"win_rate":0,"timestamp":1552149615,"path_taken":["M","?","?","M","M","E","$","M","T","R","E","M","R","?","R","BOSS","M","M"],"build_version":"2019-01-23","purchased_purges":1,"victory":false,"max_hp_per_floor":[71,71,71,71,71,71,71,71,71,71,71,71,71,71,71,71,71,71,71],"card_choices":[{"not_picked":["Undo","Hologram"],"picked":"Rebound","floor":0.0},{"not_picked":["Ball Lightning","White Noise"],"picked":"Defragment","floor":1.0},{"not_picked":["Hologram","Compile Driver"],"picked":"Sweeping Beam","floor":4.0},{"not_picked":["Consume","Streamline"],"picked":"Auto Shields","floor":5.0},{"not_picked":["Darkness","Coolheaded"],"picked":"Gash","floor":6.0},{"not_picked":["Fusion","Hologram","Loop"],"picked":"Gash","floor":8.0},{"not_picked":["Lockon","Heatsinks","Barrage"],"picked":"Recycle","floor":11},{"not_picked":["Darkness","Turbo","Blizzard"],"picked":"Cold Snap","floor":12},{"not_picked":["Steam","Cold Snap","Turbo"],"picked":"Rainbow","floor":14},{"not_picked":["Fission","Multi-Cast","Rainbow"],"picked":"Meteor Strike","floor":16},{"not_picked":["Reinforced Body","Doom and Gloom","Loop"],"picked":"Genetic Algorithm","floor":18}],"player_experience":1256165,"relics_obtained":[{"floor":6.0,"key":"Question Card"},{"floor":9,"key":"Bottled Lightning"},{"floor":11,"key":"Oddly Smooth Stone"}],"event_choices":[{"cards_removed":["Strike_B"],"damage_healed":0.0,"max_hp_gain":0.0,"max_hp_loss":0.0,"gold_gain":0.0,"event_name":"The Cleric","player_choice":"Card Removal","floor":2.0,"gold_loss":75.0,"damage_taken":0.0},{"damage_healed":0.0,"max_hp_gain":0.0,"max_hp_loss":0.0,"gold_gain":0.0,"cards_transformed":["Strike_B"],"event_name":"Transmorgrifier","player_choice":"Transformed","floor":3.0,"gold_loss":0.0,"damage_taken":0.0,"cards_obtained":["Streamline"]}],"is_beta":false,"boss_relics":[{"not_picked":["Runic Pyramid","Ectoplasm"],"picked":"Eternal Feather"}],"items_purged_floors":[7],"is_endless":false,"potions_floor_spawned":[5,12,14,16],"killed_by":"3 Byrds","ascension_level":20}