{"gold_per_floor":[115,65,84,84,103,132,132,152,207,16,33,33,49,84,84,84],"floor_reached":16,"playtime":1014,"items_purged":[],"score":112,"play_id":"92854c55-3930-4cac-9d7a-cd0c1f85ce73","local_time":"20181113224109","is_ascension_mode":false,"campfire_choices":[{"data":"Calculated Gamble","floor":7,"key":"SMITH"},{"floor":12,"key":"REST"},{"floor":15,"key":"REST"}],"neow_cost":"NONE","seed_source_timestamp":791465145413885,"circlet_count":0,"master_deck":["Survivor","Neutralize","Flying Knee","Heel Hook","Footwork","Reflex","Quick Slash","Dodge and Roll","Acrobatics","Well Laid Plans","All Out Attack","Acrobatics","Backflip","Calculated Gamble+1","Madness","Cold Snap"],"relics":["Pandora\u0027s Box","Frozen Egg 2","MawBank","PrismaticShard","Lantern"],"potions_floor_usage":[8,13],"damage_taken":[{"damage":0,"enemies":"Jaw Worm","floor":1,"turns":3},{"damage":1,"enemies":"2 Louse","floor":3,"turns":2},{"damage":0,"enemies":"Cultist","floor":5,"turns":3},{"damage":22,"enemies":"3 Sentries","floor":6,"turns":6},{"damage":3,"enemies":"3 Louse","floor":8,"turns":2},{"damage":12,"enemies":"Exordium Thugs","floor":11,"turns":5},{"damage":7,"enemies":"Looter","floor":13,"turns":2},{"damage":28,"enemies":"Gremlin Nob","floor":14,"turns":6},{"damage":39,"enemies":"Hexaghost","floor":16,"turns":11}],"seed_played":"7468456761495875431","potions_obtained":[{"floor":1,"key":"SpeedPotion"},{"floor":6,"key":"Explosive Potion"},{"floor":11,"key":"Swift Potion"}],"is_trial":false,"path_per_floor":["M","?","M","?","M","E","R","M","T","$","M","R","M","E","R","B"],"character_chosen":"THE_SILENT","items_purchased":["PrismaticShard"],"campfire_rested":2,"item_purchase_floors":[10],"current_hp_per_floor":[70,70,69,69,69,47,47,44,44,44,32,53,46,18,39,0],"gold":84,"neow_bonus":"BOSS_RELIC","is_prod":false,"is_daily":false,"chose_seed":false,"campfire_upgraded":1,"win_rate":0,"timestamp":1542148869,"path_taken":["M","?","M","?","M","E","R","M","T","$","M","R","?","E","R","BOSS"],"build_version":"2018-11-12","purchased_purges":0,"victory":false,"max_hp_per_floor":[70,70,70,70,70,70,70,70,70,70,70,70,70,70,70,70],"card_choices":[{"not_picked":["Quick Slash","Dodge and Roll"],"picked":"Acrobatics","floor":1},{"not_picked":["Choke","Flechettes","Bane"],"picked":"SKIP","floor":3},{"not_picked":["Outmaneuver","Skewer"],"picked":"Backflip","floor":5},{"not_picked":["Bouncing Flask","Predator"],"picked":"Calculated Gamble","floor":6},{"not_picked":["Acrobatics","Calculated Gamble","Finisher"],"picked":"SKIP","floor":8},{"not_picked":["Heatsinks+1","Anger"],"picked":"Madness","floor":11},{"not_picked":["PanicButton","Perfected Strike"],"picked":"Cold Snap","floor":13},{"not_picked":["Redo","Cleave","Deadly Poison"],"picked":"SKIP","floor":14}],"player_experience":166483,"relics_obtained":[{"floor":6,"key":"Frozen Egg 2"},{"floor":9,"key":"MawBank"},{"floor":14,"key":"Lantern"}],"event_choices":[{"cards_removed":["All Out Attack"],"damage_healed":0,"gold_gain":0,"player_choice":"Card Removal","damage_taken":0,"max_hp_gain":0,"max_hp_loss":0,"event_name":"The Cleric","floor":2,"gold_loss":50},{"damage_healed":0,"gold_gain":0,"player_choice":"Ignored","damage_taken":0,"max_hp_gain":0,"max_hp_loss":0,"event_name":"Transmorgrifier","floor":4,"gold_loss":0}],"is_beta":true,"boss_relics":[],"items_purged_floors":[],"is_endless":false,"potions_floor_spawned":[1,6,11],"killed_by":"Hexaghost","ascension_level":0}