{"gold_per_floor":[13,28,45,45,45,45,45,70,93,112,126,126,20,48,48,48],"floor_reached":16,"playtime":401,"items_purged":["Strike_R"],"score":220,"play_id":"5262e877-24d0-4936-8584-d9399ea1f7db","local_time":"20190308202529","is_ascension_mode":true,"campfire_choices":[{"floor":6.0,"key":"DIG"},{"floor":12.0,"key":"DIG"},{"floor":15.0,"key":"REST"}],"neow_cost":"NO_GOLD","seed_source_timestamp":640409816207700,"circlet_count":0,"master_deck":["AscendersBane","Strike_R","Strike_R","Strike_R","Strike_R","Defend_R","Defend_R","Defend_R+1","Defend_R","Bash","Cleave","Flex+1","Rampage","Whirlwind","True Grit","Battle Trance"],"special_seed":0,"relics":["Burning Blood","Unceasing Top","Shovel","Champion Belt","Smiling Mask","War Paint","Lantern","Calipers","Potion Belt"],"potions_floor_usage":[16],"damage_taken":[{"damage":4.0,"enemies":"Small Slimes","floor":1.0,"turns":5.0},{"damage":9.0,"enemies":"Jaw Worm","floor":2.0,"turns":4.0},{"damage":0.0,"enemies":"2 Louse","floor":3.0,"turns":2.0},{"damage":35.0,"enemies":"3 Sentries","floor":8.0,"turns":7.0},{"damage":4.0,"enemies":"2 Fungi Beasts","floor":10.0,"turns":3.0},{"damage":0.0,"enemies":"3 Louse","floor":11.0,"turns":1.0},{"damage":32.0,"enemies":"Gremlin Nob","floor":14.0,"turns":4.0},{"damage":45,"enemies":"Slime Boss","floor":16,"turns":7}],"seed_played":"5208797594645249340","potions_obtained":[{"floor":14.0,"key":"GamblersBrew"}],"is_trial":false,"path_per_floor":["M","M","M","?","T","R","?","E","T","M","M","R","$","E","R","B"],"character_chosen":"IRONCLAD","items_purchased":["Energy Potion"],"campfire_rested":1,"item_purchase_floors":[13],"current_hp_per_floor":[70,67,73,78,78,78,60,31,31,33,39,39,39,13,37,0],"gold":48,"neow_bonus":"ONE_RARE_RELIC","is_prod":false,"is_daily":false,"chose_seed":false,"campfire_upgraded":0,"win_rate":0,"timestamp":1552076729,"path_taken":["M","M","M","?","?","R","?","E","T","M","M","R","$","E","R","BOSS"],"build_version":"2019-01-23","purchased_purges":1,"victory":false,"max_hp_per_floor":[75,75,75,80,80,80,80,80,80,80,80,80,80,80,80,80],"card_choices":[{"not_picked":["Twin Strike","Armaments"],"picked":"Cleave","floor":1.0},{"not_picked":["Second Wind","Warcry"],"picked":"Flex","floor":2.0},{"not_picked":["Cleave","Entrench"],"picked":"Rampage","floor":3.0},{"not_picked":["Heavy Blade","Corruption"],"picked":"Whirlwind","floor":8.0},{"not_picked":["Fire Breathing","Cleave","Whirlwind"],"picked":"SKIP","floor":10.0},{"not_picked":["Sword Boomerang","Cleave"],"picked":"True Grit","floor":11.0},{"not_picked":["Armaments","Body Slam"],"picked":"Battle Trance","floor":14.0}],"player_experience":1253262,"relics_obtained":[{"floor":5.0,"key":"Shovel"},{"floor":6.0,"key":"Champion Belt"},{"floor":8.0,"key":"War Paint"},{"floor":9.0,"key":"Lantern"},{"floor":12.0,"key":"Calipers"},{"floor":14.0,"key":"Potion Belt"}],"event_choices":[{"damage_healed":0.0,"max_hp_gain":5.0,"max_hp_loss":0.0,"gold_gain":0.0,"event_name":"Big Fish","player_choice":"Donut","floor":4.0,"gold_loss":0.0,"damage_taken":0.0},{"damage_healed":0.0,"max_hp_gain":0.0,"max_hp_loss":0.0,"gold_gain":0.0,"event_name":"Scrap Ooze","player_choice":"Success","floor":7.0,"gold_loss":0.0,"damage_taken":18.0,"relics_obtained":["Smiling Mask"]}],"is_beta":false,"boss_relics":[],"items_purged_floors":[13],"is_endless":false,"potions_floor_spawned":[14],"killed_by":"Slime Boss","ascension_level":20}