{"gold_per_floor":[119,119,129,146,162,188,363,397,427,427,442,471,471,488,488,593,593,606,606,881,892,912,912,937,937,937,14,14,41,41,1,1,96,146,159,172,272,284,302,320,352,352,352,352,352,386,386,413,413,413],"floor_reached":51,"playtime":5743,"items_purged":["Regret"],"score":1312,"play_id":"0e0c4139-dbaa-4783-96b4-32fe9f20aae9","local_time":"20190112072712","is_ascension_mode":true,"campfire_choices":[{"data":"Slimebound:RainOfGoop","floor":10.0,"key":"SMITH"},{"floor":15.0,"key":"REST"},{"data":"Slimebound:SuperSplit","floor":23.0,"key":"SMITH"},{"data":"Slimebound:FormABlockade","floor":25.0,"key":"SMITH"},{"data":"Slimebound:MassFeed","floor":32.0,"key":"SMITH"},{"data":"Slimebound:SlimeBarrage","floor":42.0,"key":"SMITH"},{"data":"Slimebound:FormABlockade","floor":44.0,"key":"SMITH"},{"data":"Slimebound:CheckThePlaybook","floor":47,"key":"SMITH"},{"floor":49,"key":"DIG"}],"neow_cost":"","seed_source_timestamp":0,"circlet_count":0,"master_deck":["Slimebound:Defend_Slimebound","Slimebound:Defend_Slimebound","Slimebound:Defend_Slimebound","Slimebound:Defend_Slimebound","Slimebound:Split","Slimebound:CorrosiveSpit","Slimebound:SlimeSpikes","Slimebound:HauntingLick","Slimebound:FormABlockade+1","Slimebound:RainOfGoop+1","Slimebound:SuperSplit+1","Slimebound:LeechingTouch","Slimebound:ItLooksTasty","Slimebound:LeechingTouch","Slimebound:Prepare","Slimebound:FirmFortitude+1","Slimebound:MegaLick","Slimebound:CheckThePlaybook+1","Slimebound:TendrilStrike","Doubt","Slimebound:Dissolve+1","Slimebound:DivideAndConquer+1","Slimebound:Prepare+1","Clumsy","Slimebound:Repurpose","Mayhem+1","Slimebound:LivingWall","Slimebound:Repurpose+1","Bite","Bite","Bite","Bite","Bite","Slimebound:MassFeed+1","Shame","Slimebound:DuplicatedForm+1","Slimebound:SelfFormingGoo+1","Slimebound:SlimeBarrage+1","Slimebound:PoisonLick+1","Slimebound:FormABlockade+1","Slimebound:SelfFormingGoo+1","Slimebound:LeadByExample+1","Slimebound:SlimeBarrage+1","Slimebound:LevelUp+1","Writhe","Slimebound:Icky","Slimebound:DuplicatedForm+1","Clumsy"],"special_seed":0,"relics":["Slimebound:AbsorbEndCombat","Pear","Matryoshka","Shovel","Black Star","FaceOfCleric","Mummified Hand","Ornamental Fan","Letter Opener","Frozen Egg 2","Tiny Chest","The Courier","Bronze Scales","Dream Catcher","Cursed Key","Bag of Preparation","Bottled Lightning","Bag of Marbles","Boot","Slimebound:PreparedRelic","Pocketwatch","Lantern","Centennial Puzzle","Vajra","Slimebound:MaxSlimesRelic","Tiny House","Slimebound:SlimedSkullRelic","Slimebound:AggressiveSlimeRelic","Question Card","Juzu Bracelet","Singing Bowl","Pen Nib","Meat on the Bone","Strawberry","Anchor"],"potions_floor_usage":[50],"damage_taken":[{"damage":6.0,"enemies":"Jaw Worm","floor":1.0,"turns":6.0},{"damage":6.0,"enemies":"Cultist","floor":3.0,"turns":4.0},{"damage":9.0,"enemies":"2 Louse","floor":4.0,"turns":3.0},{"damage":18.0,"enemies":"Exordium Thugs","floor":5.0,"turns":5.0},{"damage":34.0,"enemies":"Gremlin Nob","floor":6.0,"turns":5.0},{"damage":40.0,"enemies":"3 Sentries","floor":8.0,"turns":7.0},{"damage":21.0,"enemies":"Looter","floor":11.0,"turns":3.0},{"damage":28.0,"enemies":"Gremlin Nob","floor":12.0,"turns":4.0},{"damage":17.0,"enemies":"3 Louse","floor":14.0,"turns":3.0},{"damage":9.0,"enemies":"Slime Boss","floor":16.0,"turns":8.0},{"damage":20.0,"enemies":"Chosen","floor":18.0,"turns":3.0},{"damage":22.0,"enemies":"Shell Parasite","floor":21.0,"turns":4.0},{"damage":29.0,"enemies":"3 Cultists","floor":22.0,"turns":4.0},{"damage":26.0,"enemies":"Gremlin Leader","floor":24.0,"turns":5.0},{"damage":33.0,"enemies":"Slavers","floor":29.0,"turns":3.0},{"damage":33.0,"enemies":"Automaton","floor":33.0,"turns":6.0},{"damage":51.0,"enemies":"Orb Walker","floor":35.0,"turns":4.0},{"damage":9.0,"enemies":"3 Shapes","floor":36.0,"turns":2.0},{"damage":35.0,"enemies":"Mind Bloom Boss Battle","floor":37.0,"turns":5.0},{"damage":27.0,"enemies":"Writhing Mass","floor":38.0,"turns":3.0},{"damage":27.0,"enemies":"Sphere and 2 Shapes","floor":39.0,"turns":3.0},{"damage":31.0,"enemies":"Spire Growth","floor":40.0,"turns":3.0},{"damage":34.0,"enemies":"Nemesis","floor":41.0,"turns":4.0},{"damage":31,"enemies":"Reptomancer","floor":46,"turns":5},{"damage":75,"enemies":"Time Eater","floor":50,"turns":7}],"seed_played":"6829723689055505124","potions_obtained":[{"floor":4.0,"key":"Strength Potion"},{"floor":5.0,"key":"Strength Potion"},{"floor":8.0,"key":"Slimebound:SpawnSlimePotion"},{"floor":12.0,"key":"Regen Potion"},{"floor":16.0,"key":"Weak Potion"},{"floor":21.0,"key":"AttackPotion"},{"floor":29.0,"key":"Slimebound:SlimyTonguePotion"},{"floor":33.0,"key":"SteroidPotion"},{"floor":34.0,"key":"SkillPotion"},{"floor":35.0,"key":"Poison Potion"},{"floor":36.0,"key":"Slimebound:SpawnSlimePotion"},{"floor":37.0,"key":"EssenceOfSteel"},{"floor":46,"key":"LiquidBronze"}],"is_trial":false,"path_per_floor":["M","?","M","M","M","E","?","E","T","R","M","E","?","M","R","B",null,"M","T","?","M","M","R","E","R","T","$","?","E","T","$","R","B",null,"M","M","?","M","M","M","E","R","T","R","T","E","R","T","R","B",null],"character_chosen":"SLIMEBOUND","items_purchased":["Pear","Matryoshka","Slimebound:SlimeSpikes","Slimebound:SlimedPotion","Slimebound:PreparedRelic","Slimebound:Repurpose","Mayhem+1","Slimebound:LivingWall","Pocketwatch","Lantern","Slimebound:Repurpose","Block Potion","Slimebound:SlimedPotion"],"campfire_rested":1,"item_purchase_floors":[0,0,0,0,27,27,27,27,27,27,27,27,31],"current_hp_per_floor":[55,55,60,63,69,59,59,42,42,42,45,41,41,30,57,94,94,95,95,95,92,97,97,98,98,98,98,98,99,99,99,99,100,105,94,107,112,113,118,119,124,124,124,124,124,125,125,132,132,133],"gold":413,"neow_bonus":"","is_prod":false,"is_daily":false,"chose_seed":false,"campfire_upgraded":7,"win_rate":0,"timestamp":1547306832,"path_taken":["M","?","M","?","M","E","?","E","T","R","M","E","?","M","R","BOSS","M","?","?","?","M","R","E","R","T","$","?","E","?","?","R","BOSS","M","M","?","M","M","M","E","R","T","R","?","E","R","?","R","BOSS"],"build_version":"2019-01-10","purchased_purges":1,"victory":true,"max_hp_per_floor":[85,85,86,87,88,89,89,90,90,90,91,92,92,93,93,94,94,95,95,95,96,97,97,98,98,98,98,98,99,99,99,99,100,105,106,107,112,113,118,123,124,124,124,124,124,125,125,132,132,133],"card_choices":[{"not_picked":["Slimebound:ProtectTheBoss","Slimebound:PressTheAttack"],"picked":"Slimebound:HauntingLick","floor":1.0},{"not_picked":["Slimebound:GoopTackle","Slimebound:FirmFortitude"],"picked":"Slimebound:FormABlockade","floor":3.0},{"not_picked":["Slimebound:LeechingTouch","Slimebound:LeechEnergy"],"picked":"Slimebound:RainOfGoop","floor":4.0},{"not_picked":["Slimebound:Lick","Slimebound:RejuvenatingLick"],"picked":"Slimebound:SuperSplit","floor":5.0},{"not_picked":["Slimebound:FlameTackle","Slimebound:ViciousTackle"],"picked":"Slimebound:LeechingTouch","floor":6.0},{"not_picked":["Slimebound:LeechingTouch","Slimebound:LeechEnergy"],"picked":"Slimebound:ItLooksTasty","floor":8.0},{"not_picked":["Slimebound:GoopTackle","Slimebound:Prepare"],"picked":"Slimebound:LeechingTouch","floor":11.0},{"not_picked":["Slimebound:Chomp","Slimebound:LeechEnergy"],"picked":"Slimebound:Prepare","floor":12.0},{"not_picked":["Slimebound:GoopSpray","Slimebound:ProtectTheBoss+1"],"picked":"Slimebound:FirmFortitude+1","floor":14.0},{"not_picked":["Slimebound:ComboTackle","Slimebound:Lick"],"picked":"Slimebound:MegaLick","floor":15.0},{"not_picked":["Slimebound:DouseInSlime","Slimebound:OozeBath"],"picked":"Slimebound:CheckThePlaybook","floor":16.0},{"not_picked":["Slimebound:ViciousTackle+1","Slimebound:DivideAndConquer"],"picked":"Slimebound:TendrilStrike","floor":18.0},{"not_picked":["Slimebound:SlimeSpikes+1","Slimebound:SoulSicken"],"picked":"Slimebound:Dissolve+1","floor":21.0},{"not_picked":["Slimebound:LeechingTouch","Slimebound:LeechEnergy"],"picked":"Slimebound:DivideAndConquer+1","floor":22.0},{"not_picked":["Slimebound:SamplingLick","Slimebound:Lick"],"picked":"Slimebound:Prepare+1","floor":24.0},{"not_picked":["Slimebound:ViciousTackle+1","Slimebound:HauntingLick"],"picked":"Slimebound:MassFeed","floor":29.0},{"not_picked":["Slimebound:SlimeBrawl","Slimebound:Overexert"],"picked":"Slimebound:DuplicatedForm+1","floor":33.0},{"not_picked":["Slimebound:ItLooksTasty","Slimebound:VenomTackle"],"picked":"Slimebound:SelfFormingGoo+1","floor":34.0},{"not_picked":["Slimebound:ViciousTackle","Slimebound:GoopTackle+1"],"picked":"Slimebound:SlimeBarrage","floor":35.0},{"not_picked":["Slimebound:GoopSpray+1","Slimebound:TendrilStrike+1"],"picked":"Slimebound:PoisonLick+1","floor":36.0},{"not_picked":["Slimebound:Dissolve","Slimebound:LeechingTouch+1"],"picked":"Slimebound:FormABlockade","floor":37.0},{"not_picked":["Slimebound:RollThrough+1","Slimebound:LeechEnergy"],"picked":"Slimebound:SelfFormingGoo+1","floor":38.0},{"not_picked":["Slimebound:GoopSpray+1","Slimebound:Dissolve"],"picked":"Slimebound:LeadByExample+1","floor":39.0},{"not_picked":["Slimebound:GoopSpray","Slimebound:RejuvenatingLick+1"],"picked":"Slimebound:SlimeBarrage+1","floor":40.0},{"not_picked":["Slimebound:HauntingLick","Slimebound:SpikyOuterGoop+1"],"picked":"Slimebound:LevelUp+1","floor":41.0},{"not_picked":["Slimebound:ComboTackle","Slimebound:Repurpose","Slimebound:ProtectTheBoss+1"],"picked":"Slimebound:DuplicatedForm+1","floor":46}],"player_experience":231488,"relics_obtained":[{"floor":6.0,"key":"Mummified Hand"},{"floor":6.0,"key":"Ornamental Fan"},{"floor":8.0,"key":"Letter Opener"},{"floor":8.0,"key":"Frozen Egg 2"},{"floor":9.0,"key":"Tiny Chest"},{"floor":9.0,"key":"The Courier"},{"floor":12.0,"key":"Bronze Scales"},{"floor":12.0,"key":"Dream Catcher"},{"floor":19.0,"key":"Bag of Preparation"},{"floor":19.0,"key":"Bottled Lightning"},{"floor":24.0,"key":"Bag of Marbles"},{"floor":24.0,"key":"Blood Vial"},{"floor":26.0,"key":"Boot"},{"floor":29.0,"key":"Centennial Puzzle"},{"floor":29.0,"key":"Vajra"},{"floor":30.0,"key":"Slimebound:MaxSlimesRelic"},{"floor":37.0,"key":"Slimebound:SlimedSkullRelic"},{"floor":41.0,"key":"Slimebound:AggressiveSlimeRelic"},{"floor":41.0,"key":"Question Card"},{"floor":43.0,"key":"Juzu Bracelet"},{"floor":45.0,"key":"Singing Bowl"},{"floor":46,"key":"Pen Nib"},{"floor":46,"key":"Meat on the Bone"},{"floor":48,"key":"Strawberry"},{"floor":49,"key":"Anchor"}],"event_choices":[{"damage_healed":0.0,"max_hp_gain":0.0,"max_hp_loss":0.0,"gold_gain":0.0,"event_name":"FaceTrader","player_choice":"Trade","floor":2.0,"gold_loss":0.0,"damage_taken":0.0,"relics_obtained":["FaceOfCleric"]},{"damage_healed":0.0,"max_hp_gain":0.0,"max_hp_loss":0.0,"gold_gain":175.0,"event_name":"Liars Game","player_choice":"AGREE","floor":7.0,"gold_loss":0.0,"damage_taken":0.0,"cards_obtained":["Doubt"]},{"cards_removed":["Doubt"],"damage_healed":0.0,"max_hp_gain":0.0,"max_hp_loss":0.0,"gold_gain":0.0,"event_name":"Fountain of Cleansing","player_choice":"Removed Curses","floor":13.0,"gold_loss":0.0,"damage_taken":0.0},{"damage_healed":0.0,"max_hp_gain":0.0,"max_hp_loss":0.0,"gold_gain":275.0,"event_name":"Golden Shrine","player_choice":"Desecrate","floor":20.0,"gold_loss":0.0,"damage_taken":0.0,"cards_obtained":["Regret"]},{"damage_healed":0.0,"max_hp_gain":0.0,"max_hp_loss":0.0,"gold_gain":0.0,"event_name":"Vampires","player_choice":"Became a vampire (Vial)","floor":28.0,"relics_lost":["Blood Vial"],"gold_loss":0.0,"damage_taken":0.0,"cards_obtained":["Bite","Bite","Bite","Bite","Bite"]},{"damage_healed":0.0,"max_hp_gain":0.0,"max_hp_loss":0.0,"gold_gain":0.0,"event_name":"MindBloom","player_choice":"Fight","floor":37.0,"gold_loss":0.0,"damage_taken":0.0}],"is_beta":false,"boss_relics":[{"not_picked":["Busted Crown","Coffee Dripper"],"picked":"Cursed Key"},{"not_picked":["Orrery","Runic Dome"],"picked":"Tiny House"}],"items_purged_floors":[27],"is_endless":false,"potions_floor_spawned":[4,5,8,12,16,21,29,33,35,36,37,46],"ascension_level":1}