{"gold_per_floor":[114,114,289,239,257,257,282,282,306,337,139,139,158,176,176,273,273,284,284,383,402,25,25,38,65,65,95,108,108,128,162,162,260,560,575,585,685,403,403,435,26,54,54,54,65,65,76,76,76,76],"floor_reached":50,"playtime":3937,"items_purged":["Strike_G","Defend_G","Doubt","Writhe"],"score":1012,"play_id":"6ea84f3b-5188-41e6-86f8-0cee17909d10","local_time":"20190321142128","is_ascension_mode":true,"campfire_choices":[{"data":"Neutralize","floor":6.0,"key":"SMITH"},{"data":"Discovery","floor":12.0,"key":"SMITH"},{"data":"Footwork","floor":15.0,"key":"SMITH"},{"data":"After Image","floor":23.0,"key":"SMITH"},{"floor":32.0,"key":"REST"},{"data":"Parasite","floor":46,"key":"PURGE"},{"data":"Cloak And Dagger","floor":49,"key":"SMITH"}],"neow_cost":"NONE","seed_source_timestamp":0,"circlet_count":0,"master_deck":["AscendersBane","Defend_G+1","Defend_G+1","Defend_G+1","Defend_G+1","Strike_G+1","Strike_G+1","Strike_G+1","Survivor","Neutralize+1","Infinite Blades+1","Blade Dance","Cloak And Dagger+1","Footwork+1","Discovery+1","Blade Dance","After Image+1","Dash","Footwork","Cloak And Dagger","Venomology","Infinite Blades+1","Cloak And Dagger+1","Adrenaline","Cloak And Dagger+1"],"special_seed":0,"relics":["Ring of the Snake","NeowsBlessing","Gremlin Horn","PreservedInsect","Lantern","Art of War","WristBlade","Sling","Turnip","Regal Pillow","FossilizedHelix","Strawberry","Calling Bell","Letter Opener","Omamori","Old Coin","Nunchaku","Happy Flower","Peace Pipe","Mummified Hand","Centennial Puzzle","Dodecahedron"],"potions_floor_usage":[35,36,37,40,42,45,47,50,50,50],"damage_taken":[{"damage":0.0,"enemies":"2 Louse","floor":1.0,"turns":1.0},{"damage":0.0,"enemies":"Small Slimes","floor":5.0,"turns":1.0},{"damage":0.0,"enemies":"3 Sentries","floor":7.0,"turns":1.0},{"damage":12.0,"enemies":"Lagavulin","floor":10.0,"turns":7.0},{"damage":0.0,"enemies":"Jaw Worm","floor":13.0,"turns":4.0},{"damage":14.0,"enemies":"Exordium Wildlife","floor":14.0,"turns":4.0},{"damage":15.0,"enemies":"The Guardian","floor":16.0,"turns":17.0},{"damage":1.0,"enemies":"3 Byrds","floor":18.0,"turns":6.0},{"damage":0.0,"enemies":"Chosen","floor":21.0,"turns":6.0},{"damage":1.0,"enemies":"Centurion and Healer","floor":24.0,"turns":6.0},{"damage":11.0,"enemies":"Gremlin Leader","floor":25.0,"turns":5.0},{"damage":18.0,"enemies":"Slavers","floor":27.0,"turns":5.0},{"damage":0.0,"enemies":"Snecko","floor":28.0,"turns":5.0},{"damage":10.0,"enemies":"Cultist and Chosen","floor":30.0,"turns":7.0},{"damage":0.0,"enemies":"Gremlin Leader","floor":31.0,"turns":5.0},{"damage":19.0,"enemies":"Collector","floor":33.0,"turns":18.0},{"damage":0,"enemies":"3 Shapes","floor":35,"turns":6},{"damage":7,"enemies":"Orb Walker","floor":36,"turns":5},{"damage":0,"enemies":"Mind Bloom Boss Battle","floor":37,"turns":7},{"damage":28,"enemies":"Nemesis","floor":40,"turns":7},{"damage":0,"enemies":"Giant Head","floor":42,"turns":5},{"damage":0,"enemies":"Sphere and 2 Shapes","floor":45,"turns":4},{"damage":0,"enemies":"3 Darklings","floor":47,"turns":4},{"damage":72,"enemies":"Time Eater","floor":50,"turns":11}],"seed_played":"-7732513689187916643","potions_obtained":[{"floor":10.0,"key":"Block Potion"},{"floor":14.0,"key":"GamblersBrew"},{"floor":16.0,"key":"Dexterity Potion"},{"floor":25.0,"key":"SpeedPotion"},{"floor":27.0,"key":"Block Potion"},{"floor":31.0,"key":"Ancient Potion"},{"floor":40,"key":"PowerPotion"}],"is_trial":false,"path_per_floor":["M","?","?","?","M","R","E","?","T","E","$","R","M","M","R","B",null,"M","?","?","M","$","R","M","E","T","E","M","?","M","E","R","B",null,"M","M","?","$","?","E","$","E","T","?","M","R","M","?","R","B"],"character_chosen":"THE_SILENT","items_purchased":["Footwork","Discovery","Sling","Footwork","Happy Flower","Mummified Hand"],"campfire_rested":1,"item_purchase_floors":[11,11,22,22,38,41],"current_hp_per_floor":[63,60,60,60,60,60,60,60,60,48,48,48,48,34,34,19,57,56,56,56,56,56,56,55,44,44,26,26,26,16,23,61,42,68,77,70,70,70,70,42,42,42,42,61,61,61,61,61,61,0],"gold":76,"neow_bonus":"THREE_ENEMY_KILL","is_prod":false,"is_daily":false,"chose_seed":false,"campfire_upgraded":5,"win_rate":0,"timestamp":1553203288,"path_taken":["M","?","?","?","M","R","E","?","T","E","$","R","?","M","R","BOSS","M","?","?","M","$","R","M","E","T","E","M","?","M","E","R","BOSS","M","M","?","$","?","E","$","E","T","?","M","R","M","?","R","BOSS"],"build_version":"2019-01-23","purchased_purges":4,"victory":false,"max_hp_per_floor":[70,70,70,70,70,70,70,70,70,70,70,70,70,70,70,70,70,70,70,70,70,70,70,70,70,70,70,70,70,70,77,77,77,77,77,77,77,77,77,77,77,77,77,77,77,74,74,74,74,74],"card_choices":[{"not_picked":["Quick Slash","Acrobatics"],"picked":"Infinite Blades","floor":1.0},{"not_picked":["Acrobatics","Outmaneuver","Expertise"],"picked":"SKIP","floor":5.0},{"not_picked":["Prepared","Acrobatics"],"picked":"Blade Dance","floor":7.0},{"not_picked":["Doppelganger","Quick Slash"],"picked":"Cloak And Dagger","floor":10.0},{"not_picked":["PiercingWail","Dodge and Roll"],"picked":"Blade Dance","floor":13.0},{"not_picked":["PiercingWail","Underhanded Strike","Deadly Poison"],"picked":"SKIP","floor":14.0},{"not_picked":["Tools of the Trade","Malaise"],"picked":"After Image","floor":16.0},{"not_picked":["Masterful Stab+1","Acrobatics"],"picked":"Dash","floor":18.0},{"not_picked":["Heel Hook+1","Slice","Bane"],"picked":"SKIP","floor":21.0},{"not_picked":["Deflect","Bane"],"picked":"Cloak And Dagger","floor":24.0},{"not_picked":["Dodge and Roll","Outmaneuver","Sucker Punch"],"picked":"SKIP","floor":25.0},{"not_picked":["Endless Agony","Eviscerate","Acrobatics"],"picked":"SKIP","floor":27.0},{"not_picked":["Deflect","Quick Slash"],"picked":"Venomology","floor":28.0},{"not_picked":["Caltrops+1","All Out Attack","Sucker Punch"],"picked":"SKIP","floor":30.0},{"not_picked":["Acrobatics","Heel Hook","PiercingWail"],"picked":"SKIP","floor":31.0},{"not_picked":["Deadly Poison+1","Tools of the Trade","Quick Slash+1"],"picked":"SKIP","floor":35},{"not_picked":["Blade Dance","Quick Slash"],"picked":"Infinite Blades+1","floor":36},{"not_picked":["Sucker Punch","Calculated Gamble+1"],"picked":"Cloak And Dagger+1","floor":37},{"not_picked":["Slice+1","Deadly Poison","Dagger Spray"],"picked":"SKIP","floor":40},{"not_picked":["Deflect+1","Riddle With Holes+1"],"picked":"Adrenaline","floor":42},{"not_picked":["Masterful Stab+1","Leg Sweep+1"],"picked":"Cloak And Dagger+1","floor":45},{"not_picked":["Dagger Spray","Sucker Punch+1","Backflip"],"picked":"SKIP","floor":47}],"player_experience":441708,"relics_obtained":[{"floor":7.0,"key":"PreservedInsect"},{"floor":9.0,"key":"Lantern"},{"floor":10.0,"key":"Art of War"},{"floor":25.0,"key":"Turnip"},{"floor":26.0,"key":"Regal Pillow"},{"floor":27.0,"key":"FossilizedHelix"},{"floor":31.0,"key":"Strawberry"},{"floor":34.0,"key":"Letter Opener"},{"floor":34.0,"key":"Omamori"},{"floor":34.0,"key":"Old Coin"},{"floor":37,"key":"Nunchaku"},{"floor":40,"key":"Peace Pipe"},{"floor":42,"key":"Centennial Puzzle"},{"floor":43,"key":"Dodecahedron"}],"event_choices":[{"damage_healed":0.0,"max_hp_gain":0.0,"max_hp_loss":0.0,"gold_gain":0.0,"event_name":"Scrap Ooze","player_choice":"Success","floor":2.0,"gold_loss":0.0,"damage_taken":3.0,"relics_obtained":["Gremlin Horn"]},{"damage_healed":0.0,"max_hp_gain":0.0,"max_hp_loss":0.0,"gold_gain":175.0,"event_name":"Liars Game","player_choice":"AGREE","floor":3.0,"gold_loss":0.0,"damage_taken":0.0,"cards_obtained":["Doubt"]},{"cards_removed":["Doubt"],"damage_healed":0.0,"max_hp_gain":0.0,"max_hp_loss":0.0,"gold_gain":0.0,"event_name":"The Cleric","player_choice":"Card Removal","floor":4.0,"gold_loss":50.0,"damage_taken":0.0},{"damage_healed":0.0,"max_hp_gain":0.0,"max_hp_loss":0.0,"gold_gain":0.0,"event_name":"Living Wall","player_choice":"Grow","floor":8.0,"gold_loss":0.0,"damage_taken":0.0,"cards_upgraded":["Infinite Blades"]},{"damage_healed":0.0,"max_hp_gain":0.0,"max_hp_loss":0.0,"gold_gain":0.0,"event_name":"Ghosts","player_choice":"Ignored","floor":19.0,"gold_loss":0.0,"damage_taken":0.0},{"damage_healed":0.0,"max_hp_gain":0.0,"max_hp_loss":0.0,"gold_gain":99.0,"event_name":"Nest","player_choice":"Stole From Cult","floor":20.0,"gold_loss":0.0,"damage_taken":0.0},{"damage_healed":0.0,"max_hp_gain":0.0,"max_hp_loss":0.0,"gold_gain":0.0,"event_name":"Back to Basics","player_choice":"Simplicity","floor":29.0,"gold_loss":0.0,"damage_taken":0.0,"cards_upgraded":["Defend_G","Defend_G","Defend_G","Defend_G","Strike_G","Strike_G","Strike_G","Strike_G"]},{"damage_healed":0,"gold_gain":0,"player_choice":"Fight","damage_taken":0,"max_hp_gain":0,"max_hp_loss":0,"event_name":"MindBloom","floor":37,"gold_loss":0},{"cards_removed":["Strike_G"],"damage_healed":0,"gold_gain":0,"player_choice":"Removed Attack","damage_taken":0,"max_hp_gain":0,"max_hp_loss":0,"event_name":"Falling","floor":39,"gold_loss":0},{"damage_healed":19,"gold_gain":0,"player_choice":"Writhe","damage_taken":0,"max_hp_gain":0,"max_hp_loss":0,"event_name":"Winding Halls","floor":44,"gold_loss":0,"cards_obtained":["Writhe"]},{"damage_healed":0,"gold_gain":0,"player_choice":"Ignored","damage_taken":0,"max_hp_gain":0,"max_hp_loss":0,"event_name":"Transmorgrifier","floor":48,"gold_loss":0}],"is_beta":false,"boss_relics":[{"not_picked":["Eternal Feather","Ectoplasm"],"picked":"WristBlade"},{"not_picked":["Astrolabe","Runic Pyramid"],"picked":"Calling Bell"}],"items_purged_floors":[11,22,38,41],"is_endless":false,"potions_floor_spawned":[10,14,16,25,27,31,40,42,47],"killed_by":"Time Eater","ascension_level":10}