{"gold_per_floor":[115,127,127,127,127,168,191,141,141,91,110,124,202,47,47,47],"floor_reached":16,"playtime":1527,"items_purged":[],"score":100,"play_id":"32e57210-9f91-499c-9215-b037edd0841b","local_time":"20190108230800","is_ascension_mode":false,"campfire_choices":[{"floor":8,"key":"DIG"},{"floor":10,"key":"REST"},{"floor":15,"key":"DIG"}],"neow_cost":"NONE","seed_source_timestamp":19441258531235,"circlet_count":0,"master_deck":["Slimebound:Strike_Slimebound","Slimebound:Strike_Slimebound","Slimebound:Strike_Slimebound","Slimebound:Strike_Slimebound","Slimebound:Defend_Slimebound","Slimebound:Defend_Slimebound","Slimebound:Defend_Slimebound","Slimebound:Defend_Slimebound","Slimebound:Split","Slimebound:CorrosiveSpit","Slimebound:ComboTackle","Slimebound:SplitMire","Slimebound:CheckThePlaybook","Slimed","Slimebound:Chomp","Slimebound:Replication","Slimebound:SuperSplit","Slimebound:TendrilStrike","Slimebound:SlimeTap","Slimebound:LevelUp","Slimebound:QuickStudy"],"relics":["Slimebound:AbsorbEndCombat","Slimebound:GreedOozeRelic","Golden Idol","Shovel","Question Card","Meat on the Bone","Mercury Hourglass","Gambling Chip"],"potions_floor_usage":[16,16,16],"damage_taken":[{"damage":7,"enemies":"Jaw Worm","floor":1,"turns":5},{"damage":4,"enemies":"Small Slimes","floor":2,"turns":3},{"damage":47,"enemies":"Gremlin Nob","floor":6,"turns":4},{"damage":10,"enemies":"2 Louse","floor":7,"turns":2},{"damage":11,"enemies":"Looter","floor":11,"turns":1},{"damage":12,"enemies":"2 Fungi Beasts","floor":12,"turns":4},{"damage":43,"enemies":"3 Sentries","floor":13,"turns":6},{"damage":49,"enemies":"Hexaghost","floor":16,"turns":3}],"seed_played":"8510825081499865533","potions_obtained":[{"floor":2,"key":"Slimebound:SlimyTonguePotion"},{"floor":12,"key":"Ancient Potion"},{"floor":13,"key":"FearPotion"}],"is_trial":false,"path_per_floor":["M","M","?","?","?","E","M","R","T","R","M","M","?","$","R","B"],"character_chosen":"SLIMEBOUND","items_purchased":["Slimebound:LevelUp","Slimebound:QuickStudy"],"campfire_rested":1,"item_purchase_floors":[14,14],"current_hp_per_floor":[66,66,66,66,50,14,14,14,14,33,40,55,46,46,46,0],"gold":47,"neow_bonus":"TEN_PERCENT_HP_BONUS","is_prod":false,"is_daily":false,"chose_seed":false,"campfire_upgraded":0,"win_rate":0.0,"timestamp":1547017680,"path_taken":["M","M","?","?","?","E","M","R","T","R","M","M","?","?","R","BOSS"],"build_version":"2019-01-03v4","purchased_purges":0,"victory":false,"max_hp_per_floor":[66,66,66,66,66,66,66,66,66,66,66,66,66,66,66,66],"card_choices":[{"not_picked":["Slimebound:ViciousTackle","Slimebound:PoisonLick"],"picked":"Slimebound:ComboTackle","floor":1},{"not_picked":["Slimebound:FlameTackle","Slimebound:SplitBruiser"],"picked":"Slimebound:SplitMire","floor":2},{"not_picked":["Slimebound:VenomTackle","Slimebound:SlimeSpikes"],"picked":"Slimebound:Chomp","floor":6},{"not_picked":["Slimebound:ViciousTackle","Slimebound:VenomTackle"],"picked":"Slimebound:Replication","floor":7},{"not_picked":["Slimebound:FinishingTackle","Slimebound:RejuvenatingLick","Slimebound:LeechEnergy"],"picked":"Slimebound:SuperSplit","floor":11},{"not_picked":["Slimebound:SamplingLick","Slimebound:HauntingLick","Slimebound:ProtectTheBoss"],"picked":"Slimebound:TendrilStrike","floor":12},{"not_picked":["Slimebound:PoisonLick","Slimebound:FormOfPuddle","Slimebound:FinishingTackle"],"picked":"Slimebound:SlimeTap","floor":13}],"player_experience":218182,"relics_obtained":[{"floor":6,"key":"Shovel"},{"floor":8,"key":"Question Card"},{"floor":9,"key":"Meat on the Bone"},{"floor":13,"key":"Mercury Hourglass"},{"floor":15,"key":"Gambling Chip"}],"event_choices":[{"damage_healed":0,"gold_gain":0,"player_choice":"Take Damage","damage_taken":16,"relics_obtained":["Golden Idol"],"max_hp_gain":0,"max_hp_loss":0,"event_name":"Golden Idol","floor":5,"gold_loss":0},{"damage_healed":0,"gold_gain":0,"player_choice":"Searched \u00271\u0027 times","damage_taken":0,"max_hp_gain":0,"max_hp_loss":0,"event_name":"Dead Adventurer","floor":13,"gold_loss":0}],"is_beta":false,"boss_relics":[],"items_purged_floors":[],"is_endless":false,"potions_floor_spawned":[2,12,13],"killed_by":"Hexaghost","ascension_level":0}