{"gold_per_floor":[112,112,124,124,136,136,136,136,187,221,237,237,271,19,19,120,120,136,236,236,536,133,160,160,160,184,184,218,228,238,238,238,335,335,350,450,503,93,112,145,145,145,145,145,145,173,205,62,62,62],"floor_reached":51,"playtime":6447,"items_purged":["Strike_G","Tempest","Recycle"],"score":998,"play_id":"7520a8c2-8851-43db-bf6b-0a78cadae3cf","local_time":"20190417005412","daily_mods":["Blue Cards","Heirloom","Flight"],"is_ascension_mode":false,"campfire_choices":[{"data":"Cloak And Dagger","floor":6.0,"key":"SMITH"},{"data":"Survivor","floor":7.0,"key":"SMITH"},{"data":"Hologram","floor":8.0,"key":"SMITH"},{"data":"A Thousand Cuts","floor":12.0,"key":"SMITH"},{"data":"Chrysalis","floor":15.0,"key":"SMITH"},{"data":"Steam Power","floor":24.0,"key":"SMITH"},{"data":"Corpse Explosion","floor":25.0,"key":"SMITH"},{"data":"Turbo","floor":27.0,"key":"SMITH"},{"data":"Burst","floor":32.0,"key":"SMITH"},{"data":"After Image","floor":41.0,"key":"SMITH"},{"floor":42.0,"key":"REST"},{"data":"Skim","floor":44.0,"key":"SMITH"},{"data":"Panache","floor":49,"key":"SMITH"}],"neow_cost":"","seed_source_timestamp":0,"circlet_count":0,"master_deck":["Survivor+1","Neutralize+1","Hologram+1","Cloak And Dagger+1","A Thousand Cuts+1","Chrysalis+1","Corpse Explosion+1","Deflect+1","Conserve Battery+1","Turbo+1","Ball Lightning","Calculated Gamble","Heatsinks","Compile Driver+1","Steam Power+1","Endless Agony","Core Surge+1","Burst+1","After Image+1","Skim+1","Outmaneuver+1","Blade Dance+1","Finesse","Panache+1"],"special_seed":0,"relics":["Ring of the Snake","Bird Faced Urn","PreservedInsect","Dream Catcher","Pocketwatch","Pandora\u0027s Box","StoneCalendar","Pantograph","Old Coin","War Paint","Potion Belt","Strawberry","The Courier","MutagenicStrength","FossilizedHelix","Dead Branch","Whetstone","Mercury Hourglass","Gremlin Horn","Boot","Toxic Egg 2","Thread and Needle"],"potions_floor_usage":[],"damage_taken":[{"damage":0.0,"enemies":"Jaw Worm","floor":1.0,"turns":5.0},{"damage":0.0,"enemies":"Cultist","floor":3.0,"turns":3.0},{"damage":1.0,"enemies":"Small Slimes","floor":5.0,"turns":4.0},{"damage":8.0,"enemies":"3 Sentries","floor":10.0,"turns":8.0},{"damage":1.0,"enemies":"Red Slaver","floor":11.0,"turns":4.0},{"damage":19.0,"enemies":"Gremlin Nob","floor":13.0,"turns":4.0},{"damage":9.0,"enemies":"Slime Boss","floor":16.0,"turns":8.0},{"damage":2.0,"enemies":"Shell Parasite","floor":18.0,"turns":6.0},{"damage":11.0,"enemies":"Colosseum Slavers","floor":19.0,"turns":5.0},{"damage":2.0,"enemies":"Colosseum Nobs","floor":19.0,"turns":3.0},{"damage":13.0,"enemies":"Gremlin Leader","floor":23.0,"turns":5.0},{"damage":10.0,"enemies":"Book of Stabbing","floor":28.0,"turns":5.0},{"damage":0.0,"enemies":"3 Byrds","floor":29.0,"turns":2.0},{"damage":0.0,"enemies":"Snake Plant","floor":30.0,"turns":4.0},{"damage":0.0,"enemies":"Champ","floor":33.0,"turns":13.0},{"damage":0.0,"enemies":"Orb Walker","floor":35.0,"turns":3.0},{"damage":0.0,"enemies":"Mind Bloom Boss Battle","floor":36.0,"turns":5.0},{"damage":27.0,"enemies":"2 Orb Walkers","floor":37.0,"turns":4.0},{"damage":0.0,"enemies":"3 Darklings","floor":39.0,"turns":1.0},{"damage":16.0,"enemies":"Reptomancer","floor":40.0,"turns":6.0},{"damage":0.0,"enemies":"Nemesis","floor":46.0,"turns":5.0},{"damage":0.0,"enemies":"Giant Head","floor":47.0,"turns":5.0},{"damage":29,"enemies":"Awakened One","floor":50,"turns":13}],"seed_played":"-4048757130168387871","potions_obtained":[{"floor":3.0,"key":"Poison Potion"},{"floor":4.0,"key":"Regen Potion"},{"floor":4.0,"key":"Energy Potion"},{"floor":16.0,"key":"GhostInAJar"},{"floor":28.0,"key":"PowerPotion"},{"floor":29.0,"key":"Weak Potion"},{"floor":35.0,"key":"Poison Potion"},{"floor":36.0,"key":"Swift Potion"},{"floor":40.0,"key":"LiquidBronze"}],"is_trial":true,"path_per_floor":["M","?","M","?","M","R","R","R","T","E","M","R","E","$","R","B",null,"M","?","?","T","$","E","R","R","T","R","E","M","M","?","R","B",null,"M","?","?","$","M","E","R","R","T","R","?","E","E","$","R","B",null],"character_chosen":"THE_SILENT","items_purchased":["Chrysalis","War Paint","Core Surge","Whetstone","Mercury Hourglass","Panache"],"campfire_rested":1,"item_purchase_floors":[14,22,22,38,38,48],"current_hp_per_floor":[70,70,70,70,69,69,69,69,69,61,62,62,45,45,45,53,70,68,61,61,61,61,52,52,52,59,59,53,55,59,59,59,77,77,77,77,54,54,56,44,44,67,67,67,67,73,77,77,77,55],"gold":62,"neow_bonus":"","is_prod":false,"is_daily":false,"chose_seed":false,"campfire_upgraded":12,"win_rate":0,"timestamp":1555476852,"path_taken":["M","?","?","?","M","R","R","R","T","E","?","R","E","$","R","BOSS","M","?","?","?","$","E","R","R","T","R","E","M","?","?","R","BOSS","M","?","?","?","?","E","R","R","T","R","?","E","E","$","R","BOSS"],"build_version":"2019-01-23","purchased_purges":3,"victory":true,"max_hp_per_floor":[70,70,70,70,70,70,70,70,70,70,70,70,70,70,70,70,70,70,70,70,70,70,70,70,70,77,77,77,77,77,77,77,77,77,77,77,77,77,77,77,77,77,77,77,77,77,77,77,77,77],"card_choices":[{"not_picked":["Double Energy","Catalyst"],"picked":"Hologram","floor":1.0},{"not_picked":["Prepared","Blade Dance"],"picked":"Cloak And Dagger","floor":3.0},{"not_picked":["Prepared","Sunder","Double Energy"],"picked":"SKIP","floor":5.0},{"not_picked":["Gash","Core Surge"],"picked":"A Thousand Cuts","floor":10.0},{"not_picked":["Riddle With Holes","Flechettes","Finisher"],"picked":"SKIP","floor":11.0},{"not_picked":["Dagger Throw","Rip and Tear","Prepared"],"picked":"SKIP","floor":13.0},{"not_picked":["Grand Finale","Doppelganger"],"picked":"Corpse Explosion","floor":16.0},{"not_picked":["Gash","Poisoned Stab+1"],"picked":"Steam Power","floor":18.0},{"not_picked":["Flying Knee+1","Turbo"],"picked":"Endless Agony","floor":19.0},{"not_picked":["Doom and Gloom","Crippling Poison","Beam Cell"],"picked":"SKIP","floor":23.0},{"not_picked":["Skewer","Melter"],"picked":"Burst","floor":28.0},{"not_picked":["Prepared","Poisoned Stab","Calculated Gamble+1"],"picked":"SKIP","floor":29.0},{"not_picked":["Sweeping Beam","Beam Cell","Deflect"],"picked":"SKIP","floor":30.0},{"not_picked":["Venomology","Die Die Die"],"picked":"After Image","floor":33.0},{"not_picked":["Well Laid Plans+1","Coolheaded"],"picked":"Skim","floor":35.0},{"not_picked":["Leap","Blade Dance"],"picked":"Outmaneuver+1","floor":37.0},{"not_picked":["Prepared+1","Streamline+1","Barrage+1"],"picked":"SKIP","floor":39.0},{"not_picked":["Tempest","Dagger Throw+1","Creative AI"],"picked":"SKIP","floor":40.0},{"not_picked":["Go for the Eyes","Calculated Gamble+1"],"picked":"Blade Dance+1","floor":42.0},{"not_picked":["PanicButton","Good Instincts"],"picked":"Finesse","floor":45.0},{"not_picked":["Capacitor","Poisoned Stab","Deadly Poison"],"picked":"SKIP","floor":46.0},{"not_picked":["Backflip+1","Electrodynamics","Cold Snap"],"picked":"SKIP","floor":47.0}],"player_experience":113632,"relics_obtained":[{"floor":9.0,"key":"PreservedInsect"},{"floor":10.0,"key":"Dream Catcher"},{"floor":13.0,"key":"Pocketwatch"},{"floor":19.0,"key":"StoneCalendar"},{"floor":19.0,"key":"Pantograph"},{"floor":21.0,"key":"Old Coin"},{"floor":23.0,"key":"Potion Belt"},{"floor":26.0,"key":"Strawberry"},{"floor":28.0,"key":"The Courier"},{"floor":36.0,"key":"FossilizedHelix"},{"floor":37.0,"key":"Dead Branch"},{"floor":40.0,"key":"Gremlin Horn"},{"floor":43.0,"key":"Boot"},{"floor":46.0,"key":"Toxic Egg 2"},{"floor":47.0,"key":"Thread and Needle"}],"event_choices":[{"damage_healed":0.0,"max_hp_gain":0.0,"max_hp_loss":0.0,"gold_gain":0.0,"event_name":"Upgrade Shrine","player_choice":"Upgraded","floor":2.0,"gold_loss":0.0,"damage_taken":0.0,"cards_upgraded":["Neutralize"]},{"damage_healed":0.0,"max_hp_gain":0.0,"max_hp_loss":0.0,"gold_gain":0.0,"event_name":"Lab","player_choice":"Got Potions","floor":4.0,"gold_loss":0.0,"damage_taken":0.0},{"damage_healed":0.0,"max_hp_gain":0.0,"max_hp_loss":0.0,"gold_gain":0.0,"event_name":"Colosseum","player_choice":"Fight","floor":19.0,"gold_loss":0.0,"damage_taken":0.0},{"damage_healed":0.0,"max_hp_gain":0.0,"max_hp_loss":0.0,"gold_gain":0.0,"event_name":"Colosseum","player_choice":"Fought Nobs","floor":19.0,"gold_loss":0.0,"damage_taken":0.0},{"damage_healed":0.0,"max_hp_gain":0.0,"max_hp_loss":0.0,"gold_gain":0.0,"event_name":"The Mausoleum","player_choice":"Ignored","floor":20.0,"gold_loss":0.0,"damage_taken":0.0},{"damage_healed":0.0,"max_hp_gain":0.0,"max_hp_loss":0.0,"gold_gain":0.0,"event_name":"Drug Dealer","player_choice":"Inject Mutagens","floor":31.0,"gold_loss":0.0,"damage_taken":0.0,"relics_obtained":["MutagenicStrength"]},{"damage_healed":0.0,"max_hp_gain":0.0,"max_hp_loss":0.0,"gold_gain":0.0,"event_name":"MindBloom","player_choice":"Fight","floor":36.0,"gold_loss":0.0,"damage_taken":0.0},{"damage_healed":0.0,"max_hp_gain":0.0,"max_hp_loss":0.0,"gold_gain":0.0,"event_name":"Mysterious Sphere","player_choice":"Fight","floor":37.0,"gold_loss":0.0,"damage_taken":0.0},{"damage_healed":0.0,"max_hp_gain":0.0,"max_hp_loss":0.0,"gold_gain":0.0,"event_name":"SensoryStone","player_choice":"Memory 1","floor":45.0,"gold_loss":0.0,"damage_taken":0.0}],"is_beta":false,"boss_relics":[{"not_picked":["Calling Bell","Ectoplasm"],"picked":"Pandora\u0027s Box"},{"not_picked":["Tiny House","Runic Pyramid","Sozu"]}],"items_purged_floors":[14,22,38],"is_endless":false,"potions_floor_spawned":[3,5,16,19,28,29,35,36,40],"ascension_level":0}