{"gold_per_floor":[115,115,40,51,66,101,101,117,192,206,206,238,250,284,284,363,363,377,277,288,303,303,303,331,14,14,14,114,114,124,124,124,199,199,215,315,315,332,345,345,358,358,358,358,372,372,405,420,420,420,420,420,420,21,54,54],"floor_reached":56,"playtime":3126,"items_purged":["Strike_G","Strike_G","Strike_G"],"score":2034,"play_id":"57331f13-8851-412b-95f3-1973e914f30d","local_time":"20190405104256","is_ascension_mode":true,"campfire_choices":[{"data":"Quick Slash","floor":11.0,"key":"SMITH"},{"data":"Neutralize","floor":15.0,"key":"SMITH"},{"data":"Wraith Form v2","floor":23.0,"key":"SMITH"},{"data":"Caltrops","floor":29.0,"key":"SMITH"},{"data":"Neutralize","floor":32.0,"key":"SMITH"},{"data":"Apotheosis","floor":40.0,"key":"SMITH"},{"data":"Tools of the Trade","floor":42.0,"key":"SMITH"},{"data":"Catalyst","floor":44.0,"key":"SMITH"},{"data":"Skewer","floor":46.0,"key":"SMITH"},{"floor":49.0,"key":"RECALL"},{"data":"After Image","floor":53.0,"key":"SMITH"}],"neow_cost":"NONE","seed_source_timestamp":0,"circlet_count":0,"master_deck":["AscendersBane","Defend_G","Defend_G","Defend_G","Defend_G","Defend_G","Strike_G","Strike_G","Survivor","Neutralize+1","Riddle With Holes","Neutralize+1","Quick Slash+1","Corpse Explosion","Dodge and Roll","Caltrops+1","Dagger Spray","Leg Sweep","Backflip","Leg Sweep","Wraith Form v2+1","Blur","Crippling Poison","Bouncing Flask","Tools of the Trade+1","Catalyst+1","Apotheosis+1","PiercingWail","Skewer+1","After Image+1","Footwork","Master of Strategy"],"special_seed":0,"relics":["Velvet Choker","Bird Faced Urn","Sundial","Bottled Flame","FossilizedHelix","Ice Cream","Sozu","Juzu Bracelet","Gambling Chip","Gremlin Horn","Bag of Marbles","Unceasing Top","Dodecahedron","MutagenicStrength","Eternal Feather","Mango","Snake Skull","Mummified Hand"],"potions_floor_usage":[],"damage_taken":[{"damage":0.0,"enemies":"Small Slimes","floor":1.0,"turns":4.0},{"damage":0.0,"enemies":"Cultist","floor":4.0,"turns":3.0},{"damage":0.0,"enemies":"Jaw Worm","floor":5.0,"turns":4.0},{"damage":0.0,"enemies":"3 Sentries","floor":6.0,"turns":3.0},{"damage":17.0,"enemies":"Large Slime","floor":8.0,"turns":5.0},{"damage":1.0,"enemies":"Red Slaver","floor":10.0,"turns":4.0},{"damage":13.0,"enemies":"Lagavulin","floor":12.0,"turns":6.0},{"damage":0.0,"enemies":"Blue Slaver","floor":13.0,"turns":3.0},{"damage":1.0,"enemies":"3 Sentries","floor":14.0,"turns":7.0},{"damage":34.0,"enemies":"Slime Boss","floor":16.0,"turns":14.0},{"damage":0.0,"enemies":"Spheric Guardian","floor":18.0,"turns":5.0},{"damage":0.0,"enemies":"3 Byrds","floor":20.0,"turns":3.0},{"damage":0.0,"enemies":"Sentry and Sphere","floor":21.0,"turns":6.0},{"damage":26.0,"enemies":"Slavers","floor":24.0,"turns":3.0},{"damage":0.0,"enemies":"Colosseum Slavers","floor":28.0,"turns":2.0},{"damage":0.0,"enemies":"Colosseum Nobs","floor":28.0,"turns":4.0},{"damage":0.0,"enemies":"Centurion and Healer","floor":30.0,"turns":6.0},{"damage":0.0,"enemies":"Automaton","floor":33.0,"turns":10.0},{"damage":0.0,"enemies":"3 Shapes","floor":35.0,"turns":5.0},{"damage":14.0,"enemies":"Mind Bloom Boss Battle","floor":36.0,"turns":7.0},{"damage":9.0,"enemies":"3 Darklings","floor":38.0,"turns":4.0},{"damage":0.0,"enemies":"Jaw Worm Horde","floor":39.0,"turns":4.0},{"damage":41.0,"enemies":"Spire Growth","floor":41.0,"turns":5.0},{"damage":0.0,"enemies":"4 Shapes","floor":45.0,"turns":4.0},{"damage":0.0,"enemies":"Nemesis","floor":47.0,"turns":5.0},{"damage":0.0,"enemies":"Maw","floor":48.0,"turns":6.0},{"damage":25.0,"enemies":"Awakened One","floor":50.0,"turns":17.0},{"damage":42.0,"enemies":"Donu and Deca","floor":51.0,"turns":8.0},{"damage":53,"enemies":"Shield and Spear","floor":55,"turns":5},{"damage":36,"enemies":"The Heart","floor":56,"turns":2}],"seed_played":"886888067618105540","potions_obtained":[{"floor":1.0,"key":"AttackPotion"},{"floor":5.0,"key":"Strength Potion"},{"floor":10.0,"key":"Fire Potion"},{"floor":13.0,"key":"Ancient Potion"}],"is_trial":false,"path_per_floor":["M","?","$","M","M","E","T","M","T","M","R","E","M","E","R","B",null,"M","$","M","M","?","R","E","$","T","?","?","R","M","?","R","B",null,"M","?","?","M","M","R","M","R","T","R","M","R","E","M","R","B","B",null,"R","$","E","B"],"character_chosen":"THE_SILENT","items_purchased":["Gambling Chip","Footwork","Master of Strategy"],"campfire_rested":0,"item_purchase_floors":[25,54,54],"current_hp_per_floor":[59,59,59,59,59,59,59,42,42,43,43,32,34,33,33,1,50,52,52,52,56,56,56,32,32,32,32,36,36,40,40,40,44,61,65,70,70,65,69,80,39,54,54,69,71,80,80,80,80,59,25,66,80,80,31,0],"gold":54,"neow_bonus":"BOSS_RELIC","is_prod":false,"is_daily":false,"chose_seed":false,"campfire_upgraded":10,"win_rate":0,"timestamp":1554457376,"path_taken":["M","?","?","?","M","E","?","?","T","M","R","E","M","E","R","BOSS","M","$","M","M","?","R","E","$","T","?","?","R","M","?","R","BOSS","M","?","?","M","M","R","M","R","T","R","M","R","E","M","R","BOSS","BOSS","R","$","E","BOSS"],"build_version":"2019-01-23","purchased_purges":3,"victory":false,"max_hp_per_floor":[66,66,66,66,66,66,66,66,66,66,66,66,66,66,66,66,66,66,66,66,66,66,66,66,66,66,66,66,66,66,66,66,66,66,66,80,80,80,80,80,80,80,80,80,80,80,80,80,80,80,80,80,80,80,80,80],"card_choices":[{"not_picked":["Backstab","Endless Agony"],"picked":"Riddle With Holes","floor":1.0},{"not_picked":["Sucker Punch","Dagger Throw"],"picked":"Dodge and Roll","floor":4.0},{"not_picked":["Reflex","Cloak And Dagger"],"picked":"Caltrops","floor":5.0},{"not_picked":["Finisher","Poisoned Stab"],"picked":"Dagger Spray","floor":6.0},{"not_picked":["Blade Dance","Tactician","Underhanded Strike"],"picked":"SKIP","floor":8.0},{"not_picked":["Bane","Slice"],"picked":"Leg Sweep","floor":10.0},{"not_picked":["Eviscerate","Bane"],"picked":"Backflip","floor":12.0},{"not_picked":["Prepared","Skewer"],"picked":"Leg Sweep","floor":13.0},{"not_picked":["Backflip","Calculated Gamble","Dagger Throw"],"picked":"SKIP","floor":14.0},{"not_picked":["Grand Finale","Die Die Die"],"picked":"Wraith Form v2","floor":16.0},{"not_picked":["Acrobatics+1","Expertise+1"],"picked":"Blur","floor":18.0},{"not_picked":["Cloak And Dagger","Quick Slash","Dodge and Roll"],"picked":"SKIP","floor":20.0},{"not_picked":["Backstab","Catalyst"],"picked":"Crippling Poison","floor":21.0},{"not_picked":["Poisoned Stab","Blade Dance","Tactician"],"picked":"SKIP","floor":24.0},{"not_picked":["Riddle With Holes","Underhanded Strike","Dodge and Roll"],"picked":"SKIP","floor":30.0},{"not_picked":["Grand Finale","Bullet Time"],"picked":"Tools of the Trade","floor":33.0},{"not_picked":["Deadly Poison","Tactician+1","Predator"],"picked":"SKIP","floor":35.0},{"not_picked":["Dodge and Roll","Deadly Poison"],"picked":"Catalyst","floor":36.0},{"not_picked":["Dramatic Entrance","Swift Strike"],"picked":"Apotheosis","floor":37.0},{"not_picked":["Sucker Punch","Quick Slash","Slice"],"picked":"SKIP","floor":38.0},{"not_picked":["Dagger Spray","Tactician","Quick Slash"],"picked":"SKIP","floor":39.0},{"not_picked":["Backflip","Outmaneuver"],"picked":"PiercingWail","floor":41.0},{"not_picked":["Infinite Blades+1","Cloak And Dagger"],"picked":"Skewer","floor":45.0},{"not_picked":["Sucker Punch","Deadly Poison","Slice+1"],"picked":"SKIP","floor":47.0},{"not_picked":["Cloak And Dagger","Sucker Punch"],"picked":"After Image","floor":48.0},{"not_picked":["Slice","Quick Slash","Cloak And Dagger"],"picked":"SKIP","floor":55}],"player_experience":1295142,"relics_obtained":[{"floor":6.0,"key":"Bird Faced Urn"},{"floor":7.0,"key":"Sundial"},{"floor":9.0,"key":"Bottled Flame"},{"floor":12.0,"key":"FossilizedHelix"},{"floor":14.0,"key":"Ice Cream"},{"floor":24.0,"key":"Juzu Bracelet"},{"floor":26.0,"key":"Gremlin Horn"},{"floor":28.0,"key":"Unceasing Top"},{"floor":28.0,"key":"Dodecahedron"},{"floor":36.0,"key":"Mango"},{"floor":47.0,"key":"Snake Skull"},{"floor":55,"key":"Mummified Hand"}],"event_choices":[{"damage_healed":0.0,"max_hp_gain":0.0,"max_hp_loss":0.0,"gold_gain":0.0,"event_name":"Match and Keep!","player_choice":"3 cards matched","floor":2.0,"gold_loss":0.0,"damage_taken":0.0,"cards_obtained":["Neutralize","Quick Slash","Corpse Explosion"]},{"damage_healed":0.0,"max_hp_gain":0.0,"max_hp_loss":0.0,"gold_gain":0.0,"event_name":"The Library","player_choice":"Read","floor":22.0,"gold_loss":0.0,"damage_taken":0.0,"cards_obtained":["Bouncing Flask"]},{"damage_healed":0.0,"max_hp_gain":0.0,"max_hp_loss":0.0,"gold_gain":0.0,"event_name":"WeMeetAgain","player_choice":"Gave Potion","floor":27.0,"gold_loss":0.0,"damage_taken":0.0,"relics_obtained":["Bag of Marbles"]},{"damage_healed":0.0,"max_hp_gain":0.0,"max_hp_loss":0.0,"gold_gain":0.0,"event_name":"Colosseum","player_choice":"Fight","floor":28.0,"gold_loss":0.0,"damage_taken":0.0},{"damage_healed":0.0,"max_hp_gain":0.0,"max_hp_loss":0.0,"gold_gain":0.0,"event_name":"Colosseum","player_choice":"Fought Nobs","floor":28.0,"gold_loss":0.0,"damage_taken":0.0},{"damage_healed":0.0,"max_hp_gain":0.0,"max_hp_loss":0.0,"gold_gain":0.0,"event_name":"Drug Dealer","player_choice":"Inject Mutagens","floor":31.0,"gold_loss":0.0,"damage_taken":0.0,"relics_obtained":["MutagenicStrength"]},{"damage_healed":0.0,"max_hp_gain":0.0,"max_hp_loss":0.0,"gold_gain":0.0,"event_name":"MindBloom","player_choice":"Fight","floor":36.0,"gold_loss":0.0,"damage_taken":0.0},{"damage_healed":0.0,"max_hp_gain":0.0,"max_hp_loss":0.0,"gold_gain":0.0,"event_name":"SensoryStone","player_choice":"Memory 1","floor":37.0,"gold_loss":0.0,"damage_taken":0.0}],"is_beta":false,"boss_relics":[{"not_picked":["Astrolabe","Black Star"],"picked":"Sozu"},{"not_picked":["Tiny House","Empty Cage"],"picked":"Eternal Feather"}],"items_purged_floors":[3,19,54],"is_endless":false,"potions_floor_spawned":[1,5,10,13,16,18,20,24,33,35,39,47],"killed_by":"The Heart","ascension_level":20}