{"gold_per_floor":[17,17,34,50,70,70,96,96,142,142,142,161,178,210,210,283,283,296,296,308,308,321,321,205,255,305,333,333],"floor_reached":28,"playtime":1326,"items_purged":["Pain"],"score":521,"play_id":"c2838ff1-3f56-4377-a534-1f69095bad18","local_time":"20190305192459","is_ascension_mode":true,"campfire_choices":[{"data":"Neutralize","floor":6.0,"key":"SMITH"},{"floor":8.0,"key":"REST"},{"data":"Predator","floor":10.0,"key":"SMITH"},{"floor":15.0,"key":"REST"},{"data":"Bullet Time","floor":23,"key":"SMITH"}],"neow_cost":"NO_GOLD","seed_source_timestamp":376638897738700,"circlet_count":0,"master_deck":["AscendersBane","Defend_G","Defend_G","Defend_G","Defend_G","Survivor","Neutralize+1","Quick Slash","Leg Sweep","Poisoned Stab","Poisoned Stab","Predator+1","Flechettes","Sucker Punch","Deflect","Bullet Time+1","Bite","Bite","Bite","Bite","Bite","Dagger Throw","Well Laid Plans","Footwork+1"],"special_seed":0,"relics":["Ring of the Serpent","WarpedTongs","Meat on the Bone","Ancient Tea Set","Oddly Smooth Stone","Dream Catcher","Letter Opener"],"potions_floor_usage":[22,27,27],"damage_taken":[{"damage":2.0,"enemies":"2 Louse","floor":1.0,"turns":3.0},{"damage":3.0,"enemies":"Cultist","floor":3.0,"turns":4.0},{"damage":2.0,"enemies":"Small Slimes","floor":4.0,"turns":3.0},{"damage":5.0,"enemies":"Red Slaver","floor":5.0,"turns":4.0},{"damage":23.0,"enemies":"Lagavulin","floor":7.0,"turns":6.0},{"damage":2.0,"enemies":"Blue Slaver","floor":12.0,"turns":2.0},{"damage":6.0,"enemies":"Looter","floor":13.0,"turns":3.0},{"damage":22.0,"enemies":"3 Sentries","floor":14.0,"turns":9.0},{"damage":23.0,"enemies":"The Guardian","floor":16.0,"turns":12.0},{"damage":10.0,"enemies":"Shell Parasite","floor":18.0,"turns":8.0},{"damage":24.0,"enemies":"Spheric Guardian","floor":20.0,"turns":7.0},{"damage":30,"enemies":"Snake Plant","floor":22,"turns":4},{"damage":43,"enemies":"Gremlin Leader","floor":27,"turns":11},{"damage":19,"enemies":"Cultist and Chosen","floor":28,"turns":5}],"seed_played":"5112536188353841067","potions_obtained":[{"floor":4.0,"key":"SkillPotion"},{"floor":7.0,"key":"GhostInAJar"},{"floor":11.0,"key":"SkillPotion"},{"floor":16.0,"key":"PowerPotion"},{"floor":22,"key":"SpeedPotion"}],"is_trial":false,"path_per_floor":["M","?","M","M","M","R","E","R","T","R","?","M","M","E","R","B",null,"M","?","M","?","M","R","$","?","T","E","M"],"character_chosen":"THE_SILENT","items_purchased":["Well Laid Plans"],"campfire_rested":2,"item_purchase_floors":[24],"current_hp_per_floor":[57,57,54,52,47,47,24,43,43,43,43,41,35,25,44,33,58,48,46,37,37,32,32,32,32,32,17,8],"gold":333,"neow_bonus":"REMOVE_TWO","is_prod":false,"is_daily":false,"chose_seed":false,"campfire_upgraded":3,"win_rate":0,"timestamp":1551813899,"path_taken":["M","?","M","?","M","R","E","R","T","R","?","M","?","E","R","BOSS","M","?","M","?","M","R","$","?","T","E","M"],"build_version":"2019-01-23","purchased_purges":1,"victory":false,"max_hp_per_floor":[66,66,66,66,66,66,66,66,66,66,66,66,66,66,66,66,66,66,46,46,46,46,46,46,46,46,46,46],"card_choices":[{"not_picked":["Acrobatics","Eviscerate"],"picked":"Quick Slash","floor":1.0},{"not_picked":["Acrobatics","Catalyst"],"picked":"Leg Sweep","floor":3.0},{"not_picked":["Calculated Gamble","Catalyst"],"picked":"Poisoned Stab","floor":4.0},{"not_picked":["Dodge and Roll","Underhanded Strike"],"picked":"Poisoned Stab","floor":5.0},{"not_picked":["Bouncing Flask","Underhanded Strike"],"picked":"Predator","floor":7.0},{"not_picked":["Acrobatics","Escape Plan"],"picked":"Flechettes","floor":12.0},{"not_picked":["Blade Dance","Dodge and Roll"],"picked":"Sucker Punch","floor":13.0},{"not_picked":["Blade Dance","Outmaneuver"],"picked":"Deflect","floor":14.0},{"not_picked":["Wraith Form v2","Envenom"],"picked":"Bullet Time","floor":16.0},{"not_picked":["Sucker Punch","Reflex","Underhanded Strike"],"picked":"SKIP","floor":18.0},{"not_picked":["Bane","Eviscerate","Blade Dance"],"picked":"SKIP","floor":20.0},{"not_picked":["Slice","Dodge and Roll"],"picked":"Dagger Throw","floor":22},{"not_picked":["Heel Hook","Blur"],"picked":"Footwork+1","floor":27}],"player_experience":1233691,"relics_obtained":[{"floor":7.0,"key":"Meat on the Bone"},{"floor":9.0,"key":"Ancient Tea Set"},{"floor":14.0,"key":"Oddly Smooth Stone"},{"floor":26,"key":"Dream Catcher"},{"floor":27,"key":"Letter Opener"}],"event_choices":[{"damage_healed":0.0,"max_hp_gain":0.0,"max_hp_loss":0.0,"gold_gain":0.0,"event_name":"Accursed Blacksmith","player_choice":"Rummage","floor":2.0,"gold_loss":0.0,"damage_taken":0.0,"relics_obtained":["WarpedTongs"],"cards_obtained":["Pain"]},{"damage_healed":0.0,"max_hp_gain":0.0,"max_hp_loss":0.0,"gold_gain":0.0,"event_name":"Lab","player_choice":"Got Potions","floor":11.0,"gold_loss":0.0,"damage_taken":0.0},{"damage_healed":0.0,"max_hp_gain":0.0,"max_hp_loss":20.0,"gold_gain":0.0,"event_name":"Vampires","player_choice":"Became a vampire","floor":19.0,"gold_loss":0.0,"damage_taken":0.0,"cards_obtained":["Bite","Bite","Bite","Bite","Bite"]},{"damage_healed":0.0,"max_hp_gain":0.0,"max_hp_loss":0.0,"gold_gain":0.0,"event_name":"Ghosts","player_choice":"Ignored","floor":21.0,"gold_loss":0.0,"damage_taken":0.0},{"damage_healed":0,"gold_gain":50,"player_choice":"Pray","damage_taken":0,"max_hp_gain":0,"max_hp_loss":0,"event_name":"Golden Shrine","floor":25,"gold_loss":0}],"is_beta":false,"boss_relics":[{"not_picked":["Sozu","Orrery"],"picked":"Ring of the Serpent"}],"items_purged_floors":[24],"is_endless":false,"potions_floor_spawned":[4,7,12,16,22],"killed_by":"Cultist and Chosen","ascension_level":20}