{"gold_per_floor":[112,125,125,143,68,99,99,99,99,99,135,135,135,160,160,284,284,305,285,310,331,331],"floor_reached":22,"playtime":2173,"items_purged":["Strike_G"],"score":204,"play_id":"6f89383d-42c4-43ef-8f74-4904c44fcef4","local_time":"20190422032110","is_ascension_mode":true,"campfire_choices":[{"data":"Madness","floor":7,"key":"SMITH"},{"floor":10,"key":"REST"},{"floor":13,"key":"REST"},{"data":"Noxious Fumes","floor":15,"key":"SMITH"}],"neow_cost":"NONE","seed_source_timestamp":197916928909098,"circlet_count":0,"master_deck":["Defend_G+1","Defend_G","Defend_G+1","Defend_G","Strike_G","Strike_G","Strike_G","Survivor","Neutralize","Flying Knee","Slice","Madness+1","Blur","Bullet Time","Noxious Fumes+1","Parasite","Backflip","Adrenaline","Acrobatics","Blade Dance+1","Footwork"],"relics":["Ring of the Snake","War Paint","Golden Idol","Juzu Bracelet","Bag of Marbles","Empty Cage"],"potions_floor_usage":[11,16,22],"damage_taken":[{"damage":1,"enemies":"Cultist","floor":1,"turns":4},{"damage":0,"enemies":"Small Slimes","floor":2,"turns":3},{"damage":0,"enemies":"Jaw Worm","floor":4,"turns":3},{"damage":32,"enemies":"3 Sentries","floor":6,"turns":14},{"damage":49,"enemies":"Lagavulin","floor":11,"turns":18},{"damage":4,"enemies":"2 Fungi Beasts","floor":14,"turns":5},{"damage":44,"enemies":"Hexaghost","floor":16,"turns":12},{"damage":7,"enemies":"Chosen","floor":18,"turns":6},{"damage":16,"enemies":"3 Byrds","floor":20,"turns":6},{"damage":18,"enemies":"Snake Plant","floor":21,"turns":6},{"damage":63,"enemies":"Cultist and Chosen","floor":22,"turns":8}],"seed_played":"6887309104024614176","potions_obtained":[{"floor":4,"key":"EssenceOfSteel"},{"floor":6,"key":"GhostInAJar"},{"floor":16,"key":"Regen Potion"},{"floor":19,"key":"SteroidPotion"},{"floor":20,"key":"Energy Potion"},{"floor":21,"key":"Explosive Potion"}],"is_trial":false,"path_per_floor":["M","M","?","M","$","E","R","?","T","R","E","?","R","M","R","B",null,"M","?","M","M","M"],"character_chosen":"THE_SILENT","items_purchased":[],"campfire_rested":2,"item_purchase_floors":[],"current_hp_per_floor":[76,76,76,76,76,44,44,44,44,65,16,33,54,50,50,6,71,64,64,48,30,0],"gold":331,"neow_bonus":"TEN_PERCENT_HP_BONUS","is_prod":false,"is_daily":false,"chose_seed":false,"campfire_upgraded":2,"win_rate":0,"timestamp":1555917670,"path_taken":["M","?","?","?","$","E","R","?","T","R","E","?","R","M","R","BOSS","M","?","M","M","M"],"build_version":"2019-01-23","purchased_purges":1,"victory":false,"max_hp_per_floor":[77,77,77,77,77,77,77,71,71,71,71,71,71,71,71,71,71,71,71,71,71,71],"card_choices":[{"not_picked":["Poisoned Stab","Tactician"],"picked":"Flying Knee","floor":1},{"not_picked":["Quick Slash","PiercingWail"],"picked":"Slice","floor":2},{"not_picked":["Blade Dance","Deflect"],"picked":"Blur","floor":4},{"not_picked":["Distraction","Blade Dance"],"picked":"Bullet Time","floor":6},{"not_picked":["Bane","Dagger Throw"],"picked":"Noxious Fumes","floor":11},{"not_picked":["Quick Slash","Setup"],"picked":"Backflip","floor":14},{"not_picked":["Doppelganger","After Image"],"picked":"Adrenaline","floor":16},{"not_picked":["Dash","Poisoned Stab"],"picked":"Acrobatics","floor":18},{"not_picked":["Endless Agony+1","Sucker Punch"],"picked":"Blade Dance+1","floor":20},{"not_picked":["Blade Dance","Acrobatics"],"picked":"Footwork","floor":21}],"player_experience":133554,"relics_obtained":[{"floor":6,"key":"War Paint"},{"floor":9,"key":"Juzu Bracelet"},{"floor":11,"key":"Bag of Marbles"}],"event_choices":[{"damage_healed":0,"gold_gain":0,"player_choice":"1 cards matched","damage_taken":0,"max_hp_gain":0,"max_hp_loss":0,"event_name":"Match and Keep!","floor":3,"gold_loss":0,"cards_obtained":["Madness"]},{"damage_healed":0,"gold_gain":0,"player_choice":"Lose Max HP","damage_taken":0,"relics_obtained":["Golden Idol"],"max_hp_gain":0,"max_hp_loss":6,"event_name":"Golden Idol","floor":8,"gold_loss":0},{"damage_healed":17,"gold_gain":0,"player_choice":"Healed and dodged fight","damage_taken":0,"max_hp_gain":0,"max_hp_loss":0,"event_name":"Mushrooms","floor":12,"gold_loss":0,"cards_obtained":["Parasite"]},{"damage_healed":0,"gold_gain":0,"player_choice":"Bought 1 Potion","damage_taken":0,"max_hp_gain":0,"max_hp_loss":0,"event_name":"The Woman in Blue","floor":19,"gold_loss":0}],"is_beta":false,"boss_relics":[{"not_picked":["Calling Bell","Ectoplasm"],"picked":"Empty Cage"}],"items_purged_floors":[5],"is_endless":false,"potions_floor_spawned":[4,6,16,20,21],"killed_by":"Cultist and Chosen","ascension_level":1}