{"gold_per_floor":[119,129,144,164,164,164,184,184,209,225,244,262,262,46,46,144,144,157,176,101,51,51,51,63,63,117,117,132,143,143,158,158,258,258,273,273,273,273,284,284,304,319,319,335,89,89,109,11,11,11],"floor_reached":50,"playtime":1857,"items_purged":["Strike_R","Strike_R"],"score":490,"play_id":"234093ef-1144-437c-b72d-b5ad596f4f09","local_time":"20190522141022","is_ascension_mode":false,"campfire_choices":[{"data":"Whirlwind","floor":6.0,"key":"SMITH"},{"data":"Bash","floor":8.0,"key":"SMITH"},{"data":"Disarm","floor":13.0,"key":"SMITH"},{"data":"Feed","floor":15.0,"key":"SMITH"},{"data":"Feel No Pain","floor":23.0,"key":"SMITH"},{"data":"Offering","floor":25.0,"key":"SMITH"},{"floor":30.0,"key":"REST"},{"data":"Shrug It Off","floor":32.0,"key":"SMITH"},{"data":"Feed","floor":40.0,"key":"SMITH"},{"floor":49.0,"key":"REST"}],"neow_cost":"NONE","seed_source_timestamp":521980409506187,"circlet_count":0,"master_deck":["Strike_R+1","Strike_R","Defend_R","Defend_R","Defend_R","Defend_R","Bash+1","Whirlwind+1","Feel No Pain+1","Disarm+1","Feed+1","Offering+1","Shockwave+1","Shrug It Off+1","Feed+1","Shrug It Off+1","Pommel Strike+1","Entrench+1"],"special_seed":0,"relics":["Burning Blood","Strawberry","Mark of Pain","Whetstone","Lizard Tail","Molten Egg 2","Happy Flower","Vajra"],"potions_floor_usage":[50,50,50],"damage_taken":[{"damage":0.0,"enemies":"Small Slimes","floor":1.0,"turns":3.0},{"damage":10.0,"enemies":"Jaw Worm","floor":2.0,"turns":4.0},{"damage":5.0,"enemies":"Cultist","floor":3.0,"turns":4.0},{"damage":11.0,"enemies":"2 Fungi Beasts","floor":4.0,"turns":4.0},{"damage":11.0,"enemies":"Blue Slaver","floor":7.0,"turns":5.0},{"damage":10.0,"enemies":"3 Louse","floor":10.0,"turns":3.0},{"damage":10.0,"enemies":"Looter","floor":11.0,"turns":2.0},{"damage":6.0,"enemies":"Blue Slaver","floor":12.0,"turns":4.0},{"damage":69.0,"enemies":"Hexaghost","floor":16.0,"turns":14.0},{"damage":13.0,"enemies":"Chosen","floor":18.0,"turns":6.0},{"damage":11.0,"enemies":"3 Byrds","floor":19.0,"turns":4.0},{"damage":30.0,"enemies":"Snecko","floor":24.0,"turns":8.0},{"damage":6.0,"enemies":"Centurion and Healer","floor":28.0,"turns":6.0},{"damage":31.0,"enemies":"Shelled Parasite and Fungi","floor":29.0,"turns":9.0},{"damage":8.0,"enemies":"Cultist and Chosen","floor":31.0,"turns":4.0},{"damage":76.0,"enemies":"Collector","floor":33.0,"turns":11.0},{"damage":28.0,"enemies":"3 Shapes","floor":35.0,"turns":4.0},{"damage":23.0,"enemies":"Orb Walker","floor":39.0,"turns":6.0},{"damage":48.0,"enemies":"Spire Growth","floor":41.0,"turns":8.0},{"damage":52.0,"enemies":"4 Shapes","floor":42.0,"turns":10.0},{"damage":64.0,"enemies":"Maw","floor":44.0,"turns":10.0},{"damage":16.0,"enemies":"3 Darklings","floor":47.0,"turns":3.0},{"damage":111,"enemies":"Donu and Deca","floor":50,"turns":7}],"seed_played":"6322087141775757593","potions_obtained":[{"floor":1.0,"key":"EssenceOfSteel"},{"floor":4.0,"key":"Energy Potion"},{"floor":10.0,"key":"Poison Potion"},{"floor":11.0,"key":"FairyPotion"},{"floor":28.0,"key":"BloodPotion"},{"floor":29.0,"key":"Regen Potion"},{"floor":35.0,"key":"GamblersBrew"},{"floor":47.0,"key":"LiquidBronze"}],"is_trial":false,"path_per_floor":["M","M","M","M","?","R","M","R","T","M","M","M","R","$","R","B",null,"M","M","$","?","$","R","M","R","T","?","M","M","R","M","R","B",null,"M","?","?","T","M","R","M","M","T","M","$","?","M","$","R","B"],"character_chosen":"IRONCLAD","items_purchased":["Feed","Strawberry","Vajra","Weak Potion","Fire Potion"],"campfire_rested":2,"item_purchase_floors":[14,14,45,48,48],"current_hp_per_floor":[88,84,85,80,80,80,75,75,75,71,67,67,67,74,74,11,95,92,91,91,91,91,91,71,71,71,71,75,54,88,102,102,32,119,104,104,104,104,91,91,53,15,15,66,66,66,60,60,103,0],"gold":11,"neow_bonus":"TEN_PERCENT_HP_BONUS","is_prod":false,"is_daily":false,"chose_seed":false,"campfire_upgraded":8,"win_rate":0,"timestamp":1558505422,"path_taken":["M","M","M","M","?","R","M","R","T","M","M","M","R","?","R","BOSS","M","M","$","?","?","R","M","R","T","?","M","M","R","?","R","BOSS","M","?","?","?","?","R","M","M","T","M","$","?","M","?","R","BOSS"],"build_version":"2019-01-23","purchased_purges":2,"victory":false,"max_hp_per_floor":[88,88,88,88,88,88,88,88,88,88,88,88,88,95,95,95,95,99,103,103,103,103,103,107,107,107,107,111,115,115,119,119,119,119,126,126,126,126,130,130,134,142,142,142,142,142,146,146,146,146],"card_choices":[{"not_picked":["Rampage","Clothesline","Heavy Blade"],"picked":"SKIP","floor":1.0},{"not_picked":["Entrench","Headbutt"],"picked":"Whirlwind","floor":2.0},{"not_picked":["Cleave","Flex","Iron Wave"],"picked":"SKIP","floor":3.0},{"not_picked":["Anger","Clothesline","Flex"],"picked":"SKIP","floor":4.0},{"not_picked":["Infernal Blade","Wild Strike","Sentinel"],"picked":"SKIP","floor":7.0},{"not_picked":["Fire Breathing","Thunderclap"],"picked":"Feel No Pain","floor":10.0},{"not_picked":["Thunderclap","Heavy Blade","Clash"],"picked":"SKIP","floor":11.0},{"not_picked":["Clash","Body Slam"],"picked":"Disarm","floor":12.0},{"not_picked":["Juggernaut","Berserk"],"picked":"Offering","floor":16.0},{"not_picked":["Iron Wave","Cleave","Rampage"],"picked":"SKIP","floor":18.0},{"not_picked":["Twin Strike","Bloodletting","Carnage+1"],"picked":"SKIP","floor":19.0},{"not_picked":["Thunderclap","Uppercut","Reckless Charge+1"],"picked":"SKIP","floor":24.0},{"not_picked":["Twin Strike","Sword Boomerang","Body Slam"],"picked":"SKIP","floor":28.0},{"not_picked":["Body Slam+1","Twin Strike+1"],"picked":"Shockwave+1","floor":29.0},{"not_picked":["Intimidate","Ghostly Armor"],"picked":"Shrug It Off","floor":31.0},{"not_picked":["Offering","Bludgeon"],"picked":"Feed","floor":33.0},{"not_picked":["Fire Breathing","Carnage+1"],"picked":"Shrug It Off+1","floor":35.0},{"not_picked":["Heavy Blade+1","Anger+1","Twin Strike+1"],"picked":"SKIP","floor":39.0},{"not_picked":["Power Through+1","Cleave+1"],"picked":"Pommel Strike+1","floor":41.0},{"not_picked":["Clothesline+1","Havoc","Iron Wave+1"],"picked":"SKIP","floor":42.0},{"not_picked":["Burning Pact+1","Clash+1"],"picked":"Entrench+1","floor":44.0},{"not_picked":["Dropkick+1","True Grit","Rampage+1"],"picked":"SKIP","floor":47.0}],"player_experience":568588,"relics_obtained":[{"floor":26.0,"key":"Whetstone"},{"floor":38.0,"key":"Molten Egg 2"},{"floor":43.0,"key":"Happy Flower"}],"event_choices":[{"damage_healed":0.0,"max_hp_gain":0.0,"max_hp_loss":0.0,"gold_gain":0.0,"event_name":"Liars Game","player_choice":"Ignored","floor":5.0,"gold_loss":0.0,"damage_taken":0.0},{"damage_healed":0.0,"max_hp_gain":0.0,"max_hp_loss":0.0,"gold_gain":0.0,"event_name":"The Joust","player_choice":"Bet on Murderer","floor":21.0,"gold_loss":50.0,"damage_taken":0.0},{"damage_healed":0.0,"max_hp_gain":0.0,"max_hp_loss":0.0,"gold_gain":0.0,"event_name":"Ghosts","player_choice":"Ignored","floor":27.0,"gold_loss":0.0,"damage_taken":0.0},{"damage_healed":0.0,"max_hp_gain":0.0,"max_hp_loss":0.0,"gold_gain":0.0,"event_name":"SensoryStone","player_choice":"Memory 1","floor":36.0,"gold_loss":0.0,"damage_taken":0.0},{"cards_removed":["Strike_R"],"damage_healed":0.0,"max_hp_gain":0.0,"max_hp_loss":0.0,"gold_gain":0.0,"event_name":"Falling","player_choice":"Removed Attack","floor":37.0,"gold_loss":0.0,"damage_taken":0.0},{"damage_healed":0.0,"max_hp_gain":0.0,"max_hp_loss":0.0,"gold_gain":0.0,"event_name":"Mysterious Sphere","player_choice":"Ignored","floor":46.0,"gold_loss":0.0,"damage_taken":0.0}],"is_beta":false,"boss_relics":[{"not_picked":["Fusion Hammer","Busted Crown"],"picked":"Mark of Pain"},{"not_picked":["Eternal Feather","Runic Cube"],"picked":"Lizard Tail"}],"items_purged_floors":[20,45],"is_endless":false,"potions_floor_spawned":[1,4,10,11,28,29,35,47],"killed_by":"Donu and Deca","ascension_level":0}