{"gold_per_floor":[115,115,134,59,70,95,16,35,65,65,78,109,109,109,109,207,207,224,139,89,102,117,117,132,60,60,60,76,76,108,121,121,218,218,233,233],"floor_reached":36,"playtime":4073,"items_purged":["Pain"],"score":461,"play_id":"c8decbc7-8f0a-42e9-a558-2cb45534817d","local_time":"20190510012527","is_ascension_mode":true,"campfire_choices":[{"data":"Genetic Algorithm","floor":10,"key":"SMITH"},{"data":"Consume","floor":13,"key":"SMITH"},{"data":"Zap","floor":15,"key":"SMITH"},{"data":"Multi-Cast","floor":23,"key":"SMITH"},{"floor":29,"key":"REST"},{"data":"Hologram","floor":32,"key":"SMITH"}],"neow_cost":"NONE","seed_source_timestamp":501526525927312,"circlet_count":0,"master_deck":["Strike_B","Strike_B","Strike_B","Defend_B","Defend_B","Defend_B","Zap+1","Dualcast","Genetic Algorithm+1","Cold Snap","Conserve Battery","Machine Learning","Doom and Gloom","Consume+1","Sunder","Multi-Cast+1","Undo+1","Stack+1","Compile Driver+1","Hologram+1","Echo Form+1","Creative AI+1","Loop+1","Seek"],"relics":["Velvet Choker","WarpedTongs","Blood Vial","Tiny Chest","Frozen Egg 2","Bag of Marbles","Molten Egg 2","Meat on the Bone","Anchor","Cables","Empty Cage"],"potions_floor_usage":[16,16,28,30,33,36],"damage_taken":[{"damage":7,"enemies":"Jaw Worm","floor":1,"turns":3},{"damage":1,"enemies":"Cultist","floor":3,"turns":3},{"damage":2,"enemies":"2 Louse","floor":5,"turns":3},{"damage":10,"enemies":"Lagavulin","floor":6,"turns":7},{"damage":1,"enemies":"2 Fungi Beasts","floor":8,"turns":3},{"damage":1,"enemies":"Large Slime","floor":11,"turns":5},{"damage":8,"enemies":"3 Sentries","floor":12,"turns":6},{"damage":2,"enemies":"The Guardian","floor":16,"turns":8},{"damage":20,"enemies":"Spheric Guardian","floor":18,"turns":4},{"damage":4,"enemies":"Chosen","floor":21,"turns":4},{"damage":8,"enemies":"Centurion and Healer","floor":22,"turns":6},{"damage":17,"enemies":"Sentry and Sphere","floor":24,"turns":7},{"damage":5,"enemies":"Snake Plant","floor":28,"turns":3},{"damage":11,"enemies":"Book of Stabbing","floor":30,"turns":6},{"damage":0,"enemies":"Cultist and Chosen","floor":31,"turns":3},{"damage":9,"enemies":"Champ","floor":33,"turns":6},{"damage":2,"enemies":"3 Shapes","floor":35,"turns":3},{"damage":76,"enemies":"2 Orb Walkers","floor":36,"turns":6}],"seed_played":"-831416240727310262","potions_obtained":[{"floor":5,"key":"Block Potion"},{"floor":6,"key":"FearPotion"},{"floor":11,"key":"Ancient Potion"},{"floor":18,"key":"SteroidPotion"},{"floor":22,"key":"AttackPotion"},{"floor":30,"key":"Regen Potion"},{"floor":33,"key":"LiquidBronze"}],"is_trial":false,"path_per_floor":["M","?","M","$","M","E","$","M","T","R","M","E","R","?","R","B",null,"M","?","?","M","M","R","M","$","T","T","M","R","E","M","R","B",null,"M","?"],"character_chosen":"DEFECT","items_purchased":["Doom and Gloom","Echo Form+1"],"campfire_rested":1,"item_purchase_floors":[7,25],"current_hp_per_floor":[68,68,67,67,65,55,55,56,56,56,57,51,51,44,44,44,75,55,55,55,53,47,47,32,32,32,32,41,63,54,56,56,63,75,73,0],"gold":233,"neow_bonus":"BOSS_RELIC","is_prod":false,"is_daily":false,"chose_seed":false,"campfire_upgraded":5,"win_rate":0,"timestamp":1557465927,"path_taken":["M","?","M","$","M","E","$","M","T","R","?","E","R","?","R","BOSS","M","?","?","M","?","R","M","$","T","?","M","R","E","M","R","BOSS","M","?"],"build_version":"2019-01-23","purchased_purges":1,"victory":false,"max_hp_per_floor":[75,75,75,75,75,75,75,75,75,75,75,75,75,75,75,75,75,75,75,75,75,75,75,75,75,75,75,75,75,75,75,75,75,75,75,75],"card_choices":[{"not_picked":["Redo","Hologram"],"picked":"Genetic Algorithm","floor":1},{"not_picked":["Sweeping Beam","Barrage"],"picked":"Cold Snap","floor":3},{"not_picked":["Leap","Turbo"],"picked":"Conserve Battery","floor":5},{"not_picked":["Hologram","Conserve Battery"],"picked":"Machine Learning","floor":6},{"not_picked":["Ball Lightning","Lockon","Coolheaded"],"picked":"SKIP","floor":8},{"not_picked":["Barrage","Conserve Battery"],"picked":"Consume","floor":11},{"not_picked":["Redo","Glacier"],"picked":"Sunder","floor":12},{"not_picked":["Machine Learning+1","Reboot"],"picked":"Multi-Cast","floor":16},{"not_picked":["Barrage","Compile Driver"],"picked":"Undo+1","floor":18},{"not_picked":["Leap","Steam"],"picked":"Stack+1","floor":21},{"not_picked":["Cold Snap+1","Aggregate"],"picked":"Compile Driver+1","floor":22},{"not_picked":["Steam","Aggregate"],"picked":"Hologram","floor":24},{"not_picked":["Sunder+1","Scrape+1","Compile Driver+1"],"picked":"SKIP","floor":28},{"not_picked":["Heatsinks+1","Chill"],"picked":"Creative AI+1","floor":30},{"not_picked":["Chaos","Rebound+1"],"picked":"Loop+1","floor":31},{"not_picked":["Echo Form+1","Thunder Strike+1"],"picked":"Seek","floor":33},{"not_picked":["Stack","Redo+1","Turbo"],"picked":"SKIP","floor":35}],"player_experience":170471,"relics_obtained":[{"floor":6,"key":"Blood Vial"},{"floor":9,"key":"Tiny Chest"},{"floor":12,"key":"Frozen Egg 2"},{"floor":26,"key":"Meat on the Bone"},{"floor":27,"key":"Anchor"},{"floor":30,"key":"Cables"}],"event_choices":[{"damage_healed":0,"gold_gain":0,"player_choice":"Rummage","damage_taken":0,"relics_obtained":["WarpedTongs"],"max_hp_gain":0,"max_hp_loss":0,"event_name":"Accursed Blacksmith","floor":2,"gold_loss":0,"cards_obtained":["Pain"]},{"damage_healed":0,"gold_gain":0,"player_choice":"Success","damage_taken":7,"relics_obtained":["Bag of Marbles"],"max_hp_gain":0,"max_hp_loss":0,"event_name":"Scrap Ooze","floor":14,"gold_loss":0},{"damage_healed":0,"gold_gain":0,"player_choice":"Obtained Relic","damage_taken":0,"relics_obtained":["Molten Egg 2"],"max_hp_gain":0,"max_hp_loss":0,"event_name":"Addict","floor":19,"gold_loss":85},{"damage_healed":0,"gold_gain":0,"player_choice":"Bet on Owner","damage_taken":0,"max_hp_gain":0,"max_hp_loss":0,"event_name":"The Joust","floor":20,"gold_loss":50},{"damage_healed":0,"gold_gain":0,"player_choice":"Fight","damage_taken":0,"max_hp_gain":0,"max_hp_loss":0,"event_name":"Mysterious Sphere","floor":36,"gold_loss":0}],"is_beta":false,"boss_relics":[{"not_picked":["Fusion Hammer","Philosopher\u0027s Stone","Ectoplasm"]},{"not_picked":["Busted Crown","Sozu"],"picked":"Empty Cage"}],"items_purged_floors":[4],"is_endless":false,"potions_floor_spawned":[5,6,11,18,22,30,33],"killed_by":"2 Orb Walkers","ascension_level":2}