{"gold_per_floor":[109,109,109,109,121,121,134,168,168,168,203,266,266,266,266,341,341,357,55,55,55,55,55,74,74],"floor_reached":25,"playtime":727,"items_purged":[],"score":435,"play_id":"5a699e45-2ef0-43d0-b309-58fae839f3e0","local_time":"20190311171935","is_ascension_mode":true,"campfire_choices":[{"floor":6.0,"key":"REST"},{"data":"Endless Agony","floor":10.0,"key":"SMITH"},{"floor":13.0,"key":"REST"},{"data":"Neutralize","floor":15.0,"key":"SMITH"},{"floor":23,"key":"REST"}],"neow_cost":"NONE","seed_source_timestamp":22525322536700,"circlet_count":0,"master_deck":["AscendersBane","Defend_G","Defend_G+1","Defend_G+1","Defend_G","Defend_G","Survivor","Neutralize+1","All Out Attack","Endless Agony+1","Quick Slash","Dagger Throw","Leg Sweep","Deadly Poison","A Thousand Cuts+1","Dagger Throw","Bite","Bite","Bite","Bite","Bite","Decay"],"special_seed":0,"relics":["WristBlade","WingedGreaves","Mango","Bird Faced Urn","Frozen Egg 2","The Courier","Cursed Key","TwistedFunnel","Happy Flower"],"potions_floor_usage":[16],"damage_taken":[{"damage":4.0,"enemies":"Jaw Worm","floor":1.0,"turns":6.0},{"damage":5.0,"enemies":"Small Slimes","floor":5.0,"turns":3.0},{"damage":0.0,"enemies":"2 Louse","floor":7.0,"turns":3.0},{"damage":13.0,"enemies":"3 Sentries","floor":8.0,"turns":8.0},{"damage":14.0,"enemies":"Lagavulin","floor":11.0,"turns":7.0},{"damage":9.0,"enemies":"Gremlin Nob","floor":12.0,"turns":4.0},{"damage":41,"enemies":"Slime Boss","floor":16,"turns":10},{"damage":7,"enemies":"Chosen","floor":18,"turns":5},{"damage":13,"enemies":"2 Thieves","floor":24,"turns":3},{"damage":62,"enemies":"Book of Stabbing","floor":25,"turns":5}],"seed_played":"-2041102723080142874","potions_obtained":[{"floor":5.0,"key":"Block Potion"},{"floor":12.0,"key":"Fire Potion"}],"is_trial":false,"path_per_floor":["M","?","?","?","M","R","M","E","T","R","E","?","R","T","R","B",null,"M","$","?","?","?","R","M","E"],"character_chosen":"THE_SILENT","items_purchased":["TwistedFunnel","Happy Flower"],"campfire_rested":3,"item_purchase_floors":[19,19],"current_hp_per_floor":[55,35,35,28,23,42,42,29,43,43,29,20,44,44,44,3,61,56,56,33,33,33,50,43,0],"gold":74,"neow_bonus":"BOSS_RELIC","is_prod":false,"is_daily":false,"chose_seed":false,"campfire_upgraded":2,"win_rate":0,"timestamp":1552324775,"path_taken":["M","?","?","?","M","R","M","E","T","R","E","?","R","?","R","BOSS","M","$","?","?","?","R","M","E"],"build_version":"2019-01-23","purchased_purges":0,"victory":false,"max_hp_per_floor":[66,66,66,66,66,66,66,66,80,80,80,80,80,80,80,80,80,80,80,85,59,59,59,59,59],"card_choices":[{"not_picked":["Poisoned Stab","Dagger Throw"],"picked":"All Out Attack","floor":1.0},{"not_picked":["Cloak And Dagger","Catalyst"],"picked":"Endless Agony","floor":5.0},{"not_picked":["Dagger Throw","Finisher"],"picked":"Quick Slash","floor":7.0},{"not_picked":["Crippling Poison","Heel Hook"],"picked":"Dagger Throw","floor":8.0},{"not_picked":["Deflect","Underhanded Strike"],"picked":"Leg Sweep","floor":11.0},{"not_picked":["Backflip","Noxious Fumes"],"picked":"Deadly Poison","floor":12.0},{"not_picked":["Envenom+1","Doppelganger"],"picked":"A Thousand Cuts+1","floor":16},{"not_picked":["Tactician","Leg Sweep"],"picked":"Dagger Throw","floor":18},{"not_picked":["Bane","Choke","Prepared"],"picked":"SKIP","floor":24}],"player_experience":1268269,"relics_obtained":[{"floor":8.0,"key":"WingedGreaves"},{"floor":9.0,"key":"Mango"},{"floor":11.0,"key":"Bird Faced Urn"},{"floor":12.0,"key":"Frozen Egg 2"},{"floor":14.0,"key":"The Courier"}],"event_choices":[{"damage_healed":0.0,"max_hp_gain":0.0,"max_hp_loss":0.0,"gold_gain":0.0,"event_name":"Shining Light","player_choice":"Entered Light","floor":2.0,"gold_loss":0.0,"damage_taken":20.0,"cards_upgraded":["Defend_G","Defend_G"]},{"damage_healed":0.0,"max_hp_gain":0.0,"max_hp_loss":0.0,"gold_gain":0.0,"event_name":"Liars Game","player_choice":"Ignored","floor":3.0,"gold_loss":0.0,"damage_taken":0.0},{"cards_removed":["Strike_G"],"damage_healed":0.0,"max_hp_gain":0.0,"max_hp_loss":0.0,"gold_gain":0.0,"event_name":"Golden Wing","player_choice":"Card Removal","floor":4.0,"gold_loss":0.0,"damage_taken":7.0},{"damage_healed":0.0,"max_hp_gain":0.0,"max_hp_loss":0.0,"gold_gain":0.0,"event_name":"Dead Adventurer","player_choice":"Searched \u00271\u0027 times","floor":12.0,"gold_loss":0.0,"damage_taken":0.0},{"damage_healed":0,"gold_gain":0,"player_choice":"Shed Blood","damage_taken":28,"max_hp_gain":5,"max_hp_loss":0,"event_name":"Forgotten Altar","floor":20,"gold_loss":0},{"damage_healed":0,"gold_gain":0,"player_choice":"Became a vampire","damage_taken":0,"max_hp_gain":0,"max_hp_loss":26,"event_name":"Vampires","floor":21,"gold_loss":0,"cards_obtained":["Bite","Bite","Bite","Bite","Bite"]},{"damage_healed":0,"gold_gain":0,"player_choice":"Cursed","damage_taken":0,"max_hp_gain":0,"max_hp_loss":0,"event_name":"Wheel of Change","floor":22,"gold_loss":0,"cards_obtained":["Decay"]}],"is_beta":false,"boss_relics":[{"not_picked":["Runic Pyramid","Black Star"],"picked":"Cursed Key"}],"items_purged_floors":[],"is_endless":false,"potions_floor_spawned":[5,12],"killed_by":"Book of Stabbing","ascension_level":20}