{"gold_per_floor":[114,114,129,54,54,81,97,124,124,124,150,150,50,67,67,67],"floor_reached":16,"playtime":398,"items_purged":["Strike_G","Defend_G"],"score":286,"play_id":"4428818d-0232-41bc-8108-e2a2dd0b2ecc","local_time":"20190211210018","is_ascension_mode":true,"campfire_choices":[{"floor":10,"key":"REST"},{"floor":15,"key":"REST"}],"neow_cost":"NONE","seed_source_timestamp":1417815157400,"circlet_count":0,"master_deck":["AscendersBane","Defend_G","Defend_G","Defend_G","Defend_G","Strike_G+1","Strike_G+1","Survivor","Neutralize","Quick Slash","All Out Attack","Noxious Fumes","PiercingWail","Dagger Throw","PiercingWail","Die Die Die"],"relics":["Ring of the Snake","NeowsBlessing","Darkstone Periapt","Turnip","Gambling Chip","Orichalcum"],"potions_floor_usage":[8,8],"damage_taken":[{"damage":0,"enemies":"Small Slimes","floor":1,"turns":1},{"damage":0,"enemies":"2 Louse","floor":3,"turns":1},{"damage":0,"enemies":"Lagavulin","floor":6,"turns":1},{"damage":0,"enemies":"Cultist","floor":7,"turns":3},{"damage":5,"enemies":"3 Sentries","floor":8,"turns":7},{"damage":39,"enemies":"Lagavulin","floor":11,"turns":6},{"damage":0,"enemies":"3 Louse","floor":14,"turns":2},{"damage":11,"enemies":"Slime Boss","floor":16,"turns":5}],"seed_played":"2505584595253262052","potions_obtained":[{"floor":1,"key":"Fire Potion"},{"floor":7,"key":"Block Potion"},{"floor":14,"key":"LiquidBronze"}],"is_trial":false,"path_per_floor":["M","?","M","$","?","E","M","E","T","R","E","?","$","M","R","B"],"character_chosen":"THE_SILENT","items_purchased":[],"campfire_rested":2,"item_purchase_floors":[],"current_hp_per_floor":[59,39,39,39,32,32,32,27,27,46,7,7,7,7,26,15],"gold":67,"neow_bonus":"THREE_ENEMY_KILL","is_prod":false,"is_daily":false,"chose_seed":false,"campfire_upgraded":0,"win_rate":0,"timestamp":1549918818,"path_taken":["M","?","M","$","?","E","M","E","T","R","E","?","$","?","R","BOSS"],"build_version":"2019-01-23","purchased_purges":2,"victory":false,"max_hp_per_floor":[66,66,66,66,66,66,66,66,66,66,66,66,66,66,66,66],"card_choices":[{"not_picked":["Outmaneuver","Dagger Spray"],"picked":"Quick Slash","floor":1},{"not_picked":["Deadly Poison","Predator"],"picked":"All Out Attack","floor":3},{"not_picked":["Accuracy","Dodge and Roll"],"picked":"Noxious Fumes","floor":6},{"not_picked":["Backflip","Concentrate"],"picked":"PiercingWail","floor":7},{"not_picked":["Outmaneuver","Tactician","Distraction"],"picked":"SKIP","floor":8},{"not_picked":["Prepared","Riddle With Holes"],"picked":"Dagger Throw","floor":11},{"not_picked":["Flying Knee","Prepared"],"picked":"Die Die Die","floor":14}],"player_experience":1202379,"relics_obtained":[{"floor":6,"key":"Darkstone Periapt"},{"floor":8,"key":"Turnip"},{"floor":9,"key":"Gambling Chip"},{"floor":11,"key":"Orichalcum"}],"event_choices":[{"damage_healed":0,"gold_gain":0,"player_choice":"Entered Light","damage_taken":20,"max_hp_gain":0,"max_hp_loss":0,"event_name":"Shining Light","floor":2,"gold_loss":0,"cards_upgraded":["Strike_G","Strike_G"]},{"cards_removed":["Strike_G"],"damage_healed":0,"gold_gain":0,"player_choice":"Card Removal","damage_taken":7,"max_hp_gain":0,"max_hp_loss":0,"event_name":"Golden Wing","floor":5,"gold_loss":0},{"damage_healed":0,"gold_gain":0,"cards_transformed":["Strike_G"],"player_choice":"Transformed","damage_taken":0,"max_hp_gain":0,"max_hp_loss":0,"event_name":"Transmorgrifier","floor":12,"gold_loss":0,"cards_obtained":["PiercingWail"]}],"is_beta":false,"boss_relics":[],"items_purged_floors":[4,13],"is_endless":false,"potions_floor_spawned":[1,7,14],"killed_by":"Slime Boss","ascension_level":20}