{"gold_per_floor":[117,192,206,206,231,231,250,250,250,250,268,280,338,352,352,449,499,510,510,609,609,609,316,329,329],"floor_reached":25,"playtime":1207,"items_purged":["Strike_G"],"score":312,"play_id":"57b6e020-b57e-45f8-ba44-f4ae1ec3d5ce","local_time":"20190319110355","is_ascension_mode":true,"campfire_choices":[{"floor":6.0,"key":"REST"},{"data":"Malaise","floor":8.0,"key":"SMITH"},{"data":"Neutralize","floor":10.0,"key":"SMITH"},{"floor":15.0,"key":"REST"}],"neow_cost":"NONE","seed_source_timestamp":0,"circlet_count":0,"master_deck":["AscendersBane","Defend_G","Defend_G","Defend_G","Defend_G","Defend_G","Strike_G","Strike_G","Strike_G","Strike_G","Survivor+1","Neutralize+1","Malaise+1","Quick Slash","Flying Knee","Bullet Time","Heel Hook","Backflip","Heel Hook","Adrenaline","Backflip+1"],"special_seed":0,"relics":["Ring of the Snake","Sundial","Bronze Scales","Singing Bowl","Pen Nib","Tiny House","Nilry\u0027s Codex","Juzu Bracelet"],"potions_floor_usage":[],"damage_taken":[{"damage":14.0,"enemies":"Jaw Worm","floor":1.0,"turns":6.0},{"damage":3.0,"enemies":"2 Louse","floor":3.0,"turns":2.0},{"damage":3.0,"enemies":"Small Slimes","floor":7.0,"turns":4.0},{"damage":0.0,"enemies":"2 Fungi Beasts","floor":11.0,"turns":4.0},{"damage":1.0,"enemies":"Looter","floor":12.0,"turns":4.0},{"damage":22.0,"enemies":"Lagavulin Event","floor":13.0,"turns":8.0},{"damage":7.0,"enemies":"Red Slaver","floor":14.0,"turns":3.0},{"damage":2.0,"enemies":"Hexaghost","floor":16.0,"turns":12.0},{"damage":1.0,"enemies":"Chosen","floor":18.0,"turns":5.0},{"damage":0.0,"enemies":"3 Byrds","floor":24.0,"turns":2.0},{"damage":0,"enemies":"Gremlin Leader","floor":25,"turns":2}],"seed_played":"884061234958649902","potions_obtained":[{"floor":1.0,"key":"PowerPotion"},{"floor":3.0,"key":"Block Potion"},{"floor":12.0,"key":"Fire Potion"},{"floor":17.0,"key":"SpeedPotion"},{"floor":18.0,"key":"Energy Potion"}],"is_trial":false,"path_per_floor":["M","?","M","?","T","R","M","R","T","R","M","M","?","M","R","B",null,"M","?","?","?","?","$","M","E"],"character_chosen":"THE_SILENT","items_purchased":["Juzu Bracelet","Adrenaline"],"campfire_rested":2,"item_purchase_floors":[23,23],"current_hp_per_floor":[49,38,35,17,17,38,35,35,35,35,37,36,14,9,31,31,70,71,55,55,55,39,39,39,39],"gold":329,"neow_bonus":"ONE_RANDOM_RARE_CARD","is_prod":false,"is_daily":false,"chose_seed":false,"campfire_upgraded":2,"win_rate":0,"timestamp":1553018635,"path_taken":["M","?","M","?","?","R","M","R","T","R","M","M","?","M","R","BOSS","M","?","?","?","?","$","M","E"],"build_version":"2019-01-23","purchased_purges":1,"victory":false,"max_hp_per_floor":[70,70,70,70,70,70,70,70,70,70,72,72,72,74,74,76,81,83,83,83,83,88,88,88,88],"card_choices":[{"not_picked":["Well Laid Plans","Reflex"],"picked":"Quick Slash","floor":1.0},{"not_picked":["Well Laid Plans","Deadly Poison","Quick Slash"],"picked":"SKIP","floor":3.0},{"not_picked":["Poisoned Stab","Outmaneuver"],"picked":"Flying Knee","floor":7.0},{"not_picked":["Flechettes","Acrobatics","Setup"],"picked":"Singing Bowl","floor":11.0},{"not_picked":["Quick Slash","Reflex"],"picked":"Bullet Time","floor":12.0},{"not_picked":["Predator","Underhanded Strike"],"picked":"Heel Hook","floor":13.0},{"not_picked":["Prepared","Finisher","Deflect"],"picked":"Singing Bowl","floor":14.0},{"not_picked":["Bullet Time","Tools of the Trade","Malaise"],"picked":"Singing Bowl","floor":16.0},{"not_picked":["Noxious Fumes","Deadly Poison"],"picked":"Backflip","floor":17.0},{"not_picked":["Sucker Punch","Dodge and Roll","Concentrate"],"picked":"Singing Bowl","floor":18.0},{"not_picked":["Caltrops","All Out Attack"],"picked":"Backflip+1","floor":24.0}],"player_experience":436516,"relics_obtained":[{"floor":5.0,"key":"Bronze Scales"},{"floor":9.0,"key":"Singing Bowl"},{"floor":13.0,"key":"Pen Nib"},{"floor":19.0,"key":"Nilry\u0027s Codex"}],"event_choices":[{"damage_healed":0.0,"max_hp_gain":0.0,"max_hp_loss":0.0,"gold_gain":75.0,"event_name":"World of Goop","player_choice":"Gather Gold","floor":2.0,"gold_loss":0.0,"damage_taken":11.0},{"damage_healed":0.0,"max_hp_gain":0.0,"max_hp_loss":0.0,"gold_gain":0.0,"event_name":"Scrap Ooze","player_choice":"Success","floor":4.0,"gold_loss":0.0,"damage_taken":18.0,"relics_obtained":["Sundial"]},{"damage_healed":0.0,"max_hp_gain":0.0,"max_hp_loss":0.0,"gold_gain":0.0,"event_name":"Dead Adventurer","player_choice":"Searched \u00271\u0027 times","floor":13.0,"gold_loss":0.0,"damage_taken":0.0},{"damage_healed":0.0,"max_hp_gain":0.0,"max_hp_loss":0.0,"gold_gain":0.0,"event_name":"Cursed Tome","player_choice":"Obtained Book","floor":19.0,"gold_loss":0.0,"damage_taken":16.0},{"damage_healed":0.0,"max_hp_gain":0.0,"max_hp_loss":0.0,"gold_gain":99.0,"event_name":"Nest","player_choice":"Stole From Cult","floor":20.0,"gold_loss":0.0,"damage_taken":0.0},{"damage_healed":0.0,"max_hp_gain":0.0,"max_hp_loss":0.0,"gold_gain":0.0,"event_name":"The Library","player_choice":"Read","floor":21.0,"gold_loss":0.0,"damage_taken":0.0,"cards_obtained":["Heel Hook"]},{"damage_healed":0.0,"max_hp_gain":5.0,"max_hp_loss":0.0,"gold_gain":0.0,"event_name":"Forgotten Altar","player_choice":"Shed Blood","floor":22.0,"gold_loss":0.0,"damage_taken":21.0}],"is_beta":false,"boss_relics":[{"not_picked":["Lizard Tail","Fusion Hammer"],"picked":"Tiny House"}],"items_purged_floors":[23],"is_endless":false,"potions_floor_spawned":[1,3,12,18],"killed_by":"Gremlin Leader","ascension_level":10}