{"gold_per_floor":[116,191,208,208,25,54,54,4,29,29,63,82,97,19,19,119,119,136,136,136,156,156,156,486,506,506,506,525,525,525],"floor_reached":30,"playtime":1745,"items_purged":[],"score":365,"play_id":"02e4eb31-3af1-4ef0-8df0-8324b8ac6eb1","local_time":"20190501222034","is_ascension_mode":true,"campfire_choices":[{"data":"Self Repair","floor":7.0,"key":"SMITH"},{"data":"Zap","floor":10.0,"key":"SMITH"},{"data":"Dualcast","floor":15.0,"key":"SMITH"},{"data":"Rainbow","floor":23.0,"key":"SMITH"},{"floor":27,"key":"REST"},{"data":"Double Energy","floor":29,"key":"SMITH"}],"neow_cost":"NONE","seed_source_timestamp":1903876314964234,"circlet_count":0,"master_deck":["Strike_B","Strike_B","Strike_B","Defend_B","Defend_B","Defend_B","Zap+1","Dualcast+1","Self Repair+1","Cold Snap","Rainbow+1","Coolheaded","FTL","Multi-Cast","Double Energy+1","Conserve Battery","Glacier","Ball Lightning","Machine Learning"],"special_seed":0,"relics":["Cracked Core","NeowsBlessing","Oddly Smooth Stone","Potion Belt","Lantern","Gambling Chip","Black Star","MutagenicStrength","Old Coin","Du-Vu Doll","Mummified Hand"],"potions_floor_usage":[30],"damage_taken":[{"damage":0.0,"enemies":"Small Slimes","floor":1.0,"turns":1.0},{"damage":0.0,"enemies":"Cultist","floor":3.0,"turns":1.0},{"damage":0.0,"enemies":"Gremlin Nob","floor":6.0,"turns":1.0},{"damage":20.0,"enemies":"Lagavulin","floor":11.0,"turns":7.0},{"damage":0.0,"enemies":"Jaw Worm","floor":12.0,"turns":3.0},{"damage":0.0,"enemies":"Looter","floor":13.0,"turns":3.0},{"damage":24.0,"enemies":"Hexaghost","floor":16.0,"turns":11.0},{"damage":26.0,"enemies":"3 Byrds","floor":18.0,"turns":5.0},{"damage":8.0,"enemies":"2 Thieves","floor":21.0,"turns":4.0},{"damage":32.0,"enemies":"Book of Stabbing","floor":24.0,"turns":6.0},{"damage":47,"enemies":"3 Cultists","floor":25,"turns":7},{"damage":3,"enemies":"Chosen and Byrds","floor":28,"turns":9},{"damage":63,"enemies":"Gremlin Leader","floor":30,"turns":12}],"seed_played":"3464602708912243817","potions_obtained":[{"floor":1.0,"key":"AttackPotion"},{"floor":12.0,"key":"FocusPotion"},{"floor":16.0,"key":"Regen Potion"},{"floor":18.0,"key":"Fire Potion"},{"floor":21.0,"key":"PowerPotion"},{"floor":28,"key":"Regen Potion"}],"is_trial":false,"path_per_floor":["M","?","M","$","$","E","R","?","T","R","E","M","M","$","R","B",null,"M","$","?","M","?","R","E","M","T","R","M","R","E"],"character_chosen":"DEFECT","items_purchased":["Self Repair","Oddly Smooth Stone","FTL"],"campfire_rested":1,"item_purchase_floors":[5,5,14],"current_hp_per_floor":[68,61,61,61,61,61,61,61,61,61,51,61,71,71,71,57,71,55,55,55,57,57,57,50,13,13,35,42,42,0],"gold":525,"neow_bonus":"THREE_ENEMY_KILL","is_prod":false,"is_daily":false,"chose_seed":false,"campfire_upgraded":5,"win_rate":0,"timestamp":1556774434,"path_taken":["M","?","?","?","$","E","R","?","T","R","E","M","M","$","R","BOSS","M","$","?","M","?","R","E","?","T","R","M","R","E"],"build_version":"2019-01-23","purchased_purges":0,"victory":false,"max_hp_per_floor":[75,75,75,75,75,75,75,75,75,75,75,75,75,75,75,75,75,75,75,75,75,75,75,75,75,75,75,75,75,75],"card_choices":[{"not_picked":["Undo","Turbo","Darkness"],"picked":"SKIP","floor":1.0},{"not_picked":["Steam","Hologram","Barrage"],"picked":"SKIP","floor":3.0},{"not_picked":["Fusion","Undo"],"picked":"Cold Snap","floor":6.0},{"not_picked":["Heatsinks","Ball Lightning"],"picked":"Rainbow","floor":11.0},{"not_picked":["Skim","Melter","Fusion"],"picked":"SKIP","floor":12.0},{"not_picked":["Darkness","Genetic Algorithm"],"picked":"Coolheaded","floor":13.0},{"not_picked":["Machine Learning","Amplify"],"picked":"Multi-Cast","floor":16.0},{"not_picked":["Redo","Self Repair"],"picked":"Double Energy","floor":18.0},{"not_picked":["Compile Driver","Redo"],"picked":"Conserve Battery","floor":21.0},{"not_picked":["Sweeping Beam","Undo","Beam Cell"],"picked":"SKIP","floor":24.0},{"not_picked":["Redo","Coolheaded"],"picked":"Ball Lightning","floor":25},{"not_picked":["Streamline","Rebound"],"picked":"Machine Learning","floor":28}],"player_experience":497491,"relics_obtained":[{"floor":6.0,"key":"Potion Belt"},{"floor":9.0,"key":"Lantern"},{"floor":11.0,"key":"Gambling Chip"},{"floor":24.0,"key":"Old Coin"},{"floor":24.0,"key":"Du-Vu Doll"},{"floor":26,"key":"Mummified Hand"}],"event_choices":[{"damage_healed":0.0,"max_hp_gain":0.0,"max_hp_loss":0.0,"gold_gain":75.0,"event_name":"FaceTrader","player_choice":"Touch","floor":2.0,"gold_loss":0.0,"damage_taken":7.0},{"cards_removed":["Defend_B"],"damage_healed":0.0,"max_hp_gain":0.0,"max_hp_loss":0.0,"gold_gain":0.0,"event_name":"The Cleric","player_choice":"Card Removal","floor":8.0,"gold_loss":50.0,"damage_taken":0.0},{"damage_healed":0.0,"max_hp_gain":0.0,"max_hp_loss":0.0,"gold_gain":0.0,"event_name":"Drug Dealer","player_choice":"Inject Mutagens","floor":20.0,"gold_loss":0.0,"damage_taken":0.0,"relics_obtained":["MutagenicStrength"]},{"damage_healed":0.0,"max_hp_gain":0.0,"max_hp_loss":0.0,"gold_gain":0.0,"cards_transformed":["Strike_B"],"event_name":"Transmorgrifier","player_choice":"Transformed","floor":22.0,"gold_loss":0.0,"damage_taken":0.0,"cards_obtained":["Glacier"]}],"is_beta":false,"boss_relics":[{"not_picked":["Eternal Feather","Coffee Dripper"],"picked":"Black Star"}],"items_purged_floors":[],"is_endless":false,"potions_floor_spawned":[1,12,16,18,21,28],"killed_by":"Gremlin Leader","ascension_level":6}