{"gold_per_floor":[117,129,143,68,87,120,133,133,133,160,160,190,201,215,215,293,293,269,269,287,21,21,21,38,73,73,100,25,25,54,54,54,131,131,143,248,260,310,326,326,360,244,244,276,276,295,309,327,327,327,327],"floor_reached":52,"playtime":2960,"items_purged":["Strike_G"],"score":2114,"play_id":"60ee0af4-a11d-494d-b29a-de8a45b799c3","local_time":"20190208222550","is_ascension_mode":true,"campfire_choices":[{"floor":8.0,"key":"REST"},{"floor":15.0,"key":"REST"},{"data":"Wraith Form v2","floor":23.0,"key":"SMITH"},{"data":"Bullet Time","floor":29.0,"key":"SMITH"},{"data":"Footwork","floor":32.0,"key":"SMITH"},{"data":"Wraith Form v2","floor":40.0,"key":"SMITH"},{"data":"Neutralize","floor":45.0,"key":"SMITH"},{"data":"Backflip","floor":49.0,"key":"SMITH"}],"neow_cost":"NONE","seed_source_timestamp":96760746925904,"circlet_count":0,"master_deck":["AscendersBane","Defend_G","Defend_G","Defend_G","Defend_G","Defend_G","Strike_G","Strike_G","Strike_G","Survivor","Neutralize+1","All Out Attack","Poisoned Stab","Escape Plan","Footwork+1","Backflip+1","Dash","Bullet Time+1","Cloak And Dagger+1","PiercingWail+1","Wraith Form v2+1","Terror+1","J.A.X.+1","Backflip+1","Cloak And Dagger+1","Infinite Blades+1","Blade Dance+1","Wraith Form v2+1","Backflip+1","Acrobatics+1","Blade Dance+1","Madness+1","Madness+1","Blade Dance+1","Night Terror+1","Acrobatics+1","Prepared+1"],"special_seed":0,"relics":["Ring of the Snake","Dead Branch","PreservedInsect","Lantern","Ninja Scroll","Toxic Egg 2","Eternal Feather","Paper Crane","Juzu Bracelet","Dream Catcher","Calipers","Letter Opener","SsserpentHead","Philosopher\u0027s Stone","Turnip","Shuriken","Bottled Flame"],"potions_floor_usage":[51,51,51,51],"damage_taken":[{"damage":1.0,"enemies":"Cultist","floor":1.0,"turns":4.0},{"damage":0.0,"enemies":"2 Louse","floor":2.0,"turns":2.0},{"damage":8.0,"enemies":"Jaw Worm","floor":3.0,"turns":6.0},{"damage":6.0,"enemies":"Looter","floor":5.0,"turns":3.0},{"damage":12.0,"enemies":"3 Sentries","floor":6.0,"turns":6.0},{"damage":13.0,"enemies":"3 Louse","floor":7.0,"turns":4.0},{"damage":6.0,"enemies":"Lagavulin","floor":10.0,"turns":7.0},{"damage":16.0,"enemies":"Exordium Thugs","floor":13.0,"turns":4.0},{"damage":0.0,"enemies":"Blue Slaver","floor":14.0,"turns":1.0},{"damage":14.0,"enemies":"The Guardian","floor":16.0,"turns":12.0},{"damage":0.0,"enemies":"2 Thieves","floor":18.0,"turns":4.0},{"damage":3.0,"enemies":"Shell Parasite","floor":20.0,"turns":3.0},{"damage":3.0,"enemies":"Snecko","floor":24.0,"turns":3.0},{"damage":4.0,"enemies":"Gremlin Leader","floor":25.0,"turns":4.0},{"damage":6.0,"enemies":"Slavers","floor":27.0,"turns":6.0},{"damage":3.0,"enemies":"Gremlin Leader","floor":30.0,"turns":2.0},{"damage":8.0,"enemies":"Champ","floor":33.0,"turns":7.0},{"damage":4.0,"enemies":"3 Shapes","floor":35.0,"turns":5.0},{"damage":3.0,"enemies":"2 Orb Walkers","floor":36.0,"turns":1.0},{"damage":3.0,"enemies":"Orb Walker","floor":37.0,"turns":1.0},{"damage":4.0,"enemies":"Maw","floor":39.0,"turns":6.0},{"damage":15.0,"enemies":"Reptomancer","floor":41.0,"turns":4.0},{"damage":0.0,"enemies":"Giant Head","floor":44.0,"turns":5.0},{"damage":0.0,"enemies":"Transient","floor":46.0,"turns":6.0},{"damage":0.0,"enemies":"Spire Growth","floor":47.0,"turns":3.0},{"damage":3.0,"enemies":"Maw","floor":48.0,"turns":4.0},{"damage":13,"enemies":"Donu and Deca","floor":50,"turns":3},{"damage":20,"enemies":"Time Eater","floor":51,"turns":9}],"seed_played":"7186144260084708868","potions_obtained":[{"floor":1.0,"key":"GamblersBrew"},{"floor":2.0,"key":"PowerPotion"},{"floor":13.0,"key":"GamblersBrew"},{"floor":14.0,"key":"Strength Potion"},{"floor":22.0,"key":"Energy Potion"},{"floor":30.0,"key":"EntropicBrew"}],"is_trial":false,"path_per_floor":["M","M","M","?","M","E","M","R","T","E","T","?","M","M","R","B",null,"M","?","M","$","?","R","M","E","T","E","$","R","E","?","R","B",null,"M","?","M","?","M","R","E","$","T","E","R","M","M","M","R","B","B",null],"character_chosen":"THE_SILENT","items_purchased":["Paper Crane","Night Terror+1"],"campfire_rested":2,"item_purchase_floors":[21,42],"current_hp_per_floor":[64,64,56,56,50,38,25,46,46,40,40,40,24,24,45,31,62,62,62,59,59,59,72,69,65,65,59,59,72,69,69,72,64,70,66,63,60,47,43,61,46,46,46,46,67,67,67,64,72,59,39],"gold":327,"neow_bonus":"TEN_PERCENT_HP_BONUS","is_prod":false,"is_daily":false,"chose_seed":false,"campfire_upgraded":6,"win_rate":0,"timestamp":1549664750,"path_taken":["M","M","?","?","M","E","M","R","T","E","?","?","M","M","R","BOSS","M","?","M","$","?","R","M","E","T","E","$","R","E","?","R","BOSS","M","?","M","?","M","R","E","?","T","E","R","M","M","M","R","BOSS","BOSS"],"build_version":"2019-01-23","purchased_purges":1,"victory":true,"max_hp_per_floor":[72,72,72,72,72,72,72,72,72,72,72,72,72,72,72,72,72,72,72,72,72,72,72,72,72,72,72,72,72,72,72,72,72,72,72,72,72,72,72,72,72,72,72,72,72,72,72,72,72,72,72],"card_choices":[{"not_picked":["Backflip","Concentrate"],"picked":"All Out Attack","floor":1.0},{"not_picked":["Dagger Throw","Backflip"],"picked":"Poisoned Stab","floor":2.0},{"not_picked":["Expertise","A Thousand Cuts"],"picked":"Escape Plan","floor":3.0},{"not_picked":["Expertise","PiercingWail"],"picked":"Footwork","floor":5.0},{"not_picked":["Tactician","Dagger Spray"],"picked":"Backflip","floor":6.0},{"not_picked":["Underhanded Strike","Riddle With Holes"],"picked":"Dash","floor":7.0},{"not_picked":["Cloak And Dagger","Backflip"],"picked":"Bullet Time","floor":10.0},{"not_picked":["Escape Plan+1","Poisoned Stab"],"picked":"Cloak And Dagger+1","floor":13.0},{"not_picked":["Dagger Spray","Outmaneuver+1"],"picked":"PiercingWail+1","floor":14.0},{"not_picked":["After Image","Storm of Steel+1"],"picked":"Wraith Form v2","floor":16.0},{"not_picked":["Sucker Punch","Riddle With Holes"],"picked":"Terror+1","floor":18.0},{"not_picked":["PiercingWail+1","Dagger Throw"],"picked":"Backflip+1","floor":20.0},{"not_picked":["Poisoned Stab","Outmaneuver+1"],"picked":"Cloak And Dagger+1","floor":24.0},{"not_picked":["Dagger Throw","Tools of the Trade","Terror+1"],"picked":"SKIP","floor":25.0},{"not_picked":["Tools of the Trade","Grand Finale"],"picked":"Infinite Blades+1","floor":27.0},{"not_picked":["Bane","Deflect+1"],"picked":"Blade Dance+1","floor":30.0},{"not_picked":["Unload","Storm of Steel+1"],"picked":"Wraith Form v2","floor":33.0},{"not_picked":["Expertise+1","Quick Slash"],"picked":"Backflip+1","floor":35.0},{"not_picked":["Dagger Spray","All Out Attack+1"],"picked":"Acrobatics+1","floor":36.0},{"not_picked":["Dagger Throw","Dodge and Roll+1"],"picked":"Blade Dance+1","floor":37.0},{"not_picked":["Backflip+1","Outmaneuver+1"],"picked":"Blade Dance+1","floor":39.0},{"not_picked":["All Out Attack","Slice+1","Dagger Throw"],"picked":"SKIP","floor":41.0},{"not_picked":["Infinite Blades","Choke","Bouncing Flask+1"],"picked":"SKIP","floor":44.0},{"not_picked":["Bullet Time+1","Dodge and Roll+1"],"picked":"Acrobatics+1","floor":46.0},{"not_picked":["Predator","Dagger Throw+1","Dash"],"picked":"SKIP","floor":47.0},{"not_picked":["Flechettes","Infinite Blades"],"picked":"Prepared+1","floor":48.0}],"player_experience":1193379,"relics_obtained":[{"floor":6.0,"key":"Dead Branch"},{"floor":9.0,"key":"PreservedInsect"},{"floor":10.0,"key":"Lantern"},{"floor":11.0,"key":"Ninja Scroll"},{"floor":25.0,"key":"Juzu Bracelet"},{"floor":26.0,"key":"Dream Catcher"},{"floor":27.0,"key":"Calipers"},{"floor":30.0,"key":"Letter Opener"},{"floor":36.0,"key":"Turnip"},{"floor":41.0,"key":"Shuriken"},{"floor":44.0,"key":"Bottled Flame"}],"event_choices":[{"cards_removed":["Strike_G"],"damage_healed":0.0,"max_hp_gain":0.0,"max_hp_loss":0.0,"gold_gain":0.0,"event_name":"The Cleric","player_choice":"Card Removal","floor":4.0,"gold_loss":75.0,"damage_taken":0.0},{"damage_healed":0.0,"max_hp_gain":0.0,"max_hp_loss":0.0,"gold_gain":30.0,"event_name":"Dead Adventurer","player_choice":"Searched \u00272\u0027 times","floor":12.0,"gold_loss":0.0,"damage_taken":0.0,"relics_obtained":["Toxic Egg 2"]},{"damage_healed":0.0,"max_hp_gain":0.0,"max_hp_loss":0.0,"gold_gain":0.0,"event_name":"Drug Dealer","player_choice":"Obtain J.A.X.","floor":19.0,"gold_loss":0.0,"damage_taken":0.0,"cards_obtained":["J.A.X."]},{"damage_healed":0.0,"max_hp_gain":0.0,"max_hp_loss":0.0,"gold_gain":0.0,"event_name":"Lab","player_choice":"Got Potions","floor":22.0,"gold_loss":0.0,"damage_taken":0.0},{"damage_healed":0.0,"max_hp_gain":0.0,"max_hp_loss":0.0,"gold_gain":0.0,"event_name":"FaceTrader","player_choice":"Trade","floor":31.0,"gold_loss":0.0,"damage_taken":0.0,"relics_obtained":["SsserpentHead"]},{"damage_healed":0.0,"max_hp_gain":0.0,"max_hp_loss":0.0,"gold_gain":0.0,"event_name":"Mysterious Sphere","player_choice":"Fight","floor":36.0,"gold_loss":0.0,"damage_taken":0.0},{"damage_healed":0.0,"max_hp_gain":0.0,"max_hp_loss":0.0,"gold_gain":0.0,"event_name":"Winding Halls","player_choice":"Embrace Madness","floor":38.0,"gold_loss":0.0,"damage_taken":13.0,"cards_obtained":["Madness","Madness"]}],"is_beta":false,"boss_relics":[{"not_picked":["Empty Cage","Busted Crown"],"picked":"Eternal Feather"},{"not_picked":["Tiny House","Snecko Eye"],"picked":"Philosopher\u0027s Stone"}],"items_purged_floors":[28],"is_endless":false,"potions_floor_spawned":[1,2,13,14,16,24,25,30,36,37,44,48],"ascension_level":20}