{"gold_per_floor":[113,133,133,144,164,164,179,179,202,219,219,74,91,121,121,121],"floor_reached":16,"playtime":406,"items_purged":[],"score":94,"play_id":"550999cd-afe9-4785-922c-28e8b74c34fd","local_time":"20190522220656","is_ascension_mode":false,"campfire_choices":[{"data":"Bash","floor":6.0,"key":"SMITH"},{"data":"Flame Barrier","floor":8.0,"key":"SMITH"},{"data":"Feed","floor":15.0,"key":"SMITH"}],"neow_cost":"NONE","seed_source_timestamp":551983844958396,"circlet_count":0,"master_deck":["Strike_R","Strike_R","Strike_R","Strike_R","Defend_R","Defend_R","Defend_R+1","Defend_R","Bash+1","Shrug It Off","Disarm","Flame Barrier+1","Ghostly Armor+1","Feed+1"],"special_seed":0,"relics":["Burning Blood"],"potions_floor_usage":[16,16],"damage_taken":[{"damage":6.0,"enemies":"Jaw Worm","floor":1.0,"turns":3.0},{"damage":0.0,"enemies":"2 Louse","floor":2.0,"turns":3.0},{"damage":2.0,"enemies":"Small Slimes","floor":4.0,"turns":4.0},{"damage":8.0,"enemies":"Looter","floor":5.0,"turns":4.0},{"damage":13.0,"enemies":"Gremlin Gang","floor":7.0,"turns":6.0},{"damage":7.0,"enemies":"Lots of Slimes","floor":10.0,"turns":4.0},{"damage":1.0,"enemies":"Exordium Wildlife","floor":13.0,"turns":7.0},{"damage":84,"enemies":"Hexaghost","floor":16,"turns":12}],"seed_played":"-4763083503655724431","potions_obtained":[{"floor":2.0,"key":"SteroidPotion"},{"floor":5.0,"key":"Regen Potion"},{"floor":13.0,"key":"PowerPotion"}],"is_trial":false,"path_per_floor":["M","M","?","M","M","R","M","R","T","M","?","$","M","?","R","B"],"character_chosen":"IRONCLAD","items_purchased":["Feed"],"campfire_rested":0,"item_purchase_floors":[12],"current_hp_per_floor":[88,88,88,88,86,86,79,79,79,78,60,60,68,68,68,0],"gold":121,"neow_bonus":"TEN_PERCENT_HP_BONUS","is_prod":false,"is_daily":false,"chose_seed":false,"campfire_upgraded":3,"win_rate":0,"timestamp":1558534016,"path_taken":["M","M","?","M","M","R","M","R","T","M","?","$","M","?","R","BOSS"],"build_version":"2019-01-23","purchased_purges":0,"victory":false,"max_hp_per_floor":[88,88,88,88,88,88,88,88,88,88,88,88,91,91,91,91],"card_choices":[{"not_picked":["Clash","Dropkick","Wild Strike"],"picked":"SKIP","floor":1.0},{"not_picked":["Cleave","Iron Wave"],"picked":"Shrug It Off","floor":2.0},{"not_picked":["Heavy Blade","Armaments"],"picked":"Disarm","floor":4.0},{"not_picked":["Heavy Blade","Corruption"],"picked":"Flame Barrier","floor":5.0},{"not_picked":["Twin Strike","Armaments","Clash"],"picked":"SKIP","floor":7.0},{"not_picked":["Carnage","Burning Pact"],"picked":"Ghostly Armor","floor":10.0},{"not_picked":["Cleave","Searing Blow","Intimidate"],"picked":"SKIP","floor":13.0}],"player_experience":572645,"relics_obtained":[],"event_choices":[{"cards_removed":["Strike_R"],"damage_healed":0.0,"max_hp_gain":0.0,"max_hp_loss":0.0,"gold_gain":0.0,"event_name":"Living Wall","player_choice":"Forget","floor":3.0,"gold_loss":0.0,"damage_taken":0.0},{"damage_healed":0.0,"max_hp_gain":0.0,"max_hp_loss":0.0,"gold_gain":0.0,"event_name":"Shining Light","player_choice":"Entered Light","floor":11.0,"gold_loss":0.0,"damage_taken":18.0,"cards_upgraded":["Defend_R","Ghostly Armor"]},{"damage_healed":0.0,"max_hp_gain":0.0,"max_hp_loss":0.0,"gold_gain":30.0,"event_name":"Dead Adventurer","player_choice":"Searched \u00271\u0027 times","floor":14.0,"gold_loss":0.0,"damage_taken":0.0}],"is_beta":false,"boss_relics":[],"items_purged_floors":[],"is_endless":false,"potions_floor_spawned":[2,5,13],"killed_by":"Hexaghost","ascension_level":0}