{"gold_per_floor":[118,43,43,58,74,74,94,60,83,83,101,111,111,111,111,212,212,229,229,247,247,267,267,284,284,311,329,349,349,366,76,76,76],"floor_reached":33,"playtime":2805,"items_purged":["Defend_G","Strike_G"],"score":241,"play_id":"eb4bd41d-2e3a-48aa-bcf4-95e07b29ffd4","local_time":"20190404174119","is_ascension_mode":false,"campfire_choices":[{"data":"Survivor","floor":6.0,"key":"SMITH"},{"data":"Noxious Fumes","floor":10.0,"key":"SMITH"},{"data":"Footwork","floor":13.0,"key":"SMITH"},{"data":"Poisoned Stab","floor":15.0,"key":"SMITH"},{"data":"Backflip","floor":23.0,"key":"SMITH"},{"data":"Doppelganger","floor":25.0,"key":"SMITH"},{"floor":29,"key":"REST"},{"data":"Secret Technique","floor":32,"key":"SMITH"}],"neow_cost":"NONE","seed_source_timestamp":0,"circlet_count":0,"master_deck":["Defend_G","Defend_G","Defend_G","Defend_G+1","Strike_G","Strike_G","Strike_G+1","Survivor+1","Neutralize","Poisoned Stab+1","Endless Agony+1","Deadly Poison+1","Footwork+1","Noxious Fumes+1","Doppelganger+1","Malaise","Writhe","Backflip+1","Poisoned Stab+1","Secret Technique+1"],"special_seed":0,"relics":["Ring of the Snake","War Paint","Lantern","CultistMask","Happy Flower"],"potions_floor_usage":[30,33],"damage_taken":[{"damage":0.0,"enemies":"Small Slimes","floor":1.0,"turns":5.0},{"damage":0.0,"enemies":"Cultist","floor":4.0,"turns":3.0},{"damage":0.0,"enemies":"2 Louse","floor":5.0,"turns":2.0},{"damage":7.0,"enemies":"Blue Slaver","floor":7.0,"turns":3.0},{"damage":1.0,"enemies":"Exordium Thugs","floor":11.0,"turns":4.0},{"damage":0.0,"enemies":"Red Slaver","floor":12.0,"turns":3.0},{"damage":15.0,"enemies":"The Guardian","floor":16.0,"turns":8.0},{"damage":8.0,"enemies":"Shell Parasite","floor":18.0,"turns":7.0},{"damage":12.0,"enemies":"Spheric Guardian","floor":20.0,"turns":4.0},{"damage":6.0,"enemies":"Shelled Parasite and Fungi","floor":22.0,"turns":8.0},{"damage":4.0,"enemies":"Snecko","floor":24.0,"turns":6.0},{"damage":10,"enemies":"Cultist and Chosen","floor":27,"turns":8},{"damage":6,"enemies":"Snake Plant","floor":28,"turns":5},{"damage":1,"enemies":"3 Cultists","floor":30,"turns":5},{"damage":75,"enemies":"Collector","floor":33,"turns":7}],"seed_played":"-7138219659919138035","potions_obtained":[{"floor":5.0,"key":"Fire Potion"},{"floor":7.0,"key":"FearPotion"},{"floor":11.0,"key":"Regen Potion"},{"floor":12.0,"key":"Strength Potion"},{"floor":20.0,"key":"Regen Potion"},{"floor":24.0,"key":"Strength Potion"}],"is_trial":false,"path_per_floor":["M","$","?","M","M","R","M","$","T","R","M","M","R","?","R","B",null,"M","?","M","?","M","R","M","R","T","M","M","R","M","$","R","B"],"character_chosen":"THE_SILENT","items_purchased":["Noxious Fumes","Secret Technique"],"campfire_rested":1,"item_purchase_floors":[8,31],"current_hp_per_floor":[70,70,70,70,70,70,63,63,63,63,62,62,62,48,48,33,70,62,62,50,50,59,59,55,55,55,45,39,60,59,59,59,0],"gold":76,"neow_bonus":"REMOVE_CARD","is_prod":false,"is_daily":false,"chose_seed":false,"campfire_upgraded":7,"win_rate":0,"timestamp":1554414079,"path_taken":["M","$","?","M","?","R","M","$","T","R","M","M","R","?","R","BOSS","M","?","M","?","M","R","M","R","T","M","M","R","M","$","R","BOSS"],"build_version":"2019-01-23","purchased_purges":2,"victory":false,"max_hp_per_floor":[70,70,70,70,70,70,70,70,70,70,70,70,70,70,70,70,70,70,70,70,70,70,70,70,70,70,70,70,70,70,70,70,70],"card_choices":[{"not_picked":["Acrobatics","Choke"],"picked":"Poisoned Stab","floor":1.0},{"not_picked":["Dagger Throw","Bane"],"picked":"Endless Agony","floor":4.0},{"not_picked":["Well Laid Plans","Crippling Poison"],"picked":"Deadly Poison","floor":5.0},{"not_picked":["Flying Knee","Terror"],"picked":"Footwork","floor":7.0},{"not_picked":["Cloak And Dagger","Dagger Spray","Quick Slash"],"picked":"SKIP","floor":11.0},{"not_picked":["Sucker Punch","Blade Dance"],"picked":"Doppelganger","floor":12.0},{"not_picked":["Wraith Form v2","Phantasmal Killer"],"picked":"Malaise","floor":16.0},{"not_picked":["Prepared","Bane","Sucker Punch"],"picked":"SKIP","floor":18.0},{"not_picked":["Acrobatics","Dagger Throw+1"],"picked":"Backflip","floor":20.0},{"not_picked":["Flying Knee","Cloak And Dagger+1"],"picked":"Poisoned Stab+1","floor":22.0},{"not_picked":["Cloak And Dagger","Calculated Gamble","Backflip"],"picked":"SKIP","floor":24.0},{"not_picked":["Dash","Endless Agony","Malaise"],"picked":"SKIP","floor":27},{"not_picked":["Reflex","Blade Dance","Bane"],"picked":"SKIP","floor":28},{"not_picked":["Blade Dance","Prepared","Cloak And Dagger"],"picked":"SKIP","floor":30}],"player_experience":92544,"relics_obtained":[{"floor":9.0,"key":"War Paint"},{"floor":26.0,"key":"Happy Flower"}],"event_choices":[{"damage_healed":0.0,"max_hp_gain":0.0,"max_hp_loss":0.0,"gold_gain":0.0,"event_name":"WeMeetAgain","player_choice":"Ignored","floor":3.0,"gold_loss":0.0,"damage_taken":0.0},{"damage_healed":0.0,"max_hp_gain":0.0,"max_hp_loss":0.0,"gold_gain":0.0,"event_name":"Shining Light","player_choice":"Entered Light","floor":14.0,"gold_loss":0.0,"damage_taken":14.0,"cards_upgraded":["Strike_G","Endless Agony"]},{"damage_healed":0.0,"max_hp_gain":0.0,"max_hp_loss":0.0,"gold_gain":0.0,"event_name":"The Mausoleum","player_choice":"Opened","floor":19.0,"gold_loss":0.0,"damage_taken":0.0,"relics_obtained":["Lantern"],"cards_obtained":["Writhe"]},{"damage_healed":0.0,"max_hp_gain":0.0,"max_hp_loss":0.0,"gold_gain":0.0,"event_name":"FaceTrader","player_choice":"Trade","floor":21.0,"gold_loss":0.0,"damage_taken":0.0,"relics_obtained":["CultistMask"]}],"is_beta":false,"boss_relics":[{"not_picked":["Coffee Dripper","Snecko Eye","Sozu"]}],"items_purged_floors":[2,31],"is_endless":false,"potions_floor_spawned":[5,7,11,12,18,20,24,27],"killed_by":"Collector","ascension_level":0}