{"gold_per_floor":[118,218,228,244,264,264,279,279,279,290,259,33,33,51,51,146,146,166,182,182,182,192,192,217,217,241,241,259,278,278,193,193,291,291,302,320,331,84,104,104,104],"floor_reached":41,"playtime":2863,"items_purged":["Defend_B","Defend_B"],"score":407,"play_id":"eb42fd72-adb1-40cf-87b2-9f01e180e429","local_time":"20190331142821","is_ascension_mode":false,"campfire_choices":[{"data":"Electrodynamics","floor":6,"key":"SMITH"},{"floor":8,"key":"REST"},{"data":"Genetic Algorithm","floor":13,"key":"SMITH"},{"floor":15,"key":"REST"},{"floor":23,"key":"REST"},{"floor":25,"key":"REST"},{"data":"White Noise","floor":27,"key":"SMITH"},{"floor":32,"key":"REST"},{"data":"White Noise","floor":40,"key":"SMITH"}],"neow_cost":"TEN_PERCENT_HP_LOSS","seed_source_timestamp":124597110380862,"circlet_count":0,"master_deck":["Zap","Dualcast","Go for the Eyes","Electrodynamics+1","Gash+1","Genetic Algorithm+1","Darkness","Thunder Strike+1","White Noise+1","Barrage","Gash+1","Double Energy+1","Gash","White Noise+1","Chaos","Tempest+1"],"relics":["Cracked Core","Calipers","Inserter","Enchiridion","Gremlin Horn","Turnip","Whetstone","Juzu Bracelet","Empty Cage","Bronze Scales"],"potions_floor_usage":[16,22,33,33,41],"damage_taken":[{"damage":0,"enemies":"2 Louse","floor":1,"turns":2},{"damage":0,"enemies":"Cultist","floor":3,"turns":3},{"damage":11,"enemies":"Jaw Worm","floor":4,"turns":3},{"damage":11,"enemies":"Exordium Thugs","floor":5,"turns":3},{"damage":20,"enemies":"Gremlin Gang","floor":7,"turns":3},{"damage":11,"enemies":"3 Louse","floor":10,"turns":3},{"damage":4,"enemies":"Blue Slaver","floor":14,"turns":3},{"damage":25,"enemies":"Hexaghost","floor":16,"turns":7},{"damage":32,"enemies":"Shell Parasite","floor":18,"turns":5},{"damage":0,"enemies":"3 Byrds","floor":19,"turns":2},{"damage":10,"enemies":"Snecko","floor":22,"turns":3},{"damage":9,"enemies":"Gremlin Leader","floor":24,"turns":5},{"damage":0,"enemies":"Centurion and Healer","floor":28,"turns":2},{"damage":24,"enemies":"Snake Plant","floor":29,"turns":3},{"damage":12,"enemies":"Collector","floor":33,"turns":7},{"damage":4,"enemies":"3 Shapes","floor":35,"turns":2},{"damage":10,"enemies":"Orb Walker","floor":36,"turns":2},{"damage":2,"enemies":"Maw","floor":37,"turns":6},{"damage":0,"enemies":"Jaw Worm Horde","floor":39,"turns":2},{"damage":57,"enemies":"Giant Head","floor":41,"turns":6}],"seed_played":"-1044515915179229468","potions_obtained":[{"floor":3,"key":"Poison Potion"},{"floor":7,"key":"Explosive Potion"},{"floor":10,"key":"Energy Potion"},{"floor":14,"key":"SpeedPotion"},{"floor":18,"key":"Regen Potion"},{"floor":24,"key":"GamblersBrew"},{"floor":29,"key":"EssenceOfSteel"},{"floor":36,"key":"SkillPotion"},{"floor":37,"key":"EssenceOfSteel"}],"is_trial":false,"path_per_floor":["M","?","M","M","M","R","M","R","T","M","?","$","R","M","R","B",null,"M","M","?","?","M","R","E","R","T","R","M","M","?","?","R","B",null,"M","M","M","$","M","R","E"],"character_chosen":"DEFECT","items_purchased":["Thunder Strike","Bronze Scales"],"campfire_rested":5,"item_purchase_floors":[12,38],"current_hp_per_floor":[68,68,68,57,46,46,26,46,46,35,35,35,35,31,51,26,68,36,36,20,20,15,35,26,46,46,46,46,22,22,22,42,30,68,64,54,52,52,52,52,0],"gold":104,"neow_bonus":"REMOVE_TWO","is_prod":false,"is_daily":false,"chose_seed":false,"campfire_upgraded":4,"win_rate":0,"timestamp":1554056901,"path_taken":["M","?","M","M","?","R","M","R","T","M","?","?","R","?","R","BOSS","M","?","?","?","?","R","E","R","T","R","M","M","?","?","R","BOSS","M","M","M","$","M","R","E"],"build_version":"2019-01-23","purchased_purges":2,"victory":false,"max_hp_per_floor":[68,68,68,68,68,68,68,68,68,68,68,68,68,68,68,68,68,68,68,68,68,68,68,68,68,68,68,68,68,68,68,68,68,68,68,68,68,68,68,68,68],"card_choices":[{"not_picked":["Conserve Battery","Redo"],"picked":"Go for the Eyes","floor":1},{"not_picked":["Barrage","White Noise"],"picked":"Electrodynamics","floor":3},{"not_picked":["Turbo","Beam Cell","Coolheaded"],"picked":"SKIP","floor":4},{"not_picked":["Glacier","FTL"],"picked":"Gash","floor":5},{"not_picked":["Compile Driver","Cold Snap"],"picked":"Genetic Algorithm","floor":7},{"not_picked":["Leap","Steam"],"picked":"Darkness","floor":10},{"not_picked":["Hologram","Rebound"],"picked":"White Noise","floor":14},{"not_picked":["Darkness","Redo"],"picked":"Barrage","floor":18},{"not_picked":["Hologram+1","Redo"],"picked":"Gash+1","floor":19},{"not_picked":["Fusion","Capacitor"],"picked":"Double Energy+1","floor":22},{"not_picked":["Coolheaded","Rebound+1","Capacitor"],"picked":"SKIP","floor":24},{"not_picked":["Rebound","Steam Power+1"],"picked":"Gash","floor":28},{"not_picked":["Turbo","Rebound","Hello World"],"picked":"SKIP","floor":29},{"not_picked":["Recycle","Hologram+1","Barrage"],"picked":"SKIP","floor":35},{"not_picked":["Hologram+1","Leap","Turbo"],"picked":"SKIP","floor":36},{"not_picked":["Undo","Sweeping Beam","Hologram+1"],"picked":"SKIP","floor":37},{"not_picked":["Redo","Steam+1"],"picked":"Tempest+1","floor":39}],"player_experience":76556,"relics_obtained":[{"floor":9,"key":"Calipers"},{"floor":20,"key":"Enchiridion"},{"floor":24,"key":"Turnip"},{"floor":26,"key":"Whetstone"}],"event_choices":[{"damage_healed":0,"gold_gain":100,"player_choice":"Pray","damage_taken":0,"max_hp_gain":0,"max_hp_loss":0,"event_name":"Golden Shrine","floor":2,"gold_loss":0},{"damage_healed":0,"gold_gain":0,"player_choice":"Left Gold","damage_taken":0,"max_hp_gain":0,"max_hp_loss":0,"event_name":"World of Goop","floor":11,"gold_loss":31},{"damage_healed":0,"gold_gain":0,"player_choice":"Obtained Book","damage_taken":16,"max_hp_gain":0,"max_hp_loss":0,"event_name":"Cursed Tome","floor":20,"gold_loss":0},{"damage_healed":0,"gold_gain":0,"player_choice":"Gave Potion","damage_taken":0,"relics_obtained":["Gremlin Horn"],"max_hp_gain":0,"max_hp_loss":0,"event_name":"WeMeetAgain","floor":21,"gold_loss":0},{"damage_healed":0,"gold_gain":0,"cards_transformed":["Strike_B","Strike_B"],"player_choice":"Became Test Subject","damage_taken":0,"max_hp_gain":0,"max_hp_loss":0,"event_name":"Drug Dealer","floor":30,"gold_loss":0,"cards_obtained":["White Noise","Chaos"]},{"damage_healed":0,"gold_gain":0,"player_choice":"Obtained Relic","damage_taken":0,"relics_obtained":["Juzu Bracelet"],"max_hp_gain":0,"max_hp_loss":0,"event_name":"Addict","floor":31,"gold_loss":85}],"is_beta":false,"boss_relics":[{"not_picked":["Astrolabe","Black Star"],"picked":"Inserter"},{"not_picked":["Eternal Feather","White Beast Statue"],"picked":"Empty Cage"}],"items_purged_floors":[12,38],"is_endless":false,"potions_floor_spawned":[3,7,10,14,18,24,29,36,37],"killed_by":"Giant Head","ascension_level":0}