{"gold_per_floor":[114,131,143,143,143,171,198,198],"floor_reached":8,"playtime":269,"items_purged":[],"score":112,"play_id":"2d02fd08-1e18-4cfa-91c9-169dd738e717","local_time":"20190312135148","is_ascension_mode":true,"campfire_choices":[],"neow_cost":"NONE","seed_source_timestamp":96983736630700,"circlet_count":0,"master_deck":["AscendersBane","Defend_G","Defend_G","Defend_G","Defend_G","Defend_G","Strike_G","Strike_G","Strike_G","Strike_G","Strike_G","Survivor","Neutralize","Noxious Fumes","Noxious Fumes","All Out Attack","Flying Knee","Quick Slash"],"special_seed":0,"relics":["Ring of the Snake","NeowsBlessing","Boot","Odd Mushroom"],"potions_floor_usage":[],"damage_taken":[{"damage":0.0,"enemies":"Cultist","floor":1.0,"turns":1.0},{"damage":0.0,"enemies":"Small Slimes","floor":2.0,"turns":1.0},{"damage":0.0,"enemies":"2 Louse","floor":3.0,"turns":1.0},{"damage":32.0,"enemies":"Lagavulin","floor":6.0,"turns":8.0},{"damage":10,"enemies":"The Mushroom Lair","floor":7,"turns":4},{"damage":23,"enemies":"Large Slime","floor":8,"turns":4}],"seed_played":"7859509822995664705","potions_obtained":[{"floor":1.0,"key":"Strength Potion"},{"floor":6.0,"key":"FearPotion"}],"is_trial":false,"path_per_floor":["M","M","M","?","?","E","?","M"],"character_chosen":"THE_SILENT","items_purchased":[],"campfire_rested":0,"item_purchase_floors":[],"current_hp_per_floor":[59,59,59,64,64,32,22,0],"gold":198,"neow_bonus":"THREE_ENEMY_KILL","is_prod":false,"is_daily":false,"chose_seed":false,"campfire_upgraded":0,"win_rate":0,"timestamp":1552398708,"path_taken":["M","?","M","?","?","E","?","M"],"build_version":"2019-01-23","purchased_purges":0,"victory":false,"max_hp_per_floor":[66,66,66,71,71,71,71,71],"card_choices":[{"not_picked":["Cloak And Dagger","Deadly Poison"],"picked":"Noxious Fumes","floor":1.0},{"not_picked":["PiercingWail","Backflip"],"picked":"Noxious Fumes","floor":2.0},{"not_picked":["PiercingWail","Sucker Punch"],"picked":"All Out Attack","floor":3.0},{"not_picked":["Well Laid Plans","Envenom"],"picked":"Flying Knee","floor":6.0},{"not_picked":["Flying Knee","Expertise"],"picked":"Quick Slash","floor":7}],"player_experience":1273707,"relics_obtained":[{"floor":6.0,"key":"Boot"},{"floor":7,"key":"Odd Mushroom"}],"event_choices":[{"damage_healed":0.0,"max_hp_gain":5.0,"max_hp_loss":0.0,"gold_gain":0.0,"event_name":"Big Fish","player_choice":"Donut","floor":4.0,"gold_loss":0.0,"damage_taken":0.0},{"damage_healed":0.0,"max_hp_gain":0.0,"max_hp_loss":0.0,"gold_gain":0.0,"event_name":"Golden Idol","player_choice":"Ignored","floor":5.0,"gold_loss":0.0,"damage_taken":0.0},{"damage_healed":0,"gold_gain":0,"player_choice":"Fought Mushrooms","damage_taken":0,"max_hp_gain":0,"max_hp_loss":0,"event_name":"Mushrooms","floor":7,"gold_loss":0}],"is_beta":false,"boss_relics":[],"items_purged_floors":[],"is_endless":false,"potions_floor_spawned":[1,6,7],"killed_by":"Large Slime","ascension_level":20}