{"gold_per_floor":[117,134,134,150,150,175,175,207,207,241,47,65,77,95,95,194,194,176,176,37,48,48,48,83,83,109,140,160,160,172,253,253,350,350,369,369,383,343,343,343,355,355],"floor_reached":42,"playtime":3279,"items_purged":["Strike_B","Defend_B"],"score":686,"play_id":"44cc3a06-b8de-4bea-ab8b-68077f45aa0a","local_time":"20190522145117","is_ascension_mode":true,"campfire_choices":[{"data":"Dualcast","floor":7.0,"key":"SMITH"},{"data":"Biased Cognition","floor":15.0,"key":"SMITH"},{"data":"Rainbow","floor":23.0,"key":"SMITH"},{"data":"Chaos","floor":25.0,"key":"SMITH"},{"data":"Self Repair","floor":29.0,"key":"SMITH"},{"data":"Electrodynamics","floor":32,"key":"SMITH"},{"data":"Buffer","floor":40,"key":"SMITH"}],"neow_cost":"NONE","seed_source_timestamp":0,"circlet_count":0,"master_deck":["Strike_B","Strike_B","Defend_B+1","Defend_B+1","Zap+1","Dualcast+1","Cold Snap","Self Repair+1","Conserve Battery","Cold Snap","Auto Shields","Loop+1","Biased Cognition+1","Rainbow+1","Chaos+1","Glacier","Coolheaded","Sweeping Beam","Electrodynamics+1","Biased Cognition","Buffer+1","FTL","Coolheaded+1"],"special_seed":0,"relics":["Cracked Core","Boot","Singing Bowl","Blue Candle","Pear","War Paint","Tiny Chest","Coffee Dripper","Letter Opener","Juzu Bracelet","Art of War","Kunai","Orrery"],"potions_floor_usage":[30,33,37],"damage_taken":[{"damage":0.0,"enemies":"Small Slimes","floor":1.0,"turns":4.0},{"damage":1.0,"enemies":"Cultist","floor":2.0,"turns":3.0},{"damage":0.0,"enemies":"2 Louse","floor":4.0,"turns":2.0},{"damage":26.0,"enemies":"3 Sentries","floor":6.0,"turns":9.0},{"damage":29.0,"enemies":"Lagavulin","floor":8.0,"turns":7.0},{"damage":18.0,"enemies":"3 Sentries","floor":10.0,"turns":8.0},{"damage":4.0,"enemies":"Red Slaver","floor":12.0,"turns":3.0},{"damage":0.0,"enemies":"2 Fungi Beasts","floor":13.0,"turns":4.0},{"damage":3.0,"enemies":"Exordium Thugs","floor":14.0,"turns":6.0},{"damage":14.0,"enemies":"Slime Boss","floor":16.0,"turns":14.0},{"damage":22.0,"enemies":"2 Thieves","floor":18.0,"turns":4.0},{"damage":0.0,"enemies":"Spheric Guardian","floor":21.0,"turns":3.0},{"damage":20.0,"enemies":"Book of Stabbing","floor":24.0,"turns":6.0},{"damage":20.0,"enemies":"Slavers","floor":27.0,"turns":5.0},{"damage":0.0,"enemies":"Snecko","floor":28.0,"turns":5.0},{"damage":1,"enemies":"Chosen and Byrds","floor":30,"turns":5},{"damage":48,"enemies":"Automaton","floor":33,"turns":10},{"damage":0,"enemies":"Orb Walker","floor":35,"turns":4},{"damage":8,"enemies":"3 Shapes","floor":37,"turns":3},{"damage":0,"enemies":"Maw","floor":41,"turns":8},{"damage":103,"enemies":"Giant Head","floor":42,"turns":10}],"seed_played":"638108271749368167","potions_obtained":[{"floor":3.0,"key":"Ancient Potion"},{"floor":3.0,"key":"SneckoOil"},{"floor":3.0,"key":"EssenceOfSteel"},{"floor":8.0,"key":"FearPotion"},{"floor":10.0,"key":"FearPotion"},{"floor":12.0,"key":"Strength Potion"},{"floor":24.0,"key":"Swift Potion"},{"floor":27.0,"key":"Explosive Potion"},{"floor":28.0,"key":"Regen Potion"},{"floor":35,"key":"Block Potion"}],"is_trial":false,"path_per_floor":["M","M","?","M","?","E","R","E","T","E","$","M","M","M","R","B",null,"M","?","$","M","?","R","E","R","T","E","M","R","M","T","R","B",null,"M","?","M","?","?","R","M","E"],"character_chosen":"DEFECT","items_purchased":["Tiny Chest","Glacier"],"campfire_rested":0,"item_purchase_floors":[11,20],"current_hp_per_floor":[68,67,67,74,74,55,55,35,45,34,34,37,46,50,50,43,78,63,63,63,65,65,65,54,54,54,41,48,48,71,71,71,33,82,94,94,88,88,88,88,100,0],"gold":355,"neow_bonus":"RANDOM_COMMON_RELIC","is_prod":false,"is_daily":false,"chose_seed":false,"campfire_upgraded":7,"win_rate":0,"timestamp":1558561877,"path_taken":["M","M","?","?","?","E","R","E","T","E","$","M","M","?","R","BOSS","M","?","?","M","?","R","E","R","T","E","M","R","M","?","R","BOSS","M","?","M","?","?","R","M","E"],"build_version":"2019-01-23","purchased_purges":2,"victory":false,"max_hp_per_floor":[75,75,75,75,75,75,75,77,87,87,87,87,89,89,89,89,89,89,89,89,91,91,91,93,93,93,93,93,93,93,93,93,93,97,99,99,101,101,101,101,103,103],"card_choices":[{"not_picked":["Sweeping Beam","Stack"],"picked":"Cold Snap","floor":1.0},{"not_picked":["Leap","Coolheaded"],"picked":"Self Repair","floor":2.0},{"not_picked":["Compile Driver","Thunder Strike"],"picked":"Conserve Battery","floor":4.0},{"not_picked":["Stack","Conserve Battery"],"picked":"Cold Snap","floor":6.0},{"not_picked":["Steam Power","Darkness","Redo"],"picked":"Singing Bowl","floor":8.0},{"not_picked":["Rebound","Beam Cell"],"picked":"Auto Shields","floor":10.0},{"not_picked":["Self Repair","Turbo"],"picked":"Loop","floor":12.0},{"not_picked":["Darkness","Hello World","White Noise"],"picked":"Singing Bowl","floor":13.0},{"not_picked":["Beam Cell","Conserve Battery"],"picked":"Biased Cognition","floor":14.0},{"not_picked":["Reboot","Buffer"],"picked":"Rainbow","floor":16.0},{"not_picked":["Compile Driver","Rip and Tear+1"],"picked":"Ball Lightning","floor":18.0},{"not_picked":["Ball Lightning","Force Field","Heatsinks"],"picked":"Singing Bowl","floor":21.0},{"not_picked":["Static Discharge","Streamline","Capacitor"],"picked":"Singing Bowl","floor":24.0},{"not_picked":["Compile Driver","Steam Power"],"picked":"Coolheaded","floor":27.0},{"not_picked":["Coolheaded","Steam"],"picked":"Sweeping Beam","floor":28.0},{"not_picked":["Rip and Tear","Cold Snap"],"picked":"Electrodynamics","floor":30},{"not_picked":["Hyperbeam","Machine Learning"],"picked":"Biased Cognition","floor":33},{"not_picked":["Capacitor","Reprogram"],"picked":"Buffer","floor":34},{"not_picked":["Redo","Aggregate"],"picked":"FTL","floor":34},{"not_picked":["Compile Driver","Darkness","Conserve Battery+1"],"picked":"Singing Bowl","floor":34},{"not_picked":["Scrape","Sweeping Beam","Self Repair"],"picked":"Singing Bowl","floor":34},{"not_picked":["Conserve Battery","Recycle"],"picked":"Coolheaded+1","floor":34},{"not_picked":["Heatsinks","Barrage+1","Hologram+1"],"picked":"Singing Bowl","floor":35},{"not_picked":["Steam+1","Hello World+1","Barrage+1"],"picked":"Singing Bowl","floor":37},{"not_picked":["Turbo","Stack+1","Streamline"],"picked":"Singing Bowl","floor":41}],"player_experience":502264,"relics_obtained":[{"floor":6.0,"key":"Singing Bowl"},{"floor":8.0,"key":"Blue Candle"},{"floor":9.0,"key":"Pear"},{"floor":10.0,"key":"War Paint"},{"floor":24.0,"key":"Letter Opener"},{"floor":26.0,"key":"Juzu Bracelet"},{"floor":27.0,"key":"Art of War"},{"floor":31,"key":"Kunai"}],"event_choices":[{"damage_healed":0.0,"max_hp_gain":0.0,"max_hp_loss":0.0,"gold_gain":0.0,"event_name":"Lab","player_choice":"Got Potions","floor":3.0,"gold_loss":0.0,"damage_taken":0.0},{"cards_removed":["Defend_B"],"damage_healed":0.0,"max_hp_gain":0.0,"max_hp_loss":0.0,"gold_gain":0.0,"event_name":"Bonfire Elementals","player_choice":"Offered Basic","floor":5.0,"gold_loss":0.0,"damage_taken":0.0},{"damage_healed":0.0,"max_hp_gain":0.0,"max_hp_loss":0.0,"gold_gain":0.0,"cards_transformed":["Strike_B"],"event_name":"Transmorgrifier","player_choice":"Transformed","floor":19.0,"gold_loss":0.0,"damage_taken":0.0,"cards_obtained":["Chaos"]},{"damage_healed":0.0,"max_hp_gain":0.0,"max_hp_loss":0.0,"gold_gain":0.0,"event_name":"Ghosts","player_choice":"Ignored","floor":22.0,"gold_loss":0.0,"damage_taken":0.0},{"cards_removed":["Ball Lightning"],"damage_healed":0,"gold_gain":0,"player_choice":"Removed Attack","damage_taken":0,"max_hp_gain":0,"max_hp_loss":0,"event_name":"Falling","floor":36,"gold_loss":0},{"damage_healed":0,"gold_gain":0,"player_choice":"Upgraded Two","damage_taken":0,"max_hp_gain":0,"max_hp_loss":0,"event_name":"Designer","floor":38,"gold_loss":40,"cards_upgraded":["Defend_B","Loop"]},{"damage_healed":0,"gold_gain":0,"player_choice":"Ignored","damage_taken":0,"max_hp_gain":0,"max_hp_loss":0,"event_name":"Tomb of Lord Red Mask","floor":39,"gold_loss":0}],"is_beta":false,"boss_relics":[{"not_picked":["White Beast Statue","Calling Bell"],"picked":"Coffee Dripper"},{"not_picked":["Velvet Choker","Runic Dome"],"picked":"Orrery"}],"items_purged_floors":[11,20],"is_endless":false,"potions_floor_spawned":[8,10,12,14,24,27,28,35],"killed_by":"Giant Head","ascension_level":9}