{"gold_per_floor":[118,131,56,73,92,92,120,133,133,133,158,169,169,179,179,179],"floor_reached":16,"playtime":679,"items_purged":["Strike_G"],"score":228,"play_id":"65309810-070f-4d5b-961d-1e07c537d5c6","local_time":"20190306213050","is_ascension_mode":true,"campfire_choices":[{"data":"Neutralize","floor":6,"key":"SMITH"},{"floor":10,"key":"REST"},{"floor":13,"key":"REST"},{"data":"Skewer","floor":15,"key":"SMITH"}],"neow_cost":"NONE","seed_source_timestamp":471300148893600,"circlet_count":0,"master_deck":["AscendersBane","Defend_G","Defend_G","Defend_G","Defend_G","Defend_G","Strike_G","Strike_G","Strike_G","Strike_G","Survivor","Neutralize+1","Slice","Skewer+1","Leg Sweep","Deflect","Sucker Punch","Backflip","Blade Dance","Cloak And Dagger"],"special_seed":0,"relics":["Ring of the Snake","NeowsBlessing","Bag of Preparation","Bottled Flame","Letter Opener"],"potions_floor_usage":[11,16],"damage_taken":[{"damage":0.0,"enemies":"Jaw Worm","floor":1.0,"turns":1.0},{"damage":0.0,"enemies":"2 Louse","floor":2.0,"turns":1.0},{"damage":0.0,"enemies":"Small Slimes","floor":4.0,"turns":1.0},{"damage":2,"enemies":"Red Slaver","floor":5,"turns":5},{"damage":36,"enemies":"Gremlin Nob","floor":7,"turns":5},{"damage":6,"enemies":"2 Fungi Beasts","floor":8,"turns":4},{"damage":24,"enemies":"3 Sentries","floor":11,"turns":12},{"damage":2,"enemies":"Exordium Wildlife","floor":12,"turns":5},{"damage":1,"enemies":"Blue Slaver","floor":14,"turns":4},{"damage":28,"enemies":"The Guardian","floor":16,"turns":11}],"seed_played":"4598194993742531127","potions_obtained":[{"floor":2.0,"key":"GamblersBrew"},{"floor":4.0,"key":"LiquidBronze"},{"floor":5,"key":"Swift Potion"},{"floor":12,"key":"Energy Potion"}],"is_trial":false,"path_per_floor":["M","M","$","M","M","R","E","M","T","R","E","M","R","M","R","B"],"character_chosen":"THE_SILENT","items_purchased":[],"campfire_rested":2,"item_purchase_floors":[],"current_hp_per_floor":[59,59,59,59,57,57,21,15,15,34,10,8,27,26,26,0],"gold":179,"neow_bonus":"THREE_ENEMY_KILL","is_prod":false,"is_daily":false,"chose_seed":false,"campfire_upgraded":2,"win_rate":0,"timestamp":1551907850,"path_taken":["M","M","$","M","M","R","E","M","T","R","E","M","R","M","R","BOSS"],"build_version":"2019-01-23","purchased_purges":1,"victory":false,"max_hp_per_floor":[66,66,66,66,66,66,66,66,66,66,66,66,66,66,66,66],"card_choices":[{"not_picked":["Dagger Throw","PiercingWail"],"picked":"Slice","floor":1.0},{"not_picked":["Terror","Predator"],"picked":"Skewer","floor":2.0},{"not_picked":["Sucker Punch","Slice"],"picked":"Leg Sweep","floor":4.0},{"not_picked":["Backflip","Bane"],"picked":"Deflect","floor":5},{"not_picked":["Tactician","Phantasmal Killer"],"picked":"Sucker Punch","floor":7},{"not_picked":["Underhanded Strike","Cloak And Dagger","Sucker Punch"],"picked":"SKIP","floor":8},{"not_picked":["Bane","Slice"],"picked":"Backflip","floor":11},{"not_picked":["Flying Knee","Bane"],"picked":"Blade Dance","floor":12},{"not_picked":["Leg Sweep","Caltrops"],"picked":"Cloak And Dagger","floor":14}],"player_experience":1240428,"relics_obtained":[{"floor":7,"key":"Bag of Preparation"},{"floor":9,"key":"Bottled Flame"},{"floor":11,"key":"Letter Opener"}],"event_choices":[],"is_beta":false,"boss_relics":[],"items_purged_floors":[3],"is_endless":false,"potions_floor_spawned":[2,4,5,12],"killed_by":"The Guardian","ascension_level":20}