{"gold_per_floor":[119,99,118,132,143,143,168,168,191,191,191,222,222,222,222,325,325,340,354,354,371,387,387,422,422,475,485,86,146,26,38,38,137,137,157,157,171,121,137,147,177,177,177,127,127,138,157,0,0,0],"floor_reached":51,"playtime":1271,"items_purged":["Regret","Strike_R","Strike_R","Defend_R"],"score":811,"play_id":"b945e565-7371-46fd-86f3-56594927b952","local_time":"20190303211554","is_ascension_mode":true,"campfire_choices":[{"data":"Uppercut","floor":6.0,"key":"SMITH"},{"data":"Pommel Strike","floor":8.0,"key":"SMITH"},{"data":"Shrug It Off","floor":10.0,"key":"SMITH"},{"data":"Intimidate","floor":13.0,"key":"SMITH"},{"data":"Bash","floor":15.0,"key":"SMITH"},{"data":"Rampage","floor":23.0,"key":"SMITH"},{"floor":25.0,"key":"REST"},{"floor":32.0,"key":"REST"},{"floor":45.0,"key":"REST"},{"floor":49.0,"key":"REST"}],"neow_cost":"NONE","seed_source_timestamp":210474586292600,"circlet_count":0,"master_deck":["Defend_R","Defend_R","Defend_R","Bash+1","Anger","Uppercut+1","Pommel Strike+1","Shrug It Off+1","Flex","Intimidate+1","Feed","Shockwave+1","Twin Strike+1","Rampage+1","Dropkick","Cleave+1","Pummel","Flex+1","Offering","Dropkick+1","Limit Break","Disarm+1"],"special_seed":0,"relics":["Black Blood","Centennial Puzzle","Ancient Tea Set","Potion Belt","Singing Bowl","Smiling Mask","Juzu Bracelet","Brimstone","Lantern","Tiny Chest","Fusion Hammer","Strawberry","Pantograph","Sundial","Red Mask"],"potions_floor_usage":[50,50,50,50],"damage_taken":[{"damage":1.0,"enemies":"Cultist","floor":1.0,"turns":4.0},{"damage":7.0,"enemies":"Small Slimes","floor":3.0,"turns":3.0},{"damage":7.0,"enemies":"2 Louse","floor":4.0,"turns":2.0},{"damage":7.0,"enemies":"Looter","floor":5.0,"turns":3.0},{"damage":24.0,"enemies":"Gremlin Nob","floor":7.0,"turns":4.0},{"damage":24.0,"enemies":"Lagavulin","floor":12.0,"turns":4.0},{"damage":40.0,"enemies":"Slime Boss","floor":16.0,"turns":12.0},{"damage":30.0,"enemies":"Shell Parasite","floor":18.0,"turns":5.0},{"damage":26.0,"enemies":"Spheric Guardian","floor":19.0,"turns":5.0},{"damage":9.0,"enemies":"3 Cultists","floor":21.0,"turns":4.0},{"damage":14.0,"enemies":"Snecko","floor":22.0,"turns":4.0},{"damage":45.0,"enemies":"Gremlin Leader","floor":24.0,"turns":7.0},{"damage":40.0,"enemies":"Chosen and Byrds","floor":27.0,"turns":5.0},{"damage":11.0,"enemies":"Slavers","floor":29.0,"turns":3.0},{"damage":21.0,"enemies":"Shelled Parasite and Fungi","floor":31.0,"turns":2.0},{"damage":10.0,"enemies":"Champ","floor":33.0,"turns":7.0},{"damage":6.0,"enemies":"3 Shapes","floor":35.0,"turns":4.0},{"damage":17.0,"enemies":"3 Darklings","floor":37.0,"turns":2.0},{"damage":13.0,"enemies":"Spire Growth","floor":39.0,"turns":2.0},{"damage":0.0,"enemies":"Transient","floor":40.0,"turns":5.0},{"damage":29.0,"enemies":"Giant Head","floor":41.0,"turns":5.0},{"damage":6.0,"enemies":"3 Darklings","floor":46.0,"turns":3.0},{"damage":19.0,"enemies":"Jaw Worm Horde","floor":47.0,"turns":3.0},{"damage":26,"enemies":"Time Eater","floor":50,"turns":4}],"seed_played":"-3473804496909127249","potions_obtained":[{"floor":2.0,"key":"SneckoOil"},{"floor":4.0,"key":"AttackPotion"},{"floor":5.0,"key":"AttackPotion"},{"floor":7.0,"key":"BloodPotion"},{"floor":16.0,"key":"SteroidPotion"},{"floor":21.0,"key":"Strength Potion"},{"floor":22.0,"key":"SkillPotion"},{"floor":27.0,"key":"AttackPotion"},{"floor":29.0,"key":"EssenceOfSteel"},{"floor":31.0,"key":"Energy Potion"},{"floor":35.0,"key":"SteroidPotion"},{"floor":40.0,"key":"FearPotion"}],"is_trial":false,"path_per_floor":["M","?","M","M","M","R","E","R","T","R","?","E","R","?","R","B",null,"M","M","?","M","M","R","E","R","T","M","$","E","$","M","R","B",null,"M","?","M","$","M","M","E","?","T","$","R","M","M","?","R","B",null],"character_chosen":"IRONCLAD","items_purchased":["Brimstone","Lantern","Pummel"],"campfire_rested":4,"item_purchase_floors":[28,28,30],"current_hp_per_floor":[88,88,87,86,85,85,67,67,67,67,67,49,49,49,49,15,88,68,52,52,56,54,54,19,46,46,27,27,26,26,18,47,47,98,100,100,98,98,100,110,98,98,98,98,117,117,113,113,122,106],"gold":0,"neow_bonus":"TEN_PERCENT_HP_BONUS","is_prod":false,"is_daily":false,"chose_seed":false,"campfire_upgraded":6,"win_rate":0,"timestamp":1551647754,"path_taken":["M","?","?","M","M","R","E","R","T","R","?","E","R","?","R","BOSS","M","M","?","M","M","R","E","R","T","M","?","E","$","M","R","BOSS","M","?","M","$","M","M","E","?","T","$","R","M","M","?","R","BOSS"],"build_version":"2019-01-23","purchased_purges":4,"victory":true,"max_hp_per_floor":[88,88,88,88,88,88,88,88,88,88,88,88,88,88,88,88,88,88,88,88,91,93,93,93,93,93,95,95,95,95,98,98,98,98,100,100,105,105,110,110,117,117,117,117,117,117,122,122,122,122],"card_choices":[{"not_picked":["Shrug It Off","Battle Trance"],"picked":"Anger","floor":1.0},{"not_picked":["Power Through","True Grit"],"picked":"Uppercut","floor":3.0},{"not_picked":["Heavy Blade","Anger"],"picked":"Pommel Strike","floor":4.0},{"not_picked":["Clash","Body Slam"],"picked":"Shrug It Off","floor":5.0},{"not_picked":["Juggernaut","Clash"],"picked":"Flex","floor":7.0},{"not_picked":["Uppercut","Infernal Blade"],"picked":"Intimidate","floor":12.0},{"not_picked":["Dark Embrace","Berserk"],"picked":"Feed","floor":16.0},{"not_picked":["Wild Strike","True Grit"],"picked":"Shockwave+1","floor":18.0},{"not_picked":["Clash","Reckless Charge+1"],"picked":"Twin Strike+1","floor":19.0},{"not_picked":["Whirlwind","Battle Trance"],"picked":"Rampage","floor":21.0},{"not_picked":["Twin Strike","Headbutt","Havoc"],"picked":"Singing Bowl","floor":22.0},{"not_picked":["Impervious","Clothesline"],"picked":"Dropkick","floor":24.0},{"not_picked":["Blood for Blood","Warcry","Rampage"],"picked":"Singing Bowl","floor":27.0},{"not_picked":["Immolate","Metallicize"],"picked":"Cleave+1","floor":29.0},{"not_picked":["Sword Boomerang","Hemokinesis"],"picked":"Flex+1","floor":31.0},{"not_picked":["Brutality","Demon Form"],"picked":"Offering","floor":33.0},{"not_picked":["Headbutt+1","Clothesline+1","Disarm"],"picked":"Singing Bowl","floor":35.0},{"not_picked":["Havoc","Warcry","Flex"],"picked":"Singing Bowl","floor":37.0},{"not_picked":["Anger+1","Havoc+1","Twin Strike"],"picked":"Singing Bowl","floor":39.0},{"not_picked":["Wild Strike+1","Fire Breathing"],"picked":"Dropkick+1","floor":40.0},{"not_picked":["Combust","True Grit"],"picked":"Limit Break","floor":41.0},{"not_picked":["Sever Soul+1","Inflame"],"picked":"Disarm+1","floor":46.0},{"not_picked":["Body Slam+1","Cleave+1","Combust+1"],"picked":"Singing Bowl","floor":47.0}],"player_experience":1224465,"relics_obtained":[{"floor":7.0,"key":"Centennial Puzzle"},{"floor":9.0,"key":"Ancient Tea Set"},{"floor":12.0,"key":"Singing Bowl"},{"floor":24.0,"key":"Smiling Mask"},{"floor":26.0,"key":"Juzu Bracelet"},{"floor":29.0,"key":"Tiny Chest"},{"floor":41.0,"key":"Strawberry"},{"floor":43.0,"key":"Sundial"}],"event_choices":[{"damage_healed":0.0,"max_hp_gain":0.0,"max_hp_loss":0.0,"gold_gain":0.0,"event_name":"The Woman in Blue","player_choice":"Bought 1 Potion","floor":2.0,"gold_loss":0.0,"damage_taken":0.0},{"damage_healed":0.0,"max_hp_gain":0.0,"max_hp_loss":0.0,"gold_gain":0.0,"event_name":"Big Fish","player_choice":"Box","floor":11.0,"gold_loss":0.0,"damage_taken":0.0,"relics_obtained":["Potion Belt"],"cards_obtained":["Regret"]},{"cards_removed":["Strike_R"],"damage_healed":0.0,"max_hp_gain":0.0,"max_hp_loss":0.0,"gold_gain":0.0,"event_name":"Living Wall","player_choice":"Forget","floor":14.0,"gold_loss":0.0,"damage_taken":0.0},{"cards_removed":["Strike_R"],"damage_healed":0.0,"max_hp_gain":0.0,"max_hp_loss":0.0,"gold_gain":0.0,"event_name":"Bonfire Elementals","player_choice":"Offered Basic","floor":20.0,"gold_loss":0.0,"damage_taken":0.0},{"cards_removed":["Strike_R"],"damage_healed":0.0,"max_hp_gain":0.0,"max_hp_loss":0.0,"gold_gain":0.0,"event_name":"Purifier","player_choice":"Purged","floor":36.0,"gold_loss":0.0,"damage_taken":0.0},{"damage_healed":0.0,"max_hp_gain":0.0,"max_hp_loss":0.0,"gold_gain":0.0,"event_name":"WeMeetAgain","player_choice":"Gave Potion","floor":42.0,"gold_loss":0.0,"damage_taken":0.0,"relics_obtained":["Pantograph"]},{"damage_healed":0.0,"max_hp_gain":0.0,"max_hp_loss":0.0,"gold_gain":0.0,"event_name":"Tomb of Lord Red Mask","player_choice":"Paid","floor":48.0,"gold_loss":157.0,"damage_taken":0.0,"relics_obtained":["Red Mask"]}],"is_beta":false,"boss_relics":[{"not_picked":["Eternal Feather","Runic Cube"],"picked":"Black Blood"},{"not_picked":["Pandora\u0027s Box","Coffee Dripper"],"picked":"Fusion Hammer"}],"items_purged_floors":[28,30,38,44],"is_endless":false,"potions_floor_spawned":[4,5,7,16,21,22,27,29,31,35,40],"ascension_level":1}