{"gold_per_floor":[116,116,41,41,55,55,93,93,93,128,128,171,121,134,134,228,228,253,292,217,241,31,31,65,65,65,65,65,109,122,142,142,142],"floor_reached":33,"playtime":1022,"items_purged":["Strike_R","Strike_R"],"score":598,"play_id":"0a8ba9c9-554d-471b-aa24-c9f25540aad7","local_time":"20190306222635","is_ascension_mode":true,"campfire_choices":[{"data":"Sword Boomerang","floor":6.0,"key":"SMITH"},{"floor":8.0,"key":"REST"},{"data":"Heavy Blade","floor":11.0,"key":"SMITH"},{"data":"Feed","floor":15.0,"key":"SMITH"},{"floor":23.0,"key":"REST"},{"data":"Flex","floor":27.0,"key":"SMITH"},{"data":"Inflame","floor":28.0,"key":"SMITH"},{"floor":32.0,"key":"REST"}],"neow_cost":"TEN_PERCENT_HP_LOSS","seed_source_timestamp":474046761053000,"circlet_count":0,"master_deck":["AscendersBane","Strike_R","Defend_R","Defend_R","Defend_R","Defend_R","Bash","Flex","Injury","Sword Boomerang+1","Heavy Blade+1","Feed+1","Sword Boomerang","Inflame+1","Flex","Heavy Blade","Flex+1","Sword Boomerang","Impervious","Offering"],"special_seed":0,"relics":["Burning Blood","Du-Vu Doll","Golden Idol","Happy Flower","Smiling Mask","Mercury Hourglass","Lantern","Orrery","Red Mask","Anchor","Strawberry","Bottled Lightning","WingedGreaves","Omamori"],"potions_floor_usage":[33,33],"damage_taken":[{"damage":9.0,"enemies":"Jaw Worm","floor":1.0,"turns":4.0},{"damage":6.0,"enemies":"Small Slimes","floor":5.0,"turns":4.0},{"damage":32.0,"enemies":"Gremlin Nob","floor":7.0,"turns":4.0},{"damage":20.0,"enemies":"Lagavulin","floor":10.0,"turns":6.0},{"damage":8.0,"enemies":"Gremlin Nob","floor":12.0,"turns":3.0},{"damage":0.0,"enemies":"2 Louse","floor":14.0,"turns":1.0},{"damage":38.0,"enemies":"The Guardian","floor":16.0,"turns":8.0},{"damage":19.0,"enemies":"3 Byrds","floor":18.0,"turns":4.0},{"damage":19.0,"enemies":"Masked Bandits","floor":19.0,"turns":3.0},{"damage":7.0,"enemies":"Chosen","floor":21.0,"turns":3.0},{"damage":36.0,"enemies":"Slavers","floor":24.0,"turns":5.0},{"damage":28.0,"enemies":"Gremlin Leader","floor":29.0,"turns":5.0},{"damage":0.0,"enemies":"Snecko","floor":30.0,"turns":1.0},{"damage":14.0,"enemies":"Centurion and Healer","floor":31.0,"turns":4.0},{"damage":40,"enemies":"Automaton","floor":33,"turns":6}],"seed_played":"-631003396175045307","potions_obtained":[{"floor":7.0,"key":"Block Potion"},{"floor":12.0,"key":"Strength Potion"},{"floor":19.0,"key":"Dexterity Potion"},{"floor":24.0,"key":"GamblersBrew"},{"floor":31.0,"key":"EssenceOfSteel"}],"is_trial":false,"path_per_floor":["M","?","?","$","M","R","E","R","T","E","R","E","$","M","R","B",null,"M","?","?","M","$","R","E","T","T","R","R","E","M","M","R","B"],"character_chosen":"IRONCLAD","items_purchased":["Anchor"],"campfire_rested":3,"item_purchase_floors":[22],"current_hp_per_floor":[65,65,65,65,65,65,39,59,59,45,45,46,46,55,55,23,61,52,39,39,38,38,61,42,42,42,42,42,20,26,22,49,9],"gold":142,"neow_bonus":"ONE_RARE_RELIC","is_prod":false,"is_daily":false,"chose_seed":false,"campfire_upgraded":5,"win_rate":0,"timestamp":1551911195,"path_taken":["M","?","?","$","M","R","E","R","T","E","R","E","?","M","R","BOSS","M","?","?","M","?","R","E","?","T","R","R","E","M","M","R","BOSS"],"build_version":"2019-01-23","purchased_purges":2,"victory":false,"max_hp_per_floor":[68,68,68,68,68,68,68,68,68,68,68,71,71,74,74,74,74,78,78,78,78,78,78,89,89,89,89,89,89,89,93,93,93],"card_choices":[{"not_picked":["Clash","Body Slam"],"picked":"Flex","floor":1.0},{"not_picked":["Burning Pact","Carnage"],"picked":"Sword Boomerang","floor":5.0},{"not_picked":["Warcry","Intimidate"],"picked":"Heavy Blade","floor":7.0},{"not_picked":["Thunderclap","Perfected Strike"],"picked":"Feed","floor":10.0},{"not_picked":["Anger","Reckless Charge","Headbutt"],"picked":"SKIP","floor":12.0},{"not_picked":["Headbutt","Havoc","Dark Embrace"],"picked":"SKIP","floor":14.0},{"not_picked":["Wild Strike","Body Slam"],"picked":"Sword Boomerang","floor":17.0},{"not_picked":["Warcry","True Grit"],"picked":"Inflame","floor":17.0},{"not_picked":["Wild Strike","Entrench"],"picked":"Flex","floor":17.0},{"not_picked":["Spot Weakness","Perfected Strike"],"picked":"Heavy Blade","floor":17.0},{"not_picked":["True Grit","Havoc"],"picked":"Flex","floor":17.0},{"not_picked":["Fiend Fire","Clothesline"],"picked":"Sword Boomerang","floor":18.0},{"not_picked":["Body Slam","Armaments"],"picked":"Impervious","floor":19.0},{"not_picked":["Combust","Havoc","Thunderclap"],"picked":"SKIP","floor":21.0},{"not_picked":["Combust","Entrench+1","Shockwave"],"picked":"SKIP","floor":24.0},{"not_picked":["Hemokinesis","Cleave"],"picked":"Offering","floor":29.0},{"not_picked":["Reckless Charge+1","Carnage","True Grit"],"picked":"SKIP","floor":30.0},{"not_picked":["Feel No Pain","Twin Strike","Hemokinesis"],"picked":"SKIP","floor":31.0}],"player_experience":1242162,"relics_obtained":[{"floor":7.0,"key":"Happy Flower"},{"floor":9.0,"key":"Smiling Mask"},{"floor":10.0,"key":"Mercury Hourglass"},{"floor":12.0,"key":"Lantern"},{"floor":19.0,"key":"Red Mask"},{"floor":24.0,"key":"Strawberry"},{"floor":25.0,"key":"Bottled Lightning"},{"floor":26.0,"key":"WingedGreaves"},{"floor":29.0,"key":"Omamori"}],"event_choices":[{"damage_healed":0.0,"max_hp_gain":0.0,"max_hp_loss":0.0,"gold_gain":0.0,"event_name":"Golden Idol","player_choice":"Take Wound","floor":2.0,"gold_loss":0.0,"damage_taken":0.0,"relics_obtained":["Golden Idol"],"cards_obtained":["Injury"]},{"cards_removed":["Strike_R"],"damage_healed":0.0,"max_hp_gain":0.0,"max_hp_loss":0.0,"gold_gain":0.0,"event_name":"The Cleric","player_choice":"Card Removal","floor":3.0,"gold_loss":75.0,"damage_taken":0.0},{"damage_healed":0.0,"max_hp_gain":0.0,"max_hp_loss":0.0,"gold_gain":0.0,"event_name":"Masked Bandits","player_choice":"Fought Bandits","floor":19.0,"gold_loss":0.0,"damage_taken":0.0},{"cards_removed":["Strike_R"],"damage_healed":0.0,"max_hp_gain":0.0,"max_hp_loss":0.0,"gold_gain":0.0,"event_name":"Beggar","player_choice":"Gave Gold","floor":20.0,"gold_loss":75.0,"damage_taken":0.0}],"is_beta":false,"boss_relics":[{"not_picked":["Mark of Pain","Tiny House"],"picked":"Orrery"}],"items_purged_floors":[13,22],"is_endless":false,"potions_floor_spawned":[7,12,19,24,31],"killed_by":"Automaton","ascension_level":20}