{"gold_per_floor":[113,15,15,15,35,53,53,85,108,108,8,8,25,25,25,124,124,135,10,30,41,140,140,165,165,245,265,265,279,129,144,144,144],"floor_reached":33,"playtime":2611,"items_purged":["Strike_B","Defend_B","Strike_B","Defend_B"],"score":278,"play_id":"045b8734-b721-47a2-a1b9-e7a1365130e7","local_time":"20190423013050","is_ascension_mode":true,"campfire_choices":[{"data":"Conserve Battery","floor":7,"key":"SMITH"},{"data":"Zap","floor":12,"key":"SMITH"},{"floor":15,"key":"REST"},{"data":"Consume","floor":23,"key":"SMITH"},{"floor":25,"key":"REST"},{"data":"Reboot","floor":28,"key":"SMITH"},{"floor":32,"key":"REST"}],"neow_cost":"NONE","seed_source_timestamp":219690442713758,"circlet_count":0,"master_deck":["Strike_B+1","Defend_B","Defend_B+1","Zap+1","Dualcast+1","Capacitor","Turbo","Conserve Battery+1","Gash","Gash","Reboot+1","Go for the Eyes","Consume+1","Self Repair","Loop","BootSequence+1"],"relics":["Cracked Core","Bag of Preparation","Pen Nib","Art of War","Inserter","Symbiotic Virus","Dodecahedron"],"potions_floor_usage":[8,18,33],"damage_taken":[{"damage":0,"enemies":"Small Slimes","floor":1,"turns":2},{"damage":1,"enemies":"Jaw Worm","floor":5,"turns":3},{"damage":0,"enemies":"2 Louse","floor":6,"turns":2},{"damage":14,"enemies":"3 Sentries","floor":8,"turns":10},{"damage":0,"enemies":"Blue Slaver","floor":13,"turns":2},{"damage":43,"enemies":"Hexaghost","floor":16,"turns":10},{"damage":2,"enemies":"3 Byrds","floor":18,"turns":4},{"damage":0,"enemies":"Chosen","floor":20,"turns":6},{"damage":11,"enemies":"Snake Plant","floor":21,"turns":4},{"damage":36,"enemies":"Slavers","floor":24,"turns":6},{"damage":17,"enemies":"Centurion and Healer","floor":27,"turns":6},{"damage":0,"enemies":"Sentry and Sphere","floor":29,"turns":3},{"damage":26,"enemies":"Snake Plant","floor":31,"turns":4},{"damage":54,"enemies":"Collector","floor":33,"turns":5}],"seed_played":"-1890852499467884648","potions_obtained":[{"floor":1,"key":"Block Potion"},{"floor":16,"key":"Swift Potion"},{"floor":20,"key":"SpeedPotion"},{"floor":27,"key":"Strength Potion"}],"is_trial":false,"path_per_floor":["M","$","?","?","M","M","R","E","T","?","$","R","M","T","R","B",null,"M","$","M","M","?","R","E","R","T","M","R","M","$","M","R","B"],"character_chosen":"DEFECT","items_purchased":["Turbo"],"campfire_rested":3,"item_purchase_floors":[2],"current_hp_per_floor":[75,75,75,60,59,59,59,45,45,50,50,50,50,50,74,31,80,78,78,78,67,67,67,31,55,55,45,45,45,45,26,50,0],"gold":144,"neow_bonus":"UPGRADE_CARD","is_prod":false,"is_daily":false,"chose_seed":false,"campfire_upgraded":4,"win_rate":0,"timestamp":1555997450,"path_taken":["M","$","?","?","?","M","R","E","T","?","$","R","M","?","R","BOSS","M","$","?","?","?","R","E","R","T","M","R","M","$","M","R","BOSS"],"build_version":"2019-01-23","purchased_purges":4,"victory":false,"max_hp_per_floor":[75,75,75,75,75,75,75,75,75,80,80,80,80,80,80,80,80,80,80,80,80,80,80,80,80,80,80,80,80,80,80,80,80],"card_choices":[{"not_picked":["Darkness","Blizzard"],"picked":"Capacitor","floor":1},{"not_picked":["Redo","Hologram"],"picked":"Conserve Battery","floor":5},{"not_picked":["Melter","Sweeping Beam"],"picked":"Gash","floor":6},{"not_picked":["Compile Driver","Sunder","Coolheaded"],"picked":"SKIP","floor":8},{"not_picked":["Coolheaded","Melter"],"picked":"Gash","floor":13},{"not_picked":["Biased Cognition","Buffer"],"picked":"Reboot","floor":16},{"not_picked":["Rip and Tear+1","Leap+1"],"picked":"Go for the Eyes","floor":18},{"not_picked":["Leap","BootSequence"],"picked":"Consume","floor":20},{"not_picked":["Go for the Eyes+1","Beam Cell","Recycle"],"picked":"SKIP","floor":21},{"not_picked":["Double Energy","Auto Shields"],"picked":"Self Repair","floor":24},{"not_picked":["Beam Cell","Storm+1","Ball Lightning"],"picked":"SKIP","floor":27},{"not_picked":["Capacitor","Streamline"],"picked":"Loop","floor":29},{"not_picked":["Fusion+1","Redo"],"picked":"BootSequence+1","floor":31}],"player_experience":135727,"relics_obtained":[{"floor":8,"key":"Bag of Preparation"},{"floor":9,"key":"Pen Nib"},{"floor":14,"key":"Art of War"},{"floor":24,"key":"Symbiotic Virus"},{"floor":26,"key":"Dodecahedron"}],"event_choices":[{"cards_removed":["Strike_B"],"damage_healed":0,"gold_gain":0,"player_choice":"Forget","damage_taken":0,"max_hp_gain":0,"max_hp_loss":0,"event_name":"Living Wall","floor":3,"gold_loss":0},{"damage_healed":0,"gold_gain":0,"player_choice":"Entered Light","damage_taken":15,"max_hp_gain":0,"max_hp_loss":0,"event_name":"Shining Light","floor":4,"gold_loss":0,"cards_upgraded":["Strike_B","Defend_B"]},{"damage_healed":0,"gold_gain":0,"player_choice":"Donut","damage_taken":0,"max_hp_gain":5,"max_hp_loss":0,"event_name":"Big Fish","floor":10,"gold_loss":0},{"damage_healed":0,"gold_gain":99,"player_choice":"Stole From Cult","damage_taken":0,"max_hp_gain":0,"max_hp_loss":0,"event_name":"Nest","floor":22,"gold_loss":0}],"is_beta":false,"boss_relics":[{"not_picked":["Black Star","Nuclear Battery"],"picked":"Inserter"}],"items_purged_floors":[2,11,19,30],"is_endless":false,"potions_floor_spawned":[1,16,20,27],"killed_by":"Collector","ascension_level":1}