{"gold_per_floor":[109,127,145,159,171,205,216,216,241,241,241],"floor_reached":11,"playtime":1363,"items_purged":[],"score":77,"play_id":"163dbe89-95a7-4c74-bc84-433d944fb0b6","local_time":"20190916181719","is_ascension_mode":false,"campfire_choices":[{"data":"Warcry","floor":8,"key":"SMITH"},{"data":"Second Wind","floor":10,"key":"SMITH"}],"neow_cost":"NONE","seed_source_timestamp":678020832039156,"circlet_count":0,"master_deck":["Strike_R","Strike_R","Strike_R","Strike_R","Defend_R","Defend_R","Defend_R","Defend_R","Bash","Warcry+1","Spot Weakness","Second Wind","Second Wind+1"],"relics":["Burning Blood","Question Card","Orichalcum"],"potions_floor_usage":[11],"damage_taken":[{"damage":6,"enemies":"Cultist","floor":1,"turns":3},{"damage":10,"enemies":"Jaw Worm","floor":2,"turns":5},{"damage":0,"enemies":"2 Louse","floor":3,"turns":3},{"damage":8,"enemies":"Blue Slaver","floor":4,"turns":5},{"damage":35,"enemies":"Large Slime","floor":5,"turns":8},{"damage":35,"enemies":"3 Sentries","floor":6,"turns":8},{"damage":17,"enemies":"2 Fungi Beasts","floor":7,"turns":5},{"damage":9,"enemies":"Blue Slaver","floor":11,"turns":3}],"seed_played":"-5215973958883536672","potions_obtained":[{"floor":1,"key":"LiquidBronze"},{"floor":3,"key":"Strength Potion"},{"floor":4,"key":"PowerPotion"}],"is_trial":false,"path_per_floor":["M","M","M","M","M","E","M","R","T","R","M"],"character_chosen":"IRONCLAD","items_purchased":[],"campfire_rested":0,"item_purchase_floors":[],"current_hp_per_floor":[80,76,80,78,49,20,9,9,9,9,0],"gold":241,"neow_bonus":"REMOVE_CARD","is_prod":false,"is_daily":false,"chose_seed":false,"campfire_upgraded":2,"win_rate":0,"timestamp":1568672239,"path_taken":["M","M","M","M","M","E","M","R","T","R","M"],"build_version":"2019-07-17","purchased_purges":0,"victory":false,"max_hp_per_floor":[80,80,80,80,80,80,80,80,80,80,80],"card_choices":[{"not_picked":["Combust","Heavy Blade","Dropkick"],"picked":"SKIP","floor":1},{"not_picked":["Blood for Blood","Iron Wave"],"picked":"Warcry","floor":2},{"not_picked":["True Grit","Power Through"],"picked":"Spot Weakness","floor":3},{"not_picked":["Armaments","Shrug It Off"],"picked":"Second Wind","floor":4},{"not_picked":["Cleave","Heavy Blade","Combust"],"picked":"SKIP","floor":5},{"not_picked":["Perfected Strike","Reckless Charge","Rage"],"picked":"SKIP","floor":6},{"not_picked":["Warcry","Iron Wave","Dropkick"],"picked":"Second Wind","floor":7}],"player_experience":153925,"relics_obtained":[{"floor":6,"key":"Question Card"},{"floor":9,"key":"Orichalcum"}],"event_choices":[],"is_beta":false,"boss_relics":[],"items_purged_floors":[],"is_endless":false,"potions_floor_spawned":[1,3,4],"killed_by":"Blue Slaver","ascension_level":0}