{"gold_per_floor":[111,74,74,90,90,125,125,141,141,141,152,183,15,35,35,138,138,155,74,86,86,5,5,18,18,43,43],"floor_reached":27,"playtime":721,"items_purged":[],"score":296,"play_id":"f9a54919-d919-4eaa-b6a6-02a67cc03ddb","local_time":"20190908033241","is_ascension_mode":true,"campfire_choices":[{"data":"Zap","floor":7,"key":"SMITH"},{"data":"Coolheaded","floor":10,"key":"SMITH"},{"floor":15,"key":"REST"},{"floor":23,"key":"REST"},{"floor":25,"key":"REST"}],"neow_cost":"NONE","seed_source_timestamp":656854855189300,"circlet_count":0,"master_deck":["Defend_B","Defend_B","Defend_B","Defend_B","Zap+1","Dualcast","Go for the Eyes","Loop+1","Conserve Battery","Coolheaded+1","Conserve Battery","Leap","Leap","Loop","Tempest","Ball Lightning","Buffer","Static Discharge+1","Thunder Strike+1","Consume+1","Loop+1","Loop","Loop","Capacitor+1"],"relics":["Cracked Core","NeowsBlessing","Orichalcum","Boot","Astrolabe","Bag of Preparation"],"potions_floor_usage":[16],"damage_taken":[{"damage":0,"enemies":"Jaw Worm","floor":1,"turns":1},{"damage":0,"enemies":"Small Slimes","floor":4,"turns":1},{"damage":0,"enemies":"Lagavulin","floor":6,"turns":1},{"damage":0,"enemies":"Cultist","floor":8,"turns":4},{"damage":3,"enemies":"Blue Slaver","floor":11,"turns":3},{"damage":19,"enemies":"3 Sentries","floor":12,"turns":7},{"damage":23,"enemies":"Lots of Slimes","floor":14,"turns":4},{"damage":19,"enemies":"Slime Boss","floor":16,"turns":10},{"damage":16,"enemies":"Spheric Guardian","floor":18,"turns":4},{"damage":43,"enemies":"2 Thieves","floor":20,"turns":5},{"damage":32,"enemies":"Snake Plant","floor":24,"turns":5},{"damage":40,"enemies":"3 Cultists","floor":27,"turns":4}],"seed_played":"4634322620270816830","potions_obtained":[{"floor":1,"key":"Ancient Potion"},{"floor":11,"key":"Dexterity Potion"},{"floor":16,"key":"Weak Potion"},{"floor":20,"key":"FocusPotion"},{"floor":21,"key":"SneckoOil"},{"floor":24,"key":"PowerPotion"}],"is_trial":false,"path_per_floor":["M","$","?","M","?","E","R","M","T","R","M","E","$","M","R","B",null,"M","$","M","?","$","R","M","R","T","M"],"character_chosen":"DEFECT","items_purchased":["Loop","Loop","Tempest","Ball Lightning","Loop","Loop"],"campfire_rested":3,"item_purchase_floors":[2,13,13,13,19,22],"current_hp_per_floor":[75,75,68,68,53,53,53,53,53,53,50,31,31,8,30,11,75,59,59,16,16,16,38,6,28,28,0],"gold":43,"neow_bonus":"THREE_ENEMY_KILL","is_prod":false,"is_daily":false,"chose_seed":false,"campfire_upgraded":2,"win_rate":0,"timestamp":1567931561,"path_taken":["M","$","?","M","?","E","R","M","T","R","M","E","$","M","R","BOSS","M","$","M","?","$","R","M","R","T","M"],"build_version":"2019-07-17","purchased_purges":0,"victory":false,"max_hp_per_floor":[75,75,75,75,75,75,75,75,75,75,75,75,75,75,75,75,75,75,75,75,75,75,75,75,75,75,75],"card_choices":[{"not_picked":["White Noise","Darkness"],"picked":"Go for the Eyes","floor":1},{"not_picked":["Rebound","Barrage"],"picked":"Conserve Battery","floor":4},{"not_picked":["Chaos","Auto Shields"],"picked":"Coolheaded","floor":6},{"not_picked":["Hologram","Beam Cell"],"picked":"Conserve Battery","floor":8},{"not_picked":["Conserve Battery","Gash"],"picked":"Leap","floor":11},{"not_picked":["Darkness","FTL"],"picked":"Leap","floor":12},{"not_picked":["Stack","Static Discharge","Compile Driver"],"picked":"SKIP","floor":14},{"not_picked":["Thunder Strike","Hyperbeam"],"picked":"Buffer","floor":16},{"not_picked":["Redo","Hello World+1"],"picked":"Loop+1","floor":18},{"not_picked":["Turbo","Redo+1","Stack+1"],"picked":"SKIP","floor":20},{"not_picked":["Rebound","Sweeping Beam"],"picked":"Capacitor+1","floor":24}],"player_experience":163397,"relics_obtained":[{"floor":6,"key":"Orichalcum"},{"floor":12,"key":"Boot"},{"floor":26,"key":"Bag of Preparation"}],"event_choices":[{"cards_removed":["Strike_B"],"damage_healed":0,"gold_gain":0,"player_choice":"Card Removal","damage_taken":7,"max_hp_gain":0,"max_hp_loss":0,"event_name":"Golden Wing","floor":3,"gold_loss":0},{"damage_healed":0,"gold_gain":0,"player_choice":"Entered Light","damage_taken":15,"max_hp_gain":0,"max_hp_loss":0,"event_name":"Shining Light","floor":5,"gold_loss":0,"cards_upgraded":["Strike_B","Loop"]},{"damage_healed":0,"gold_gain":0,"player_choice":"Got Potions","damage_taken":0,"max_hp_gain":0,"max_hp_loss":0,"event_name":"Lab","floor":21,"gold_loss":0}],"is_beta":false,"boss_relics":[{"not_picked":["Ectoplasm","Fusion Hammer"],"picked":"Astrolabe"}],"items_purged_floors":[],"is_endless":false,"potions_floor_spawned":[1,11,16,20,24],"killed_by":"3 Cultists","ascension_level":2}