{"path_per_floor":["M","?","M","M","M","R","M","R","T","M","M","R","$","E","R","B",null,"M","?","$","M","M","R","T"],"character_chosen":"THE_SILENT","items_purchased":["Regen Potion","Strength Potion","Dash"],"gold_per_floor":[119,119,129,146,116,116,127,127,127,147,158,158,56,81,81,183,183,171,171,17,27,43,43,68],"floor_reached":25,"campfire_rested":1,"playtime":2273,"current_hp_per_floor":[70,70,70,70,70,70,58,58,58,58,58,58,58,62,62,51,70,38,38,38,50,19,40,47],"items_purged":["Normality"],"gold":68,"score":203,"play_id":"3601368a-0c8d-46f5-b671-c9bb8bca9903","is_prod":false,"is_daily":false,"is_ascension_mode":false,"campfire_upgraded":4,"path_taken":["M","?","M","M","M","R","M","R","T","M","M","R","$","E","R","BOSS","M","?","$","M","M","R","?","E"],"build_version":"2018-02-15-PROD1","purchased_purges":1,"victory":false,"master_deck":["Defend_G","Defend_G","Defend_G","Defend_G","Defend_G","Strike_G","Strike_G","Strike_G","Strike_G","Strike_G","Survivor","Neutralize+1","Blur+1","Bullet Time+1","Infinite Blades","Acrobatics+1","Acrobatics+1","Dagger Spray","Envenom","A Thousand Cuts","Decay","Regret","Dash+1","Dash","Calculated Gamble","Quick Slash+1"],"max_hp_per_floor":[70,70,70,70,70,70,70,70,70,70,70,70,70,70,70,70,70,70,70,70,70,70,70,77],"relics":["Ring of the Snake","Shuriken","Bag of Marbles","Calling Bell","Juzu Bracelet","Tingsha","Unceasing Top","Strawberry"],"card_choices":[{"not_picked":["Prepared","Skewer"],"picked":"Blur"},{"not_picked":["Slice","Backflip"],"picked":"Bullet Time"},{"not_picked":["Deflect","Noxious Fumes"],"picked":"Infinite Blades"},{"not_picked":["Heel Hook","All Out Attack"],"picked":"Acrobatics"},{"not_picked":["Dash","Distraction"],"picked":"Acrobatics"},{"not_picked":["PiercingWail","Quick Slash"],"picked":"Dagger Spray"},{"not_picked":["Glass Knife","Distraction"],"picked":"Envenom"},{"not_picked":["Unload","After Image"],"picked":"A Thousand Cuts"},{"not_picked":["Flying Knee","Footwork"],"picked":"Dash"},{"not_picked":["Outmaneuver","Bouncing Flask"],"picked":"Calculated Gamble"},{"not_picked":["PiercingWail","Poisoned Stab"],"picked":"Quick Slash"}],"player_experience":2055,"potions_floor_usage":[14,16,16,16,21,25],"damage_taken":[{"damage":0,"enemies":"Jaw Worm","floor":1,"turns":5},{"damage":0,"enemies":"Cultist","floor":3,"turns":3},{"damage":0,"enemies":"Small Slimes","floor":4,"turns":5},{"damage":0,"enemies":"Looter","floor":5,"turns":4},{"damage":12,"enemies":"Large Slime","floor":7,"turns":10},{"damage":0,"enemies":"Exordium Wildlife","floor":10,"turns":4},{"damage":0,"enemies":"2 Fungi Beasts","floor":11,"turns":4},{"damage":8,"enemies":"Lagavulin","floor":14,"turns":9},{"damage":11,"enemies":"Hexaghost","floor":16,"turns":6},{"damage":32,"enemies":"2 Thieves","floor":18,"turns":4},{"damage":3,"enemies":"3 Byrds","floor":21,"turns":7},{"damage":31,"enemies":"Snake Plant","floor":22,"turns":5},{"damage":65,"enemies":"Book of Stabbing","floor":25,"turns":5}],"event_choices":[{"event_name":"Upgrade Shrine","player_choice":"Upgraded","floor":2,"damage_taken":0},{"event_name":"Drug Dealer","player_choice":"Ignored","floor":19,"damage_taken":0}],"boss_relics":[{"not_picked":["Eternal Feather","Runic Pyramid"],"picked":"Calling Bell"}],"potions_floor_spawned":[4,7,14,18,22],"seed_played":"-4755991785910616204","killed_by":"Book of Stabbing","ascension_level":0,"is_trial":false}