{"gold_per_floor":[118,43,43,55,55,55,128,144,144,144,144],"floor_reached":11,"playtime":663,"items_purged":["Defend_R"],"score":122,"play_id":"3a7603b6-1b41-4339-bcb6-7d4c581761e3","local_time":"20190917172807","is_ascension_mode":true,"campfire_choices":[{"data":"Bash","floor":6.0,"key":"SMITH"}],"neow_cost":"NONE","seed_source_timestamp":541814655745599,"circlet_count":0,"master_deck":["AscendersBane","Strike_R","Strike_R","Strike_R","Strike_R","Defend_R","Defend_R","Defend_R","Bash+1","True Grit","Dropkick","Pommel Strike"],"special_seed":0,"relics":["Burning Blood","Happy Flower","Golden Idol","Singing Bowl","Letter Opener","Question Card"],"potions_floor_usage":[8],"damage_taken":[{"damage":9.0,"enemies":"Jaw Worm","floor":1.0,"turns":4.0},{"damage":8.0,"enemies":"2 Louse","floor":4.0,"turns":2.0},{"damage":5,"enemies":"Small Slimes","floor":8,"turns":3},{"damage":39,"enemies":"Exordium Wildlife","floor":11,"turns":4}],"seed_played":"-1658198840124121517","potions_obtained":[{"floor":1.0,"key":"Strength Potion"},{"floor":4.0,"key":"Swift Potion"}],"is_trial":false,"path_per_floor":["M","$","?","M","?","R","T","M","T","?","M"],"character_chosen":"IRONCLAD","items_purchased":[],"campfire_rested":0,"item_purchase_floors":[],"current_hp_per_floor":[65,65,58,56,56,56,56,57,57,31,0],"gold":144,"neow_bonus":"RANDOM_COMMON_RELIC","is_prod":false,"is_daily":false,"chose_seed":false,"campfire_upgraded":1,"win_rate":0,"timestamp":1568759287,"path_taken":["M","$","?","M","?","R","?","M","T","?","?"],"build_version":"2019-07-17","purchased_purges":1,"victory":false,"max_hp_per_floor":[75,75,75,75,68,68,68,68,68,68,68],"card_choices":[{"not_picked":["Infernal Blade","Intimidate"],"picked":"True Grit","floor":1.0},{"not_picked":["Flame Barrier","Clothesline"],"picked":"Dropkick","floor":4.0},{"not_picked":["Iron Wave","Wild Strike"],"picked":"Pommel Strike","floor":8}],"player_experience":1330017,"relics_obtained":[{"floor":7.0,"key":"Singing Bowl"},{"floor":9,"key":"Letter Opener"}],"event_choices":[{"cards_removed":["Strike_R"],"damage_healed":0.0,"max_hp_gain":0.0,"max_hp_loss":0.0,"gold_gain":0.0,"event_name":"Golden Wing","player_choice":"Card Removal","floor":3.0,"gold_loss":0.0,"damage_taken":7.0},{"damage_healed":0.0,"max_hp_gain":0.0,"max_hp_loss":7.0,"gold_gain":0.0,"event_name":"Golden Idol","player_choice":"Lose Max HP","floor":5.0,"gold_loss":0.0,"damage_taken":0.0,"relics_obtained":["Golden Idol"]},{"damage_healed":0,"gold_gain":0,"player_choice":"Success","damage_taken":26,"relics_obtained":["Question Card"],"max_hp_gain":0,"max_hp_loss":0,"event_name":"Scrap Ooze","floor":10,"gold_loss":0}],"is_beta":false,"boss_relics":[],"items_purged_floors":[2],"is_endless":false,"potions_floor_spawned":[1,4],"killed_by":"Exordium Wildlife","ascension_level":20}