{"gold_per_floor":[113,129,142,142,217,217,250,250,250,276,276,294,304,320,320,425,425,415,415,430,430,440,440,472,472,472,504,454,553,553,573,573,677,677,689,585,602,618,618,618,636,652,652,683,683,683,698,717,717,717],"floor_reached":51,"playtime":1817,"items_purged":["Writhe"],"score":797,"play_id":"2147259b-c120-47dd-9810-4fa660796f55","local_time":"20190502070747","is_ascension_mode":true,"campfire_choices":[{"floor":6,"key":"REST"},{"floor":8,"key":"REST"},{"data":"Infernal Blade","floor":15,"key":"SMITH"},{"data":"Inflame","floor":23,"key":"SMITH"},{"data":"Armaments","floor":25,"key":"SMITH"},{"data":"Spot Weakness","floor":30,"key":"SMITH"},{"data":"Inflame","floor":32,"key":"SMITH"},{"data":"Limit Break","floor":40,"key":"SMITH"},{"data":"Twin Strike","floor":46,"key":"SMITH"},{"floor":49,"key":"REST"}],"neow_cost":"NONE","seed_source_timestamp":2274597860763,"circlet_count":0,"master_deck":["Strike_R","Strike_R","Strike_R","Strike_R","Strike_R","Defend_R","Defend_R","Defend_R+1","Defend_R+1","Bash","Fiend Fire","Metallicize","Headbutt","Clothesline","Twin Strike+1","Shrug It Off","Infernal Blade+1","Reaper","Inflame+1","Inflame+1","Armaments+1","Spot Weakness+1","Limit Break+1","Anger+1","Heavy Blade","Sword Boomerang+1","Cleave"],"relics":["Burning Blood","Smiling Mask","Self Forming Clay","Red Skull","Velvet Choker","Bag of Marbles","Vajra","Bronze Scales","Ancient Tea Set","Black Star","Champion Belt","Dodecahedron","Bottled Lightning","Blood Vial"],"potions_floor_usage":[10,10,14,16,33,33,33,36,44,50,50,50],"damage_taken":[{"damage":23,"enemies":"Small Slimes","floor":1,"turns":4},{"damage":20,"enemies":"Jaw Worm","floor":2,"turns":4},{"damage":11,"enemies":"2 Louse","floor":3,"turns":2},{"damage":36,"enemies":"3 Sentries","floor":7,"turns":10},{"damage":19,"enemies":"Lagavulin","floor":10,"turns":9},{"damage":3,"enemies":"Looter","floor":12,"turns":2},{"damage":2,"enemies":"2 Fungi Beasts","floor":13,"turns":4},{"damage":8,"enemies":"Exordium Thugs","floor":14,"turns":4},{"damage":19,"enemies":"The Guardian","floor":16,"turns":11},{"damage":25,"enemies":"2 Thieves","floor":18,"turns":4},{"damage":4,"enemies":"Chosen","floor":20,"turns":3},{"damage":26,"enemies":"Shelled Parasite and Fungi","floor":22,"turns":5},{"damage":42,"enemies":"Book of Stabbing","floor":24,"turns":6},{"damage":11,"enemies":"Gremlin Leader","floor":27,"turns":5},{"damage":13,"enemies":"Centurion and Healer","floor":31,"turns":4},{"damage":57,"enemies":"Collector","floor":33,"turns":9},{"damage":46,"enemies":"3 Darklings","floor":35,"turns":4},{"damage":10,"enemies":"3 Shapes","floor":37,"turns":3},{"damage":24,"enemies":"Jaw Worm Horde","floor":38,"turns":3},{"damage":24,"enemies":"Sphere and 2 Shapes","floor":41,"turns":4},{"damage":34,"enemies":"3 Darklings","floor":42,"turns":4},{"damage":44,"enemies":"Nemesis","floor":44,"turns":7},{"damage":13,"enemies":"Transient","floor":47,"turns":5},{"damage":52,"enemies":"Sphere and 2 Shapes","floor":48,"turns":4},{"damage":29,"enemies":"Time Eater","floor":50,"turns":8}],"seed_played":"2142702411955340082","potions_obtained":[{"floor":2,"key":"Block Potion"},{"floor":3,"key":"PowerPotion"},{"floor":7,"key":"PowerPotion"},{"floor":13,"key":"AttackPotion"},{"floor":16,"key":"Strength Potion"},{"floor":22,"key":"Swift Potion"},{"floor":24,"key":"Strength Potion"},{"floor":35,"key":"Ancient Potion"},{"floor":41,"key":"BloodPotion"},{"floor":42,"key":"Dexterity Potion"},{"floor":47,"key":"Dexterity Potion"}],"is_trial":false,"path_per_floor":["M","M","M","?","?","R","E","R","T","E","?","M","M","M","R","B",null,"M","?","M","?","M","R","E","R","T","E","$","?","R","M","R","B",null,"M","$","M","M","T","R","M","M","T","E","?","R","M","M","R","B",null],"character_chosen":"IRONCLAD","items_purchased":["Fruit Juice"],"campfire_rested":3,"item_purchase_floors":[36],"current_hp_per_floor":[63,49,44,28,17,41,11,35,35,22,22,25,29,27,27,14,80,65,65,67,67,53,53,29,29,29,38,38,38,38,55,55,40,80,40,45,41,63,63,63,45,47,47,43,43,43,52,22,47,60],"gold":717,"neow_bonus":"ONE_RANDOM_RARE_CARD","is_prod":false,"is_daily":false,"chose_seed":false,"campfire_upgraded":7,"win_rate":0,"timestamp":1556798867,"path_taken":["M","M","M","?","?","R","E","R","T","E","?","M","M","M","R","BOSS","M","?","M","?","M","R","E","R","T","E","$","?","R","?","R","BOSS","M","$","M","M","?","R","M","M","T","E","?","R","M","M","R","BOSS"],"build_version":"2019-01-23","purchased_purges":1,"victory":true,"max_hp_per_floor":[80,80,80,80,80,80,80,80,80,80,80,80,80,80,80,80,80,80,80,80,80,80,80,80,80,80,80,80,80,80,80,80,80,80,80,85,85,85,85,85,85,85,85,85,85,85,85,85,85,85],"card_choices":[{"not_picked":["Body Slam","Heavy Blade"],"picked":"Metallicize","floor":1},{"not_picked":["Sever Soul","Second Wind","Dropkick"],"picked":"SKIP","floor":2},{"not_picked":["Evolve","Infernal Blade"],"picked":"Headbutt","floor":3},{"not_picked":["Uppercut","Havoc"],"picked":"Corruption","floor":7},{"not_picked":["Berserk","Pummel"],"picked":"Clothesline","floor":10},{"not_picked":["Rampage","Clash"],"picked":"Twin Strike","floor":12},{"not_picked":["Evolve","Thunderclap"],"picked":"Shrug It Off","floor":13},{"not_picked":["Feel No Pain","Heavy Blade"],"picked":"Infernal Blade","floor":14},{"not_picked":["Juggernaut","Double Tap"],"picked":"Reaper","floor":16},{"not_picked":["Sever Soul","Carnage"],"picked":"Inflame","floor":18},{"not_picked":["Clothesline","Wild Strike","Iron Wave"],"picked":"SKIP","floor":20},{"not_picked":["Reckless Charge","Iron Wave+1"],"picked":"Inflame","floor":22},{"not_picked":["Sentinel+1","Thunderclap"],"picked":"Armaments","floor":24},{"not_picked":["Thunderclap","Uppercut"],"picked":"Spot Weakness","floor":27},{"not_picked":["Shockwave+1","Heavy Blade","Seeing Red"],"picked":"SKIP","floor":31},{"not_picked":["Offering","Brutality"],"picked":"Limit Break","floor":33},{"not_picked":["Thunderclap","Power Through"],"picked":"Anger+1","floor":35},{"not_picked":["Anger+1","Warcry+1"],"picked":"Heavy Blade","floor":37},{"not_picked":["Carnage","Hemokinesis+1","Havoc"],"picked":"SKIP","floor":38},{"not_picked":["Second Wind","Headbutt"],"picked":"Sword Boomerang+1","floor":41},{"not_picked":["Immolate","Clothesline"],"picked":"Cleave","floor":42},{"not_picked":["Clash+1","Rampage","Headbutt"],"picked":"SKIP","floor":44},{"not_picked":["Rampage","Body Slam+1","Bloodletting"],"picked":"SKIP","floor":47},{"not_picked":["Heavy Blade","Clothesline+1","Battle Trance+1"],"picked":"SKIP","floor":48}],"player_experience":108619,"relics_obtained":[{"floor":7,"key":"Smiling Mask"},{"floor":9,"key":"Self Forming Clay"},{"floor":10,"key":"Red Skull"},{"floor":24,"key":"Vajra"},{"floor":26,"key":"Bronze Scales"},{"floor":27,"key":"Ancient Tea Set"},{"floor":39,"key":"Champion Belt"},{"floor":43,"key":"Dodecahedron"},{"floor":44,"key":"Bottled Lightning"},{"floor":44,"key":"Blood Vial"}],"event_choices":[{"damage_healed":0,"gold_gain":0,"player_choice":"Entered Light","damage_taken":16,"max_hp_gain":0,"max_hp_loss":0,"event_name":"Shining Light","floor":4,"gold_loss":0,"cards_upgraded":["Defend_R","Defend_R"]},{"damage_healed":0,"gold_gain":75,"player_choice":"Gather Gold","damage_taken":11,"max_hp_gain":0,"max_hp_loss":0,"event_name":"World of Goop","floor":5,"gold_loss":0},{"damage_healed":0,"gold_gain":0,"player_choice":"Searched \u00270\u0027 times","damage_taken":0,"max_hp_gain":0,"max_hp_loss":0,"event_name":"Dead Adventurer","floor":11,"gold_loss":0},{"cards_removed":["Corruption"],"damage_healed":0,"gold_gain":0,"player_choice":"Elegance","damage_taken":0,"max_hp_gain":0,"max_hp_loss":0,"event_name":"Back to Basics","floor":19,"gold_loss":0},{"damage_healed":0,"gold_gain":0,"player_choice":"Opened","damage_taken":0,"relics_obtained":["Bag of Marbles"],"max_hp_gain":0,"max_hp_loss":0,"event_name":"The Mausoleum","floor":21,"gold_loss":0,"cards_obtained":["Writhe"]},{"damage_healed":0,"gold_gain":99,"player_choice":"Stole From Cult","damage_taken":0,"max_hp_gain":0,"max_hp_loss":0,"event_name":"Nest","floor":29,"gold_loss":0},{"damage_healed":0,"gold_gain":0,"player_choice":"Ignored","damage_taken":0,"max_hp_gain":0,"max_hp_loss":0,"event_name":"SecretPortal","floor":45,"gold_loss":0}],"is_beta":false,"boss_relics":[{"not_picked":["Black Blood","Philosopher\u0027s Stone"],"picked":"Velvet Choker"},{"not_picked":["Tiny House","Coffee Dripper"],"picked":"Black Star"}],"items_purged_floors":[28],"is_endless":false,"potions_floor_spawned":[2,3,7,13,16,22,24,35,41,42,47],"ascension_level":2}