{"gold_per_floor":[117,44,62,62,337,337,215,228,254,282,282,320,332,344,356,467,479,502,320,320,331,180,180,190,204,234,234],"floor_reached":27,"playtime":1058,"items_purged":["Regret","Regret"],"score":209,"play_id":"4779208e-4197-4f36-9295-a2e09f328302","local_time":"20190426182801","is_ascension_mode":false,"campfire_choices":[{"data":"Zap","floor":6,"key":"SMITH"},{"floor":13,"key":"REST"},{"floor":15,"key":"REST"},{"data":"Echo Form","floor":23,"key":"SMITH"}],"neow_cost":"NONE","seed_source_timestamp":229435258917405,"circlet_count":0,"master_deck":["Strike_B+1","Strike_B+1","Defend_B","Defend_B","Defend_B","Zap+1","Dualcast","Barrage","Sweeping Beam","Darkness","Coolheaded","Coolheaded+1","Streamline","Barrage","Barrage","Echo Form+1","Glacier+1","Scrape+1","Buffer+1","Auto Shields","Capacitor","Cold Snap","Swift Strike","Zap","Coolheaded+1","Leap"],"relics":["Cracked Core","Bag of Preparation","Centennial Puzzle","Dream Catcher","MawBank","Blood Vial","Astrolabe","War Paint","Tiny Chest"],"potions_floor_usage":[],"damage_taken":[{"damage":1,"enemies":"Jaw Worm","floor":1,"turns":3},{"damage":4,"enemies":"Cultist","floor":3,"turns":4},{"damage":10,"enemies":"2 Louse","floor":8,"turns":2},{"damage":41,"enemies":"3 Sentries","floor":10,"turns":7},{"damage":42,"enemies":"Hexaghost","floor":16,"turns":10},{"damage":15,"enemies":"Chosen","floor":18,"turns":5},{"damage":16,"enemies":"Spheric Guardian","floor":21,"turns":4},{"damage":32,"enemies":"3 Cultists","floor":24,"turns":6},{"damage":10,"enemies":"Centurion and Healer","floor":25,"turns":9},{"damage":12,"enemies":"Cultist and Chosen","floor":27,"turns":4}],"seed_played":"-8350920027801289132","potions_obtained":[{"floor":10,"key":"LiquidBronze"},{"floor":16,"key":"SpeedPotion"},{"floor":18,"key":"Regen Potion"}],"is_trial":false,"path_per_floor":["M","$","M","?","?","R","$","M","T","E","?","T","R","?","R","B",null,"M","$","?","M","$","R","M","M","T","M"],"character_chosen":"DEFECT","items_purchased":["Darkness","Coolheaded","Capacitor","Cold Snap","War Paint"],"campfire_rested":2,"item_purchase_floors":[2,7,19,19,22],"current_hp_per_floor":[74,74,70,70,70,70,70,60,60,19,16,16,38,23,45,5,75,60,60,60,46,46,46,16,8,8,0],"gold":234,"neow_bonus":"THREE_CARDS","is_prod":false,"is_daily":false,"chose_seed":false,"campfire_upgraded":2,"win_rate":0.0,"timestamp":1556321281,"path_taken":["M","$","M","?","?","R","$","?","T","E","?","?","R","?","R","BOSS","M","$","?","M","$","R","M","?","T","M"],"build_version":"2019-01-23","purchased_purges":2,"victory":false,"max_hp_per_floor":[75,75,75,75,75,75,75,75,75,75,75,75,75,75,75,75,75,75,75,75,75,75,75,75,75,75,75],"card_choices":[{"not_picked":["Turbo","Tempest"],"picked":"Barrage","floor":0},{"not_picked":["Turbo","Tempest"],"picked":"Sweeping Beam","floor":1},{"not_picked":["Beam Cell","Heatsinks","Reprogram"],"picked":"SKIP","floor":3},{"not_picked":["Chaos","Turbo"],"picked":"Coolheaded","floor":8},{"not_picked":["Beam Cell","Consume"],"picked":"Streamline","floor":10},{"not_picked":["Streamline","Turbo"],"picked":"Barrage","floor":13},{"not_picked":["Coolheaded","Beam Cell"],"picked":"Barrage","floor":15},{"not_picked":["Fission","Biased Cognition"],"picked":"Echo Form","floor":16},{"not_picked":["Barrage+1","Hello World+1"],"picked":"Auto Shields","floor":18},{"not_picked":["Barrage","Sweeping Beam"],"picked":"Coolheaded","floor":21},{"not_picked":["Chaos","Reprogram","Stack"],"picked":"SKIP","floor":24},{"not_picked":["Gash","Auto Shields+1"],"picked":"Leap","floor":25}],"player_experience":94315,"relics_obtained":[{"floor":9,"key":"Centennial Puzzle"},{"floor":10,"key":"Dream Catcher"},{"floor":12,"key":"Blood Vial"},{"floor":26,"key":"Tiny Chest"}],"event_choices":[{"damage_healed":0,"gold_gain":0,"player_choice":"Box","damage_taken":0,"relics_obtained":["Bag of Preparation"],"max_hp_gain":0,"max_hp_loss":0,"event_name":"Big Fish","floor":4,"gold_loss":0,"cards_obtained":["Regret"]},{"damage_healed":0,"gold_gain":275,"player_choice":"Desecrate","damage_taken":0,"max_hp_gain":0,"max_hp_loss":0,"event_name":"Golden Shrine","floor":5,"gold_loss":0,"cards_obtained":["Regret"]},{"damage_healed":0,"gold_gain":0,"player_choice":"Success","damage_taken":3,"relics_obtained":["MawBank"],"max_hp_gain":0,"max_hp_loss":0,"event_name":"Scrap Ooze","floor":11,"gold_loss":0},{"damage_healed":0,"gold_gain":0,"player_choice":"Entered Light","damage_taken":15,"max_hp_gain":0,"max_hp_loss":0,"event_name":"Shining Light","floor":14,"gold_loss":0,"cards_upgraded":["Strike_B","Strike_B"]},{"damage_healed":0,"gold_gain":0,"player_choice":"2 cards matched","damage_taken":0,"max_hp_gain":0,"max_hp_loss":0,"event_name":"Match and Keep!","floor":20,"gold_loss":0,"cards_obtained":["Swift Strike","Zap"]}],"is_beta":false,"boss_relics":[{"not_picked":["Empty Cage","Ectoplasm"],"picked":"Astrolabe"}],"items_purged_floors":[7,19],"is_endless":false,"potions_floor_spawned":[10,16,18,25],"killed_by":"Cultist and Chosen","ascension_level":0}