{"path_per_floor":["M","?","?","M","M","R","M","?","T","E","M","M","M","M","R","B",null,"M","$","?","?","M","R","M"],"character_chosen":"THE_SILENT","items_purchased":["Paper Crane"],"gold_per_floor":[14,14,14,32,47,47,59,59,59,86,100,112,127,141,141,239,239,255,4,4,4,17,17,32,32],"floor_reached":25,"campfire_rested":2,"playtime":1157,"current_hp_per_floor":[69,69,70,70,69,69,69,69,69,58,58,50,49,48,69,40,70,41,41,25,25,17,38,18,0],"items_purged":[],"gold":32,"score":207,"play_id":"dca6a9c7-afee-42e6-8182-988cb735d946","local_time":"20180324112438","is_prod":false,"is_daily":false,"is_ascension_mode":false,"campfire_upgraded":1,"timestamp":1521908678,"path_taken":["M","?","?","M","M","R","M","?","T","E","M","M","M","M","R","BOSS","M","$","?","?","M","R","M","M"],"build_version":"2018-03-22v2","purchased_purges":0,"victory":false,"master_deck":["Defend_G","Defend_G","Defend_G","Defend_G","Defend_G","Strike_G","Strike_G","Strike_G","Strike_G","Strike_G","Survivor","Neutralize","Sucker Punch","Die Die Die","Prepared+1","Predator","Sucker Punch","Outmaneuver","Dagger Throw","Skewer","Footwork","Underhanded Strike","Dagger Throw","Underhanded Strike+1"],"max_hp_per_floor":[70,70,70,70,70,70,70,70,70,70,70,70,70,70,70,70,70,70,70,70,70,70,70,70,70],"relics":["Ring of the Snake","Torii","Vajra","Unceasing Top","Omamori","Black Star","Paper Crane"],"card_choices":[{"not_picked":["Deadly Poison","All Out Attack"],"picked":"Sucker Punch","floor":1},{"not_picked":["Calculated Gamble","Masterful Stab"],"picked":"Prepared","floor":4},{"not_picked":["Poisoned Stab","Slice"],"picked":"Predator","floor":5},{"not_picked":["Slice","Underhanded Strike"],"picked":"Sucker Punch","floor":7},{"not_picked":["Accuracy","Quick Slash"],"picked":"Outmaneuver","floor":10},{"not_picked":["Underhanded Strike","Bouncing Flask"],"picked":"Dagger Throw","floor":11},{"not_picked":["Blur","Infinite Blades"],"picked":"Skewer","floor":12},{"not_picked":["Venomology","Dagger Throw"],"picked":"Footwork","floor":13},{"not_picked":["Dagger Spray","Backstab"],"picked":"Underhanded Strike","floor":14},{"not_picked":["Dodge and Roll","Prepared"],"picked":"Dagger Throw","floor":18},{"not_picked":["Leg Sweep","All Out Attack"],"picked":"Underhanded Strike","floor":24}],"player_experience":53112,"potions_floor_usage":[16,16,25],"damage_taken":[{"damage":1,"enemies":"Cultist","floor":1,"turns":5},{"damage":0,"enemies":"Small Slimes","floor":4,"turns":2},{"damage":1,"enemies":"Jaw Worm","floor":5,"turns":4},{"damage":0,"enemies":"2 Fungi Beasts","floor":7,"turns":2},{"damage":11,"enemies":"Gremlin Nob","floor":10,"turns":4},{"damage":0,"enemies":"Large Slime","floor":11,"turns":5},{"damage":8,"enemies":"Looter","floor":12,"turns":3},{"damage":1,"enemies":"Blue Slaver","floor":13,"turns":2},{"damage":1,"enemies":"Exordium Thugs","floor":14,"turns":3},{"damage":29,"enemies":"The Guardian","floor":16,"turns":13},{"damage":29,"enemies":"3 Byrds","floor":18,"turns":7},{"damage":8,"enemies":"Chosen","floor":22,"turns":6},{"damage":20,"enemies":"Snecko","floor":24,"turns":6},{"damage":35,"enemies":"Slaver and Parasite","floor":25,"turns":3}],"event_choices":[{"event_name":"Match and Keep!","player_choice":"2 cards matched","floor":2,"damage_taken":0},{"event_name":"Bonfire Elementals","player_choice":"UNCOMMON","floor":3,"damage_taken":0},{"event_name":"Dead Adventurer","player_choice":"Searched \u00271\u0027 times","floor":8,"damage_taken":0},{"event_name":"Knowing Skull","player_choice":"POTION ","floor":20,"damage_taken":0},{"event_name":"Drug Dealer","player_choice":"Ignored","floor":21,"damage_taken":0}],"boss_relics":[{"not_picked":["Ectoplasm","Orrery"],"picked":"Black Star"}],"potions_floor_spawned":[7,10,11,12,14,16,22],"seed_played":"-1767588524870287414","killed_by":"Slaver and Parasite","ascension_level":0,"is_trial":false}