{"gold_per_floor":[109,120,120,143,143,143,184,184,210,234,234,254,279,279,279,408,408,421,437,192,230,245,245,280,300,300,300,321,321,321,122,122,247,310,323,343,99,99,224,263,281,324,373,404,626,122,122,136,136,136,136,136,12,46,46],"floor_reached":55,"playtime":3240,"items_purged":["Strike_B","Writhe","Strike_B","Strike_B"],"score":890,"play_id":"9ee1fb3a-b56d-4da4-990c-4d7901bf2f57","local_time":"20190915154730","is_ascension_mode":true,"campfire_choices":[{"floor":6.0,"key":"RECALL"},{"data":"Sunder","floor":8.0,"key":"SMITH"},{"data":"Force Field","floor":11.0,"key":"SMITH"},{"data":"Streamline","floor":15.0,"key":"SMITH"},{"data":"Sunder","floor":23.0,"key":"SMITH"},{"data":"Echo Form","floor":27.0,"key":"SMITH"},{"data":"Machine Learning","floor":32.0,"key":"SMITH"},{"data":"Buffer","floor":47.0,"key":"SMITH"},{"floor":49.0,"key":"REST"},{"data":"Defend_B","floor":52.0,"key":"SMITH"}],"neow_cost":"NONE","seed_source_timestamp":429516878592931,"circlet_count":0,"master_deck":["Strike_B","Defend_B+1","Defend_B","Defend_B","Defend_B+1","Zap","Dualcast","Fusion","Force Field+1","Sunder+1","Streamline+1","Sunder+1","Buffer+1","Streamline+1","Machine Learning+1","Streamline+1","Echo Form+1","Machine Learning","Undo+1","Apotheosis","Force Field+1","Go for the Eyes+1","All For One+1","Hyperbeam+1","Beam Cell+1"],"special_seed":0,"relics":["Snecko Eye","Golden Idol","Smiling Mask","Happy Flower","Sozu","Medical Kit","Red Mask","Sundial","Molten Egg 2","Orichalcum","Tiny House","Calipers","Pear","Bottled Flame","PreservedInsect","Shuriken","Mango","Blood Vial"],"potions_floor_usage":[],"damage_taken":[{"damage":6.0,"enemies":"Jaw Worm","floor":1.0,"turns":3.0},{"damage":0.0,"enemies":"Small Slimes","floor":2.0,"turns":3.0},{"damage":0.0,"enemies":"Cultist","floor":4.0,"turns":5.0},{"damage":0.0,"enemies":"Gremlin Nob","floor":7.0,"turns":3.0},{"damage":0.0,"enemies":"Blue Slaver","floor":10.0,"turns":2.0},{"damage":0.0,"enemies":"Large Slime","floor":12.0,"turns":5.0},{"damage":0.0,"enemies":"3 Louse","floor":13.0,"turns":3.0},{"damage":14.0,"enemies":"The Guardian","floor":16.0,"turns":7.0},{"damage":0.0,"enemies":"Shell Parasite","floor":18.0,"turns":3.0},{"damage":0.0,"enemies":"Spheric Guardian","floor":19.0,"turns":2.0},{"damage":5.0,"enemies":"Masked Bandits","floor":21.0,"turns":3.0},{"damage":0.0,"enemies":"Centurion and Healer","floor":22.0,"turns":4.0},{"damage":18.0,"enemies":"Slavers","floor":24.0,"turns":4.0},{"damage":0.0,"enemies":"Snake Plant","floor":25.0,"turns":2.0},{"damage":6.0,"enemies":"Cultist and Chosen","floor":28.0,"turns":3.0},{"damage":54.0,"enemies":"Collector","floor":33.0,"turns":5.0},{"damage":0.0,"enemies":"3 Shapes","floor":35.0,"turns":3.0},{"damage":0.0,"enemies":"Orb Walker","floor":36.0,"turns":3.0},{"damage":16.0,"enemies":"Mind Bloom Boss Battle","floor":39.0,"turns":6.0},{"damage":0.0,"enemies":"Giant Head","floor":40.0,"turns":7.0},{"damage":8.0,"enemies":"Transient","floor":41.0,"turns":5.0},{"damage":19.0,"enemies":"Nemesis","floor":42.0,"turns":7.0},{"damage":0.0,"enemies":"Reptomancer","floor":44.0,"turns":5.0},{"damage":2.0,"enemies":"Writhing Mass","floor":48.0,"turns":5.0},{"damage":10.0,"enemies":"Donu and Deca","floor":50.0,"turns":8.0},{"damage":3.0,"enemies":"Shield and Spear","floor":54.0,"turns":3.0},{"damage":122,"enemies":"The Heart","floor":55,"turns":8}],"seed_played":"491610603335123844","potions_obtained":[{"floor":2.0,"key":"Weak Potion"},{"floor":4.0,"key":"AttackPotion"},{"floor":13.0,"key":"EssenceOfSteel"},{"floor":14.0,"key":"FairyPotion"},{"floor":14.0,"key":"FearPotion"}],"is_trial":false,"path_per_floor":["M","M","?","M","?","R","E","R","T","M","R","M","M","?","R","B",null,"M","M","$","?","M","R","E","M","T","R","M","?","?","$","R","B",null,"M","M","$","?","?","E","M","E","T","E","?","$","R","M","R","B",null,"R","$","E","B"],"character_chosen":"DEFECT","items_purchased":["Medical Kit","Orichalcum","Apotheosis","All For One+1","Mango","Hyperbeam+1","Beam Cell+1"],"campfire_rested":1,"item_purchase_floors":[20,31,37,46,46,53,53],"current_hp_per_floor":[69,69,51,51,51,51,51,51,51,51,51,51,51,51,51,37,75,75,75,75,70,70,70,52,52,52,52,46,71,71,71,71,17,80,80,80,80,76,60,70,62,43,43,43,43,57,57,55,85,75,100,100,100,97,0],"gold":46,"neow_bonus":"BOSS_RELIC","is_prod":false,"is_daily":false,"chose_seed":false,"campfire_upgraded":8,"win_rate":0,"timestamp":1568580450,"path_taken":["M","M","?","M","?","R","E","R","T","M","R","M","M","?","R","BOSS","M","M","$","?","M","R","E","M","T","R","M","?","?","$","R","BOSS","M","M","$","?","?","E","M","E","T","E","?","?","R","M","R","BOSS","R","$","E","BOSS"],"build_version":"2019-07-17","purchased_purges":4,"victory":false,"max_hp_per_floor":[75,75,75,75,75,75,75,75,75,75,75,75,75,75,75,75,75,75,75,75,75,75,75,75,75,75,75,75,75,75,75,75,75,80,80,80,80,76,76,86,86,86,86,86,86,100,100,100,100,100,100,100,100,100,100],"card_choices":[{"not_picked":["Go for the Eyes","Compile Driver"],"picked":"Fusion","floor":1.0},{"not_picked":["Sweeping Beam","Turbo"],"picked":"Force Field","floor":2.0},{"not_picked":["Recycle","Compile Driver","Go for the Eyes"],"picked":"SKIP","floor":4.0},{"not_picked":["Conserve Battery","Fusion"],"picked":"Sunder","floor":7.0},{"not_picked":["Ball Lightning","Heatsinks","Seek"],"picked":"SKIP","floor":10.0},{"not_picked":["Turbo","Heatsinks"],"picked":"Streamline","floor":12.0},{"not_picked":["Steam Power","Genetic Algorithm"],"picked":"Sunder","floor":13.0},{"not_picked":["Fission","Seek"],"picked":"Buffer","floor":16.0},{"not_picked":["Double Energy","Self Repair","Reprogram"],"picked":"SKIP","floor":18.0},{"not_picked":["Turbo","Steam"],"picked":"Streamline+1","floor":19.0},{"not_picked":["Steam","Beam Cell"],"picked":"Machine Learning","floor":21.0},{"not_picked":["Turbo","Defragment"],"picked":"Streamline+1","floor":22.0},{"not_picked":["Go for the Eyes","Beam Cell+1"],"picked":"Echo Form","floor":24.0},{"not_picked":["Sweeping Beam+1","BootSequence+1","Reprogram+1"],"picked":"SKIP","floor":25.0},{"not_picked":["Aggregate","Gash","Rip and Tear"],"picked":"SKIP","floor":28.0},{"not_picked":["Multi-Cast","Amplify"],"picked":"Machine Learning","floor":33.0},{"not_picked":["Aggregate","Rebound+1"],"picked":"Undo+1","floor":34.0},{"not_picked":["Blizzard+1","Streamline+1","Coolheaded"],"picked":"SKIP","floor":35.0},{"not_picked":["Steam+1","Sweeping Beam+1","FTL+1"],"picked":"SKIP","floor":36.0},{"not_picked":["Genetic Algorithm+1","Doom and Gloom+1","Rebound+1"],"picked":"SKIP","floor":40.0},{"not_picked":["Streamline+1","Undo","Scrape+1"],"picked":"SKIP","floor":41.0},{"not_picked":["Rip and Tear+1","Fusion"],"picked":"Force Field+1","floor":42.0},{"not_picked":["Rebound+1","Steam"],"picked":"Go for the Eyes+1","floor":44.0},{"not_picked":["Streamline+1","Stack+1","Capacitor"],"picked":"SKIP","floor":48.0},{"not_picked":["Compile Driver+1","Coolheaded+1","Heatsinks+1"],"picked":"SKIP","floor":54.0}],"player_experience":1274266,"relics_obtained":[{"floor":7.0,"key":"Smiling Mask"},{"floor":9.0,"key":"Happy Flower"},{"floor":21.0,"key":"Red Mask"},{"floor":24.0,"key":"Sundial"},{"floor":39.0,"key":"Calipers"},{"floor":40.0,"key":"Pear"},{"floor":42.0,"key":"Bottled Flame"},{"floor":43.0,"key":"PreservedInsect"},{"floor":44.0,"key":"Shuriken"},{"floor":54.0,"key":"Blood Vial"}],"event_choices":[{"damage_healed":0.0,"max_hp_gain":0.0,"max_hp_loss":0.0,"gold_gain":0.0,"event_name":"Golden Idol","player_choice":"Take Damage","floor":3.0,"gold_loss":0.0,"damage_taken":18.0,"relics_obtained":["Golden Idol"]},{"damage_healed":0.0,"max_hp_gain":0.0,"max_hp_loss":0.0,"gold_gain":0.0,"event_name":"Liars Game","player_choice":"Ignored","floor":5.0,"gold_loss":0.0,"damage_taken":0.0},{"damage_healed":0.0,"max_hp_gain":0.0,"max_hp_loss":0.0,"gold_gain":0.0,"event_name":"Lab","player_choice":"Got Potions","floor":14.0,"gold_loss":0.0,"damage_taken":0.0},{"damage_healed":0.0,"max_hp_gain":0.0,"max_hp_loss":0.0,"gold_gain":0.0,"event_name":"Masked Bandits","player_choice":"Fought Bandits","floor":21.0,"gold_loss":0.0,"damage_taken":0.0},{"damage_healed":25.0,"max_hp_gain":0.0,"max_hp_loss":0.0,"gold_gain":0.0,"event_name":"The Library","player_choice":"Heal","floor":29.0,"gold_loss":0.0,"damage_taken":0.0},{"damage_healed":0.0,"max_hp_gain":0.0,"max_hp_loss":0.0,"gold_gain":0.0,"event_name":"The Mausoleum","player_choice":"Opened","floor":30.0,"gold_loss":0.0,"damage_taken":0.0,"relics_obtained":["Molten Egg 2"],"cards_obtained":["Writhe"]},{"damage_healed":0.0,"max_hp_gain":0.0,"max_hp_loss":4.0,"gold_gain":0.0,"event_name":"Winding Halls","player_choice":"Max HP","floor":38.0,"gold_loss":0.0,"damage_taken":0.0},{"damage_healed":0.0,"max_hp_gain":0.0,"max_hp_loss":0.0,"gold_gain":0.0,"event_name":"MindBloom","player_choice":"Fight","floor":39.0,"gold_loss":0.0,"damage_taken":0.0},{"damage_healed":0.0,"max_hp_gain":0.0,"max_hp_loss":0.0,"gold_gain":222.0,"event_name":"Tomb of Lord Red Mask","player_choice":"Wore Mask","floor":45.0,"gold_loss":0.0,"damage_taken":0.0}],"is_beta":false,"boss_relics":[{"not_picked":["Orrery","Coffee Dripper"],"picked":"Sozu"},{"not_picked":["Runic Dome","Astrolabe"],"picked":"Tiny House"}],"items_purged_floors":[20,31,37,46],"is_endless":false,"potions_floor_spawned":[2,4,13,16,19,24,25,35,41,44,48],"killed_by":"The Heart","ascension_level":1}