{"gold_per_floor":[114,129,129,144,144,144,159,159,159,12,27,42,42,57,57,157,157,172,172,172],"floor_reached":20,"playtime":1075,"items_purged":[],"score":191,"play_id":"7384fb5b-0d0d-425a-9123-8147ef2b2738","local_time":"20190415024608","daily_mods":["Cursed Run","Diverse","DeadlyEvents"],"is_ascension_mode":false,"campfire_choices":[{"data":"Fusion","floor":6,"key":"SMITH"},{"data":"Prepared","floor":8,"key":"SMITH"},{"floor":15,"key":"REST"}],"neow_cost":"","seed_source_timestamp":0,"circlet_count":0,"master_deck":["Defend_G","Defend_G+1","Defend_G","Defend_G","Strike_G","Strike_G+1","Strike_G","Survivor","Neutralize","Prepared+1","Outmaneuver","Expertise","Fusion+1","Clash","Doubt","Machine Learning","Heavy Blade","Leap","Deflect","Decay","Shrug It Off+1"],"special_seed":18001,"relics":["Cursed Key","Darkstone Periapt","Du-Vu Doll","Gremlin Horn","Empty Cage"],"potions_floor_usage":[16,16,16],"damage_taken":[{"damage":0,"enemies":"Cultist","floor":1,"turns":4},{"damage":5,"enemies":"Jaw Worm","floor":2,"turns":5},{"damage":0,"enemies":"Small Slimes","floor":4,"turns":6},{"damage":7,"enemies":"Red Slaver","floor":7,"turns":7},{"damage":9,"enemies":"Large Slime","floor":11,"turns":7},{"damage":11,"enemies":"Lots of Slimes","floor":12,"turns":3},{"damage":3,"enemies":"3 Louse","floor":14,"turns":3},{"damage":8,"enemies":"The Guardian","floor":16,"turns":14},{"damage":12,"enemies":"Chosen","floor":18,"turns":7},{"damage":103,"enemies":"Book of Stabbing","floor":20,"turns":9}],"seed_played":"5414150561768435775","potions_obtained":[{"floor":1,"key":"EssenceOfSteel"},{"floor":4,"key":"GamblersBrew"},{"floor":12,"key":"Poison Potion"},{"floor":18,"key":"Explosive Potion"}],"is_trial":false,"path_per_floor":["M","M","?","M","$","R","M","R","T","$","M","M","?","M","R","B",null,"M","?","E"],"character_chosen":"THE_SILENT","items_purchased":["Machine Learning"],"campfire_rested":1,"item_purchase_floors":[10],"current_hp_per_floor":[70,65,65,65,65,65,58,58,64,64,55,44,29,26,48,46,82,70,92,0],"gold":172,"neow_bonus":"","is_prod":false,"is_daily":true,"chose_seed":false,"campfire_upgraded":2,"win_rate":0.0,"timestamp":1555314368,"path_taken":["M","?","?","M","$","R","M","R","T","$","M","M","?","M","R","BOSS","M","?","?"],"build_version":"2019-01-23","purchased_purges":0,"victory":false,"max_hp_per_floor":[70,70,70,70,70,70,70,70,76,76,76,76,76,76,76,82,82,82,92,92],"card_choices":[{"not_picked":["Reprogram","Dagger Throw"],"picked":"Prepared","floor":1},{"not_picked":["Cleave","Blood for Blood"],"picked":"Outmaneuver","floor":2},{"not_picked":["Infernal Blade","Storm"],"picked":"Fusion","floor":4},{"not_picked":["Battle Trance","Reckless Charge"],"picked":"Clash","floor":7},{"not_picked":["Heel Hook","Shrug It Off"],"picked":"Heavy Blade","floor":11},{"not_picked":["Dagger Spray","PiercingWail"],"picked":"Leap","floor":12},{"not_picked":["Flex","Sever Soul"],"picked":"Deflect","floor":14},{"not_picked":["Reaper","Wraith Form v2"],"picked":"Electrodynamics","floor":16},{"not_picked":["Dagger Throw","Ghostly Armor"],"picked":"Shrug It Off+1","floor":18}],"player_experience":53306,"relics_obtained":[{"floor":9,"key":"Gremlin Horn"}],"event_choices":[{"damage_healed":0,"gold_gain":0,"cards_transformed":["Strike_G"],"player_choice":"Change","damage_taken":0,"max_hp_gain":0,"max_hp_loss":0,"event_name":"Living Wall","floor":3,"gold_loss":0,"cards_obtained":["Expertise"]},{"damage_healed":0,"gold_gain":0,"player_choice":"Entered Light","damage_taken":15,"max_hp_gain":0,"max_hp_loss":0,"event_name":"Shining Light","floor":13,"gold_loss":0,"cards_upgraded":["Defend_G","Strike_G"]},{"cards_removed":["Electrodynamics"],"damage_healed":12,"gold_gain":0,"player_choice":"Offered Rare","damage_taken":0,"max_hp_gain":10,"max_hp_loss":0,"event_name":"Bonfire Elementals","floor":19,"gold_loss":0}],"is_beta":false,"boss_relics":[{"not_picked":["WristBlade","HoveringKite"],"picked":"Empty Cage"}],"items_purged_floors":[],"is_endless":false,"potions_floor_spawned":[1,4,12,14,18],"killed_by":"Book of Stabbing","ascension_level":0}