{"gold_per_floor":[369,66,79,91,91,118,118,137,216,230,230,230,249,275,275,372,372,392,444,444,456,229,229,25,25,101,115,115,129,129,146,146,249,249,263,283,303,67,80,80,107,107,132,160,160,175,175,24,24,24],"floor_reached":51,"playtime":2323,"items_purged":["Strike_B"],"score":790,"play_id":"eb8ff22c-210c-4962-891c-0d9e46a07cd2","local_time":"20190906152802","is_ascension_mode":true,"campfire_choices":[{"floor":7,"key":"REST"},{"floor":11,"key":"REST"},{"data":"Consume","floor":15,"key":"SMITH"},{"data":"Defragment","floor":23,"key":"SMITH"},{"data":"Echo Form","floor":25,"key":"SMITH"},{"floor":28,"key":"REST"},{"floor":32,"key":"REST"},{"floor":40,"key":"REST"},{"data":"Self Repair","floor":42,"key":"SMITH"},{"floor":47,"key":"REST"},{"data":"Defragment","floor":49,"key":"SMITH"}],"neow_cost":"PERCENT_DAMAGE","seed_source_timestamp":525365804053199,"circlet_count":0,"master_deck":["Defend_B","Defend_B+1","Defend_B","Defend_B","Zap","Dualcast","Cold Snap","Capacitor+1","Consume+1","Gash","Leap+1","Beam Cell","Barrage","Coolheaded","Glacier","Echo Form+1","Reboot+1","Fission+1","Doom and Gloom+1","Barrage","Redo+1","Defragment+1","Barrage+1","Self Repair+1","Seek","Defragment+1","Coolheaded+1","Defragment+1","Amplify","Turbo+1","Defragment+1"],"relics":["Cracked Core","Oddly Smooth Stone","Shuriken","Tiny Chest","War Paint","Anchor","Astrolabe","Art of War","DataDisk","Strange Spoon","Question Card","Mercury Hourglass","Inserter","Happy Flower","Turnip","PreservedInsect","Blood Vial"],"potions_floor_usage":[27,27,27,27,33,36,44,46],"damage_taken":[{"damage":1,"enemies":"Cultist","floor":1,"turns":3},{"damage":4,"enemies":"Small Slimes","floor":3,"turns":4},{"damage":3,"enemies":"2 Louse","floor":4,"turns":3},{"damage":27,"enemies":"Gremlin Nob","floor":6,"turns":5},{"damage":15,"enemies":"Exordium Thugs","floor":8,"turns":5},{"damage":14,"enemies":"Lots of Slimes","floor":10,"turns":5},{"damage":0,"enemies":"Red Slaver","floor":13,"turns":3},{"damage":10,"enemies":"Slime Boss","floor":16,"turns":13},{"damage":24,"enemies":"3 Byrds","floor":18,"turns":5},{"damage":26,"enemies":"2 Thieves","floor":21,"turns":5},{"damage":15,"enemies":"Snake Plant","floor":27,"turns":5},{"damage":9,"enemies":"Snecko","floor":29,"turns":6},{"damage":0,"enemies":"Centurion and Healer","floor":31,"turns":8},{"damage":19,"enemies":"Champ","floor":33,"turns":13},{"damage":9,"enemies":"Orb Walker","floor":35,"turns":4},{"damage":24,"enemies":"3 Shapes","floor":36,"turns":5},{"damage":0,"enemies":"Maw","floor":37,"turns":10},{"damage":60,"enemies":"Writhing Mass","floor":39,"turns":8},{"damage":19,"enemies":"Reptomancer","floor":41,"turns":8},{"damage":5,"enemies":"Nemesis","floor":44,"turns":7},{"damage":19,"enemies":"4 Shapes","floor":46,"turns":6},{"damage":27,"enemies":"Awakened One","floor":50,"turns":15}],"seed_played":"2981481780331892445","potions_obtained":[{"floor":3,"key":"PowerPotion"},{"floor":8,"key":"Weak Potion"},{"floor":13,"key":"Dexterity Potion"},{"floor":16,"key":"EntropicBrew"},{"floor":29,"key":"Fire Potion"},{"floor":33,"key":"Energy Potion"},{"floor":39,"key":"SpeedPotion"},{"floor":44,"key":"EssenceOfSteel"}],"is_trial":false,"path_per_floor":["M","$","M","M","?","E","R","M","T","M","R","?","M","T","R","B",null,"M","T","$","M","$","R","$","R","T","M","R","M","T","M","R","B",null,"M","M","M","$","M","R","E","R","T","E","?","M","R","$","R","B",null],"character_chosen":"DEFECT","items_purchased":["Capacitor","Consume","Oddly Smooth Stone","Defragment","DataDisk","Strange Spoon","Happy Flower","Amplify","Defragment"],"campfire_rested":6,"item_purchase_floors":[2,2,2,22,22,24,38,38,48],"current_hp_per_floor":[53,53,49,46,46,19,41,26,26,12,34,34,34,34,34,24,75,51,51,51,25,25,25,25,25,25,10,32,23,23,37,59,47,75,75,65,72,72,26,48,43,43,43,58,58,41,63,63,63,48],"gold":24,"neow_bonus":"TWO_FIFTY_GOLD","is_prod":false,"is_daily":false,"chose_seed":false,"campfire_upgraded":5,"win_rate":0,"timestamp":1567801682,"path_taken":["M","$","?","M","?","E","R","M","T","M","R","?","M","?","R","BOSS","M","?","$","?","?","R","$","R","T","M","R","M","?","M","R","BOSS","M","?","M","$","M","R","E","R","T","E","?","M","R","$","R","BOSS"],"build_version":"2019-07-17","purchased_purges":1,"victory":true,"max_hp_per_floor":[75,75,75,75,75,75,75,75,75,75,75,75,75,75,75,75,75,75,75,75,75,75,75,75,75,75,75,75,75,75,75,75,75,75,75,75,75,75,75,75,75,75,75,75,75,75,75,75,75,75],"card_choices":[{"not_picked":["Conserve Battery","Leap"],"picked":"Cold Snap","floor":1},{"not_picked":["Rip and Tear","Rebound"],"picked":"Gash","floor":3},{"not_picked":["Hello World","Ball Lightning"],"picked":"Leap","floor":4},{"not_picked":["Conserve Battery","Barrage"],"picked":"Beam Cell","floor":6},{"not_picked":["Streamline","Double Energy"],"picked":"Barrage","floor":8},{"not_picked":["Ball Lightning","Tempest"],"picked":"Coolheaded","floor":10},{"not_picked":["All For One","Turbo"],"picked":"Glacier","floor":13},{"not_picked":["Rainbow","Meteor Strike"],"picked":"Echo Form","floor":16},{"not_picked":["Hologram","Compile Driver"],"picked":"Barrage","floor":18},{"not_picked":["Sunder","Skim"],"picked":"Redo+1","floor":21},{"not_picked":["BootSequence","Sunder","Rebound"],"picked":"Barrage+1","floor":27},{"not_picked":["Stack","Rebound","Sweeping Beam+1"],"picked":"Self Repair","floor":29},{"not_picked":["Genetic Algorithm","Compile Driver","Go for the Eyes","Barrage"],"picked":"SKIP","floor":31},{"not_picked":["Meteor Strike","All For One","Reboot"],"picked":"Seek","floor":33},{"not_picked":["Scrape+1","Storm+1","Redo+1"],"picked":"Defragment+1","floor":35},{"not_picked":["BootSequence","Tempest","Compile Driver+1"],"picked":"Coolheaded+1","floor":36},{"not_picked":["Coolheaded+1","Cold Snap+1","Double Energy"],"picked":"Defragment+1","floor":37},{"not_picked":["Steam Power+1","Scrape+1","Streamline+1","Reboot"],"picked":"SKIP","floor":39},{"not_picked":["Rebound","Compile Driver","Chill"],"picked":"Turbo+1","floor":41},{"not_picked":["BootSequence","Storm","Recycle+1","Amplify"],"picked":"SKIP","floor":44},{"not_picked":["Rebound","Compile Driver","Turbo","Go for the Eyes+1"],"picked":"SKIP","floor":46}],"player_experience":155815,"relics_obtained":[{"floor":6,"key":"Shuriken"},{"floor":9,"key":"Tiny Chest"},{"floor":14,"key":"Anchor"},{"floor":19,"key":"Art of War"},{"floor":26,"key":"Question Card"},{"floor":30,"key":"Mercury Hourglass"},{"floor":41,"key":"Turnip"},{"floor":43,"key":"PreservedInsect"},{"floor":44,"key":"Blood Vial"}],"event_choices":[{"damage_healed":0,"gold_gain":0,"player_choice":"Grow","damage_taken":0,"max_hp_gain":0,"max_hp_loss":0,"event_name":"Living Wall","floor":5,"gold_loss":0,"cards_upgraded":["Capacitor"]},{"damage_healed":0,"gold_gain":0,"player_choice":"Searched \u00271\u0027 times","damage_taken":0,"relics_obtained":["War Paint"],"max_hp_gain":0,"max_hp_loss":0,"event_name":"Dead Adventurer","floor":12,"gold_loss":0},{"damage_healed":0,"gold_gain":0,"player_choice":"Ignored","damage_taken":0,"max_hp_gain":0,"max_hp_loss":0,"event_name":"Mysterious Sphere","floor":45,"gold_loss":0}],"is_beta":false,"boss_relics":[{"not_picked":["Nuclear Battery","Pandora\u0027s Box"],"picked":"Astrolabe"},{"not_picked":["Orrery","Busted Crown"],"picked":"Inserter"}],"items_purged_floors":[48],"is_endless":false,"potions_floor_spawned":[3,8,13,16,21,29,33,35,39,44],"ascension_level":1}