{"gold_per_floor":[113,113,113,132,132,132,151,151,175,23,36,52,68,68,68,68],"floor_reached":16,"playtime":436,"items_purged":["Dualcast"],"score":92,"play_id":"621aa860-816f-45e2-a97f-c565519b517a","local_time":"20190419073841","is_ascension_mode":false,"campfire_choices":[{"data":"Double Energy","floor":6,"key":"SMITH"},{"data":"Darkness","floor":8,"key":"SMITH"},{"floor":15,"key":"REST"}],"neow_cost":"NONE","seed_source_timestamp":196245512326137,"circlet_count":0,"master_deck":["Strike_B","Strike_B","Strike_B","Defend_B","Defend_B","Defend_B","Defend_B","Zap+1","Double Energy+1","Darkness+1","Coolheaded","Ball Lightning","Capacitor","Beam Cell","Leap","Regret"],"relics":["Cracked Core","Peace Pipe","Potion Belt","Frozen Egg 2"],"potions_floor_usage":[],"damage_taken":[{"damage":3,"enemies":"Small Slimes","floor":1,"turns":2},{"damage":7,"enemies":"2 Louse","floor":4,"turns":3},{"damage":3,"enemies":"Jaw Worm","floor":7,"turns":4},{"damage":7,"enemies":"Large Slime","floor":11,"turns":6},{"damage":21,"enemies":"Exordium Wildlife","floor":12,"turns":5},{"damage":7,"enemies":"3 Louse","floor":13,"turns":3},{"damage":34,"enemies":"Hexaghost","floor":16,"turns":9}],"seed_played":"5415669618755026770","potions_obtained":[{"floor":7,"key":"Dexterity Potion"},{"floor":11,"key":"FocusPotion"},{"floor":12,"key":"Explosive Potion"}],"is_trial":false,"path_per_floor":["M","?","?","M","?","R","M","R","T","$","M","M","M","?","R","B"],"character_chosen":"DEFECT","items_purchased":["Capacitor"],"campfire_rested":1,"item_purchase_floors":[10],"current_hp_per_floor":[72,54,54,47,47,47,44,44,44,44,37,16,9,9,31,0],"gold":68,"neow_bonus":"UPGRADE_CARD","is_prod":false,"is_daily":false,"chose_seed":false,"campfire_upgraded":2,"win_rate":0.0,"timestamp":1555677521,"path_taken":["M","?","?","M","?","R","M","R","T","$","M","M","M","?","R","BOSS"],"build_version":"2019-01-23","purchased_purges":1,"victory":false,"max_hp_per_floor":[75,75,75,75,75,75,75,75,75,75,75,75,75,75,75,75],"card_choices":[{"not_picked":["Compile Driver","Heatsinks"],"picked":"Double Energy","floor":1},{"not_picked":["Skim","Reinforced Body"],"picked":"Darkness","floor":4},{"not_picked":["Sweeping Beam","Tempest"],"picked":"Ball Lightning","floor":7},{"not_picked":["Aggregate","Rebound"],"picked":"Beam Cell","floor":11},{"not_picked":["White Noise","Reinforced Body","All For One"],"picked":"SKIP","floor":12},{"not_picked":["Reinforced Body","Auto Shields"],"picked":"Leap","floor":13}],"player_experience":63117,"relics_obtained":[{"floor":9,"key":"Potion Belt"}],"event_choices":[{"damage_healed":0,"gold_gain":0,"player_choice":"Success","damage_taken":18,"relics_obtained":["Peace Pipe"],"max_hp_gain":0,"max_hp_loss":0,"event_name":"Scrap Ooze","floor":2,"gold_loss":0},{"damage_healed":0,"gold_gain":0,"player_choice":"Leave","damage_taken":0,"max_hp_gain":0,"max_hp_loss":0,"event_name":"The Cleric","floor":3,"gold_loss":0},{"damage_healed":0,"gold_gain":0,"cards_transformed":["Strike_B"],"player_choice":"Change","damage_taken":0,"max_hp_gain":0,"max_hp_loss":0,"event_name":"Living Wall","floor":5,"gold_loss":0,"cards_obtained":["Coolheaded"]},{"damage_healed":0,"gold_gain":0,"player_choice":"Box","damage_taken":0,"relics_obtained":["Frozen Egg 2"],"max_hp_gain":0,"max_hp_loss":0,"event_name":"Big Fish","floor":14,"gold_loss":0,"cards_obtained":["Regret"]}],"is_beta":false,"boss_relics":[],"items_purged_floors":[10],"is_endless":false,"potions_floor_spawned":[7,11,12],"killed_by":"Hexaghost","ascension_level":0}