{"path_per_floor":["M","$","?","?","?","R","M","R","T","T","?","M","M","M","R","B",null,"M","?","$","M","M","E","R","M","T","R","E","M","?","M","R","B",null,"M","?","M","$","M","R","E","M","T","R","$","R","M","M","R","B"],"character_chosen":"IRONCLAD","items_purchased":["Swift Strike","Darkstone Periapt","Strawberry","Strength Potion","Regal Pillow"],"gold_per_floor":[114,10,10,87,87,87,102,102,127,127,127,142,157,172,172,272,272,287,287,37,52,67,97,97,112,162,162,192,207,207,222,222,322,322,337,337,352,152,167,167,197,212,262,262,112,112,127,142,142,142],"floor_reached":51,"campfire_rested":7,"playtime":2592,"current_hp_per_floor":[74,74,74,74,58,58,50,50,50,50,47,55,63,69,87,64,92,83,64,64,84,70,69,102,116,122,122,88,98,104,89,130,97,157,133,169,156,163,114,168,30,50,56,113,113,185,107,83,158,13],"items_purged":[],"gold":142,"score":959,"play_id":"ecd6005b-7cda-4b37-9191-e5ec1f6017f4","local_time":"20180427071427","daily_mods":["Shiny","Lethality","Hoarder"],"is_prod":false,"is_daily":true,"chose_seed":false,"is_ascension_mode":false,"campfire_upgraded":3,"timestamp":1524831267,"path_taken":["M","$","?","?","?","R","M","R","T","?","?","?","?","M","R","BOSS","M","?","?","M","M","E","R","?","T","R","E","M","?","?","R","BOSS","M","?","M","$","M","R","E","M","T","R","$","R","M","M","R","BOSS"],"build_version":"2018-04-26","seed_source_timestamp":0,"purchased_purges":0,"victory":true,"master_deck":["Double Tap","Double Tap","Double Tap","Demon Form","Demon Form","Demon Form","Bludgeon","Bludgeon","Bludgeon","Feed","Feed","Feed","Limit Break+1","Limit Break+1","Limit Break","Barricade","Barricade","Barricade","Fiend Fire","Fiend Fire","Fiend Fire","Dark Embrace","Dark Embrace+1","Dark Embrace","Berserk","Berserk","Berserk","Impervious","Impervious","Impervious","Juggernaut","Juggernaut","Brutality","Brutality","Brutality","Reaper","Reaper","Reaper","Exhume","Exhume","Exhume","Offering+1","Offering","Offering","Immolate","Immolate","Immolate","Swift Strike","Swift Strike","Swift Strike","Heavy Blade+1","Heavy Blade","Heavy Blade","Regret","Regret","Regret","Writhe","Writhe","Writhe","Doubt","Doubt","Doubt","Injury","Injury","Injury","Doubt","Doubt","Doubt","Clumsy","Clumsy","Clumsy"],"max_hp_per_floor":[80,80,80,80,80,80,80,80,80,80,80,82,84,87,87,92,92,94,99,99,104,109,111,111,119,125,125,127,129,135,137,137,139,157,159,169,174,181,183,183,185,187,193,193,193,193,195,200,200,200],"relics":["Burning Blood","Singing Bowl","Bag of Marbles","Ancient Tea Set","Cursed Key","Darkstone Periapt","Bottled Lightning","Lantern","Blood Vial","Anchor","Calling Bell","Art of War","Kunai","Torii","Strawberry","Bronze Scales","Bag of Preparation","Regal Pillow"],"card_choices":[{"not_picked":["Reckless Charge","Entrench"],"picked":"Heavy Blade","floor":14}],"player_experience":0,"potions_floor_usage":[23,23,33,48,48,50],"damage_taken":[{"damage":12,"enemies":"Small Slimes","floor":1,"turns":1},{"damage":14,"enemies":"Jaw Worm","floor":7,"turns":4},{"damage":0,"enemies":"2 Louse","floor":12,"turns":1},{"damage":0,"enemies":"Looter","floor":13,"turns":1},{"damage":13,"enemies":"2 Fungi Beasts","floor":14,"turns":4},{"damage":42,"enemies":"The Guardian","floor":16,"turns":7},{"damage":17,"enemies":"Spheric Guardian","floor":18,"turns":4},{"damage":21,"enemies":"2 Thieves","floor":21,"turns":3},{"damage":45,"enemies":"Centurion and Healer","floor":22,"turns":4},{"damage":29,"enemies":"Slavers","floor":23,"turns":4},{"damage":0,"enemies":"Cultist and Chosen","floor":25,"turns":2},{"damage":48,"enemies":"Book of Stabbing","floor":28,"turns":4},{"damage":0,"enemies":"Snecko","floor":29,"turns":3},{"damage":25,"enemies":"Chosen and Byrds","floor":31,"turns":3},{"damage":43,"enemies":"Champ","floor":33,"turns":6},{"damage":32,"enemies":"Orb Walker","floor":35,"turns":3},{"damage":24,"enemies":"3 Shapes","floor":37,"turns":4},{"damage":59,"enemies":"Sphere and 2 Shapes","floor":39,"turns":5},{"damage":180,"enemies":"2 Orb Walkers","floor":41,"turns":7},{"damage":0,"enemies":"4 Shapes","floor":42,"turns":2},{"damage":98,"enemies":"Maw","floor":47,"turns":9},{"damage":61,"enemies":"Sphere and 2 Shapes","floor":48,"turns":5},{"damage":185,"enemies":"Time Eater","floor":50,"turns":9}],"event_choices":[{"event_name":"The Cleric","player_choice":"Leave","floor":3,"damage_taken":0},{"event_name":"Golden Wing","player_choice":"Gained Gold","floor":4,"damage_taken":0},{"event_name":"Shining Light","player_choice":"Entered Light","floor":5,"damage_taken":0},{"event_name":"Scrap Ooze","player_choice":"success","floor":11,"damage_taken":3},{"event_name":"Forgotten Altar","player_choice":"Shed Blood","floor":19,"damage_taken":0},{"event_name":"The Mausoleum","player_choice":"Yes","floor":30,"damage_taken":0},{"event_name":"Bonfire Elementals","player_choice":"RARE","floor":36,"damage_taken":0}],"boss_relics":[{"not_picked":["Ectoplasm","Runic Cube"],"picked":"Cursed Key"},{"not_picked":["Black Star","Tiny House"],"picked":"Calling Bell"}],"potions_floor_spawned":[1,7,13,16,18,22,29,35,41,47],"seed_played":"7526765206531724544","ascension_level":0,"is_trial":false}