{"path_per_floor":["M","?","M","?","$","E","R","E","T","R","M","M","M","$","R","B",null,"M","?","?","M","?","E","R","E","T","?","M","M","R","?","R"],"character_chosen":"IRONCLAD","items_purchased":["Vajra","Orichalcum"],"gold_per_floor":[218,218,228,178,34,65,65,94,120,120,136,155,170,18,18,122,122,136,136,136,153,153,183,183,218,218,218,232,250,250,150,150],"floor_reached":33,"campfire_rested":4,"playtime":1269,"current_hp_per_floor":[80,68,73,73,73,52,76,47,47,47,51,51,47,47,71,55,80,71,71,71,65,71,46,71,74,74,74,63,46,46,46,71],"items_purged":[],"gold":150,"score":293,"play_id":"76701c6b-aa91-43d4-8cdb-a7ee0e83800e","local_time":"20180319175814","is_prod":false,"is_daily":false,"is_ascension_mode":false,"campfire_upgraded":2,"timestamp":1521500294,"path_taken":["M","?","M","?","$","E","R","E","T","R","M","M","M","?","R","BOSS","M","?","?","M","?","E","R","E","T","?","M","M","R","?","R","BOSS"],"build_version":"2018-03-15v3","purchased_purges":0,"victory":false,"master_deck":["Strike_R","Strike_R","Strike_R","Strike_R","Defend_R","Defend_R","Defend_R","Defend_R","Bash","Armaments+1","Demon Form+1","Flex+1","Heavy Blade","Cleave","Twin Strike","Anger","Juggernaut","Headbutt","Shrug It Off","Cleave+1","Writhe","True Grit+1","Uppercut+1","Warcry+1","Havoc+1","J.A.X."],"max_hp_per_floor":[80,80,80,80,80,80,80,80,80,80,80,80,80,80,80,80,80,80,80,80,80,86,86,86,86,86,86,86,86,86,86,86],"relics":["Burning Blood","Pen Nib","Vajra","Prayer Wheel","Happy Flower","Juzu Bracelet","Orichalcum","Mark of Pain","Darkstone Periapt","Molten Egg 2","Bottled Lightning","Frozen Eye"],"card_choices":[{"not_picked":["Disarm","Sword Boomerang"],"picked":"Armaments"},{"not_picked":["Clash","Wild Strike"],"picked":"Demon Form"},{"not_picked":["Carnage","Seeing Red"],"picked":"Flex"},{"not_picked":["Clothesline","Clash"],"picked":"Heavy Blade"},{"not_picked":["Flex","Bloodletting"],"picked":"Cleave"},{"not_picked":["Thunderclap","Sword Boomerang"],"picked":"Twin Strike"},{"not_picked":["Clash","Clothesline"],"picked":"Anger"},{"not_picked":["Bludgeon","Brutality"],"picked":"Juggernaut"},{"not_picked":["Sever Soul","Disarm"],"picked":"Headbutt"},{"not_picked":["Thunderclap","Wild Strike"],"picked":"Cleave"},{"not_picked":["Seeing Red","Cleave"],"picked":"True Grit"},{"not_picked":["Reaper","Reckless Charge"],"picked":"Uppercut"},{"not_picked":["Infernal Blade","Hemokinesis"],"picked":"Warcry"},{"not_picked":["Perfected Strike","Clothesline"],"picked":"Havoc"}],"player_experience":45839,"potions_floor_usage":[8,16,16,25,25],"damage_taken":[{"damage":0,"enemies":"Small Slimes","floor":1,"turns":3},{"damage":1,"enemies":"Cultist","floor":3,"turns":3},{"damage":27,"enemies":"Gremlin Nob","floor":6,"turns":4},{"damage":35,"enemies":"Lagavulin","floor":8,"turns":6},{"damage":2,"enemies":"2 Louse","floor":11,"turns":3},{"damage":6,"enemies":"Exordium Wildlife","floor":12,"turns":2},{"damage":10,"enemies":"2 Fungi Beasts","floor":13,"turns":3},{"damage":34,"enemies":"Slime Boss","floor":16,"turns":5},{"damage":15,"enemies":"3 Byrds","floor":18,"turns":5},{"damage":12,"enemies":"Shell Parasite","floor":21,"turns":5},{"damage":31,"enemies":"Gremlin Leader","floor":23,"turns":7},{"damage":12,"enemies":"Book of Stabbing","floor":25,"turns":4},{"damage":17,"enemies":"Cultist and Chosen","floor":28,"turns":6},{"damage":23,"enemies":"Slaver and Parasite","floor":29,"turns":5},{"damage":79,"enemies":"Automaton","floor":33,"turns":6}],"event_choices":[{"event_name":"Scrap Ooze","player_choice":"success","floor":2,"damage_taken":12},{"event_name":"The Cleric","player_choice":"Card Removal","floor":4,"damage_taken":0},{"event_name":"The Library","player_choice":"Read","floor":19,"damage_taken":0},{"event_name":"The Lab","player_choice":"Got Potions","floor":20,"damage_taken":0},{"event_name":"The Mausoleum","player_choice":"Yes","floor":22,"damage_taken":0},{"event_name":"Upgrade Shrine","player_choice":"Upgraded","floor":27,"damage_taken":0},{"event_name":"Drug Dealer","player_choice":"Got JAXXED","floor":31,"damage_taken":0}],"boss_relics":[{"not_picked":["Runic Cube","Astrolabe"],"picked":"Mark of Pain"}],"potions_floor_spawned":[1,6,13,21],"seed_played":"-3952685750063060240","killed_by":"Automaton","ascension_level":0,"is_trial":false}