{"gold_per_floor":[114,131,145,161,178,178,188,188,234,234,259,208,208,225,225,328,328,340,266,251,251,268,268,300,300,325,325,250,210,210,227,227,327,327,339,354,78,97,97,129,129,129,152,152,77,97,97,110,110,110],"floor_reached":51,"playtime":2515,"items_purged":["Strike_B"],"score":797,"play_id":"4d96279b-49da-4af8-b3a1-27e528d87584","local_time":"20190502110502","is_ascension_mode":false,"campfire_choices":[{"data":"Defragment","floor":6,"key":"SMITH"},{"data":"Capacitor","floor":8,"key":"SMITH"},{"floor":10,"key":"REST"},{"data":"Zap","floor":15,"key":"SMITH"},{"floor":23,"key":"REST"},{"data":"Capacitor","floor":25,"key":"SMITH"},{"floor":27,"key":"REST"},{"data":"Cold Snap","floor":30,"key":"SMITH"},{"data":"Defragment","floor":32,"key":"SMITH"},{"data":"Consume","floor":41,"key":"SMITH"},{"data":"BootSequence","floor":47,"key":"SMITH"},{"floor":49,"key":"REST"}],"neow_cost":"NONE","seed_source_timestamp":15806065318589,"circlet_count":0,"master_deck":["Strike_B","Defend_B","Defend_B","Defend_B","Zap+1","Leap","Ball Lightning","Capacitor+1","BootSequence+1","Defragment+1","Cold Snap+1","Ball Lightning","Cold Snap","Loop+1","Genetic Algorithm+1","Coolheaded+1","Capacitor+1","Defragment+1","Conserve Battery+1","Consume+1","Leap+1","Madness","Madness","Glacier+1"],"relics":["Cracked Core","Blood Vial","Art of War","Black Star","Matryoshka","Bronze Scales","Bag of Marbles","Omamori","Busted Crown","Runic Capacitor","Ginger","Boot","Orichalcum","DataDisk"],"potions_floor_usage":[16,16,24,33,33,38,50],"damage_taken":[{"damage":11,"enemies":"2 Louse","floor":1,"turns":3},{"damage":0,"enemies":"Small Slimes","floor":2,"turns":4},{"damage":4,"enemies":"Cultist","floor":3,"turns":4},{"damage":19,"enemies":"Exordium Wildlife","floor":4,"turns":5},{"damage":3,"enemies":"Large Slime","floor":5,"turns":7},{"damage":2,"enemies":"Red Slaver","floor":7,"turns":4},{"damage":26,"enemies":"Gremlin Nob","floor":11,"turns":5},{"damage":0,"enemies":"Blue Slaver","floor":14,"turns":3},{"damage":23,"enemies":"The Guardian","floor":16,"turns":10},{"damage":19,"enemies":"Chosen","floor":18,"turns":5},{"damage":9,"enemies":"2 Thieves","floor":20,"turns":4},{"damage":28,"enemies":"Snake Plant","floor":22,"turns":5},{"damage":34,"enemies":"Gremlin Leader","floor":24,"turns":6},{"damage":1,"enemies":"Chosen and Byrds","floor":31,"turns":5},{"damage":0,"enemies":"Champ","floor":33,"turns":10},{"damage":10,"enemies":"Orb Walker","floor":35,"turns":4},{"damage":1,"enemies":"3 Shapes","floor":36,"turns":5},{"damage":0,"enemies":"Transient","floor":38,"turns":5},{"damage":8,"enemies":"Giant Head","floor":40,"turns":8},{"damage":24,"enemies":"Jaw Worm Horde","floor":46,"turns":4},{"damage":3,"enemies":"Spire Growth","floor":48,"turns":5},{"damage":12,"enemies":"Donu and Deca","floor":50,"turns":11}],"seed_played":"-7119090727396918703","potions_obtained":[{"floor":2,"key":"Ancient Potion"},{"floor":5,"key":"SpeedPotion"},{"floor":11,"key":"Weak Potion"},{"floor":14,"key":"PowerPotion"},{"floor":16,"key":"Block Potion"},{"floor":22,"key":"AttackPotion"},{"floor":31,"key":"GamblersBrew"},{"floor":33,"key":"Regen Potion"},{"floor":38,"key":"Swift Potion"},{"floor":40,"key":"Explosive Potion"}],"is_trial":false,"path_per_floor":["M","M","M","M","M","R","M","R","T","R","E","$","?","M","R","B",null,"M","$","M","?","M","R","E","R","T","R","?","?","R","M","R","B",null,"M","M","$","M","?","E","R","?","T","?","$","M","R","M","R","B",null],"character_chosen":"DEFECT","items_purchased":["Ball Lightning","Loop","Runic Capacitor","Consume"],"campfire_rested":4,"item_purchase_floors":[12,19,37,37],"current_hp_per_floor":[64,64,60,41,38,38,36,36,36,58,34,34,27,29,29,8,75,56,56,49,49,23,45,13,13,13,35,35,35,35,36,36,38,75,65,66,66,75,75,67,67,58,58,58,58,36,36,35,57,47],"gold":110,"neow_bonus":"REMOVE_CARD","is_prod":false,"is_daily":false,"chose_seed":false,"campfire_upgraded":8,"win_rate":0.0,"timestamp":1556813102,"path_taken":["M","M","M","M","M","R","M","R","T","R","E","$","?","M","R","BOSS","M","$","M","?","M","R","E","R","T","R","?","?","R","M","R","BOSS","M","M","$","?","?","E","R","?","T","?","$","M","R","M","R","BOSS"],"build_version":"2019-01-23","purchased_purges":1,"victory":true,"max_hp_per_floor":[75,75,75,75,75,75,75,75,75,75,75,75,75,75,75,75,75,75,75,75,75,75,75,75,75,75,75,75,75,75,75,75,75,75,75,75,75,75,75,75,75,75,75,75,75,75,75,75,75,75],"card_choices":[{"not_picked":["Rebound","Ball Lightning"],"picked":"Leap","floor":1},{"not_picked":["Steam","Hologram"],"picked":"Ball Lightning","floor":2},{"not_picked":["Stack","Redo"],"picked":"Capacitor","floor":3},{"not_picked":["Rebound","Multi-Cast"],"picked":"BootSequence","floor":4},{"not_picked":["Beam Cell","Sweeping Beam"],"picked":"Defragment","floor":5},{"not_picked":["Hologram","Redo"],"picked":"Cold Snap","floor":7},{"not_picked":["Skim","Steam","Beam Cell"],"picked":"SKIP","floor":11},{"not_picked":["Redo","Blizzard"],"picked":"Cold Snap","floor":14},{"not_picked":["Turbo+1","Force Field","Redo+1"],"picked":"SKIP","floor":18},{"not_picked":["Gash","Undo"],"picked":"Genetic Algorithm","floor":20},{"not_picked":["Beam Cell+1","Heatsinks"],"picked":"Coolheaded+1","floor":22},{"not_picked":["Seek","Tempest"],"picked":"Capacitor","floor":24},{"not_picked":["Skim","Reprogram"],"picked":"Defragment","floor":31},{"not_picked":[],"picked":"Conserve Battery+1","floor":35},{"not_picked":["Redo"],"picked":"SKIP","floor":36},{"not_picked":["Gash"],"picked":"SKIP","floor":38},{"not_picked":[],"picked":"Leap+1","floor":40},{"not_picked":[],"picked":"Glacier+1","floor":46},{"not_picked":["Steam+1"],"picked":"SKIP","floor":48}],"player_experience":113331,"relics_obtained":[{"floor":9,"key":"Blood Vial"},{"floor":11,"key":"Art of War"},{"floor":24,"key":"Matryoshka"},{"floor":24,"key":"Bronze Scales"},{"floor":26,"key":"Bag of Marbles"},{"floor":26,"key":"Omamori"},{"floor":40,"key":"Ginger"},{"floor":40,"key":"Boot"},{"floor":43,"key":"Orichalcum"},{"floor":43,"key":"DataDisk"}],"event_choices":[{"cards_removed":["Defend_B"],"damage_healed":0,"gold_gain":0,"player_choice":"Card Removal","damage_taken":7,"max_hp_gain":0,"max_hp_loss":0,"event_name":"Golden Wing","floor":13,"gold_loss":0},{"cards_removed":["Strike_B"],"damage_healed":0,"gold_gain":0,"player_choice":"Elegance","damage_taken":0,"max_hp_gain":0,"max_hp_loss":0,"event_name":"Back to Basics","floor":21,"gold_loss":0},{"cards_removed":["Strike_B"],"damage_healed":0,"gold_gain":0,"player_choice":"Gave Gold","damage_taken":0,"max_hp_gain":0,"max_hp_loss":0,"event_name":"Beggar","floor":28,"gold_loss":75},{"damage_healed":0,"gold_gain":0,"player_choice":"Upgrade","damage_taken":0,"max_hp_gain":0,"max_hp_loss":0,"event_name":"Designer","floor":29,"gold_loss":40,"cards_upgraded":["Loop"]},{"damage_healed":0,"gold_gain":0,"player_choice":"Memory 1","damage_taken":0,"max_hp_gain":0,"max_hp_loss":0,"event_name":"SensoryStone","floor":39,"gold_loss":0},{"damage_healed":0,"gold_gain":0,"player_choice":"Embrace Madness","damage_taken":9,"max_hp_gain":0,"max_hp_loss":0,"event_name":"Winding Halls","floor":42,"gold_loss":0,"cards_obtained":["Madness","Madness"]},{"damage_healed":0,"gold_gain":0,"player_choice":"Forge","damage_taken":0,"max_hp_gain":0,"max_hp_loss":0,"event_name":"Accursed Blacksmith","floor":44,"gold_loss":0,"cards_upgraded":["Genetic Algorithm"]}],"is_beta":false,"boss_relics":[{"not_picked":["Snecko Eye","Empty Cage"],"picked":"Black Star"},{"not_picked":["Runic Dome","Orrery"],"picked":"Busted Crown"}],"items_purged_floors":[45],"is_endless":false,"potions_floor_spawned":[2,5,11,14,16,22,31,33,38,40],"ascension_level":0}