{"gold_per_floor":[111,123,123,137,147,182,182,192,192,204,230,274,356,398,410,422],"floor_reached":16,"playtime":1287,"items_purged":[],"score":122,"play_id":"c270cc94-8566-4592-bade-c9ad6875887a","local_time":"20190918021454","is_ascension_mode":false,"campfire_choices":[{"data":"Conserve Battery","floor":15,"key":"SMITH"}],"neow_cost":"NONE","seed_source_timestamp":535194642649900,"circlet_count":0,"master_deck":["Strike_B","Strike_B","Strike_B","Defend_B","Defend_B","Defend_B","Defend_B","Zap+1","Dualcast","Amplify","Rip and Tear","Conserve Battery+1","Double Energy","Hologram","Ball Lightning","Stack","Stack","Compile Driver"],"relics":["Cracked Core","PreservedInsect","MawBank","Juzu Bracelet","Gremlin Horn","Ornamental Fan"],"potions_floor_usage":[6,14,14],"damage_taken":[{"damage":0,"enemies":"Jaw Worm","floor":1,"turns":3},{"damage":6,"enemies":"2 Louse","floor":2,"turns":3},{"damage":0,"enemies":"Cultist","floor":4,"turns":3},{"damage":0,"enemies":"Looter","floor":5,"turns":3},{"damage":53,"enemies":"Gremlin Nob","floor":6,"turns":6},{"damage":1,"enemies":"Lots of Slimes","floor":8,"turns":4},{"damage":4,"enemies":"Red Slaver","floor":11,"turns":4},{"damage":1,"enemies":"Lagavulin","floor":12,"turns":6},{"damage":1,"enemies":"Gremlin Nob","floor":14,"turns":4},{"damage":27,"enemies":"The Guardian","floor":16,"turns":2}],"seed_played":"6857223638907585436","potions_obtained":[{"floor":4,"key":"LiquidBronze"},{"floor":5,"key":"Block Potion"},{"floor":11,"key":"Dexterity Potion"},{"floor":12,"key":"GamblersBrew"},{"floor":14,"key":"Weak Potion"}],"is_trial":false,"path_per_floor":["M","M","?","M","M","E","?","M","T","$","M","E","T","E","R","B"],"character_chosen":"DEFECT","items_purchased":[],"campfire_rested":0,"item_purchase_floors":[],"current_hp_per_floor":[75,69,69,69,69,16,16,15,15,15,11,10,10,9,9,0],"gold":422,"neow_bonus":"TRANSFORM_CARD","is_prod":false,"is_daily":false,"chose_seed":false,"campfire_upgraded":1,"win_rate":0.0,"timestamp":1568783694,"path_taken":["M","M","?","M","M","E","?","M","T","$","M","E","?","E","R","BOSS"],"build_version":"2019-07-17","purchased_purges":0,"victory":false,"max_hp_per_floor":[75,75,75,75,75,75,75,75,75,75,75,75,75,75,75,75],"card_choices":[{"not_picked":["Rebound","Gash"],"picked":"Rip and Tear","floor":1},{"not_picked":["Stack","Sweeping Beam"],"picked":"Conserve Battery","floor":2},{"not_picked":["Go for the Eyes","Undo"],"picked":"Double Energy","floor":4},{"not_picked":["Gash","Recycle"],"picked":"Hologram","floor":5},{"not_picked":["Skim","Beam Cell"],"picked":"Ball Lightning","floor":6},{"not_picked":["Cold Snap","Creative AI"],"picked":"Stack","floor":8},{"not_picked":["Gash","Streamline"],"picked":"Stack","floor":11},{"not_picked":["Stack","Streamline","Recycle"],"picked":"SKIP","floor":12},{"not_picked":["Gash","Force Field"],"picked":"Compile Driver","floor":14}],"player_experience":53025,"relics_obtained":[{"floor":6,"key":"PreservedInsect"},{"floor":9,"key":"MawBank"},{"floor":12,"key":"Juzu Bracelet"},{"floor":13,"key":"Gremlin Horn"},{"floor":14,"key":"Ornamental Fan"}],"event_choices":[{"damage_healed":0,"gold_gain":0,"player_choice":"Ignored","damage_taken":0,"max_hp_gain":0,"max_hp_loss":0,"event_name":"Liars Game","floor":3,"gold_loss":0},{"damage_healed":0,"gold_gain":0,"player_choice":"Grow","damage_taken":0,"max_hp_gain":0,"max_hp_loss":0,"event_name":"Living Wall","floor":7,"gold_loss":0,"cards_upgraded":["Zap"]}],"is_beta":false,"boss_relics":[],"items_purged_floors":[],"is_endless":false,"potions_floor_spawned":[4,5,11,12,14],"killed_by":"The Guardian","ascension_level":0}