{"gold_per_floor":[14,14,24,43,58,88,88,105,157,7,82,82,93,111,111,216,216,236,31,43,53,53,53,87,87,87,87,116,174,124,138,138,239,239,253,253,353,373,373,373,384,109,109,109,9,9,29,75,75,75],"floor_reached":51,"playtime":2253,"items_purged":["Regret","Shame"],"score":952,"play_id":"aa1cff03-b30e-4d3e-ab4e-2d5f03e01a35","local_time":"20190211085714","is_ascension_mode":true,"campfire_choices":[{"data":"Poisoned Stab","floor":7,"key":"SMITH"},{"floor":15,"key":"REST"},{"data":"Footwork","floor":23,"key":"SMITH"},{"data":"Die Die Die","floor":27,"key":"SMITH"},{"data":"Envenom","floor":32,"key":"SMITH"},{"data":"A Thousand Cuts","floor":40,"key":"SMITH"},{"data":"Footwork","floor":44,"key":"SMITH"},{"data":"Choke","floor":49,"key":"SMITH"}],"neow_cost":"NO_GOLD","seed_source_timestamp":0,"circlet_count":0,"master_deck":["Defend_G","Defend_G","Defend_G","Defend_G","Defend_G","Survivor","Neutralize","Bane","Poisoned Stab+1","Bane","A Thousand Cuts+1","Die Die Die+1","Backflip","Footwork+1","Bite","Bite","Bite","Bite","Bite","Backflip+1","Envenom+1","Venomology","Footwork+1","Madness","Parasite","Skewer+1","Choke+1"],"special_seed":0,"relics":["Ring of the Snake","Ice Cream","Letter Opener","Juzu Bracelet","Bronze Scales","Velvet Choker","Sling","Bottled Flame","Torii","Red Mask","Tiny Chest","Cursed Key","Dodecahedron","Prayer Wheel","Toolbox","Ninja Scroll","FossilizedHelix"],"potions_floor_usage":[5,6,16,16,16,28,28,28,29,33,33,33,38,41,47,47,48,50,50,50],"damage_taken":[{"damage":2,"enemies":"Small Slimes","floor":1,"turns":4},{"damage":0,"enemies":"Cultist","floor":3,"turns":3},{"damage":0,"enemies":"Jaw Worm","floor":4,"turns":3},{"damage":10,"enemies":"Exordium Wildlife","floor":5,"turns":4},{"damage":13,"enemies":"Lagavulin","floor":6,"turns":6},{"damage":7,"enemies":"Blue Slaver","floor":8,"turns":3},{"damage":5,"enemies":"2 Fungi Beasts","floor":13,"turns":4},{"damage":7,"enemies":"Exordium Thugs","floor":14,"turns":3},{"damage":14,"enemies":"The Guardian","floor":16,"turns":12},{"damage":3,"enemies":"Shell Parasite","floor":18,"turns":4},{"damage":0,"enemies":"3 Byrds","floor":20,"turns":3},{"damage":8,"enemies":"Cultist and Chosen","floor":21,"turns":5},{"damage":35,"enemies":"Gremlin Leader","floor":24,"turns":6},{"damage":0,"enemies":"Masked Bandits","floor":28,"turns":3},{"damage":11,"enemies":"Slavers","floor":29,"turns":4},{"damage":15,"enemies":"Snecko","floor":31,"turns":4},{"damage":62,"enemies":"Collector","floor":33,"turns":10},{"damage":0,"enemies":"Orb Walker","floor":35,"turns":3},{"damage":1,"enemies":"Mind Bloom Boss Battle","floor":37,"turns":7},{"damage":2,"enemies":"3 Darklings","floor":38,"turns":4},{"damage":12,"enemies":"Sphere and 2 Shapes","floor":41,"turns":6},{"damage":2,"enemies":"Writhing Mass","floor":47,"turns":5},{"damage":19,"enemies":"2 Orb Walkers","floor":48,"turns":3},{"damage":20,"enemies":"Time Eater","floor":50,"turns":10}],"seed_played":"-2140175054152449370","potions_obtained":[{"floor":1,"key":"Fire Potion"},{"floor":2,"key":"Swift Potion"},{"floor":2,"key":"Poison Potion"},{"floor":8,"key":"SpeedPotion"},{"floor":13,"key":"SkillPotion"},{"floor":21,"key":"EntropicBrew"},{"floor":24,"key":"Energy Potion"},{"floor":29,"key":"Strength Potion"},{"floor":31,"key":"Regen Potion"},{"floor":35,"key":"Poison Potion"},{"floor":38,"key":"AttackPotion"},{"floor":41,"key":"Dexterity Potion"}],"is_trial":false,"path_per_floor":["M","?","M","M","M","E","R","M","T","$","?","?","M","M","R","B",null,"M","$","M","M","?","R","E","$","T","R","?","E","?","M","R","B",null,"M","T","?","M","?","R","M","$","T","R","$","?","M","?","R","B",null],"character_chosen":"THE_SILENT","items_purchased":["Bronze Scales","Sling","Toolbox"],"campfire_rested":1,"item_purchase_floors":[10,19,42],"current_hp_per_floor":[68,68,68,68,58,45,45,38,38,38,27,20,15,8,29,15,70,67,67,67,59,49,49,28,28,28,28,36,39,39,32,32,17,49,49,49,49,49,43,43,45,45,45,45,45,45,49,31,31,29],"gold":75,"neow_bonus":"ONE_RARE_RELIC","is_prod":false,"is_daily":false,"chose_seed":false,"campfire_upgraded":7,"win_rate":0,"timestamp":1549897034,"path_taken":["M","?","M","?","M","E","R","M","T","$","?","?","M","M","R","BOSS","M","$","M","M","?","R","E","$","T","R","?","E","?","M","R","BOSS","M","?","?","M","?","R","M","$","T","R","$","?","M","?","R","BOSS"],"build_version":"2019-01-23","purchased_purges":2,"victory":true,"max_hp_per_floor":[70,70,70,70,70,70,70,70,70,70,70,70,70,70,70,70,70,70,70,70,70,49,49,49,49,49,49,49,49,49,49,49,49,49,49,49,49,49,49,49,49,49,49,49,49,49,49,49,49,49],"card_choices":[{"not_picked":["Dodge and Roll","Slice"],"picked":"Bane","floor":1},{"not_picked":["Quick Slash","Underhanded Strike","All Out Attack"],"picked":"SKIP","floor":3},{"not_picked":["Blade Dance","Phantasmal Killer"],"picked":"Poisoned Stab","floor":4},{"not_picked":["Prepared","Eviscerate","Underhanded Strike"],"picked":"SKIP","floor":5},{"not_picked":["Concentrate","Dash","PiercingWail"],"picked":"SKIP","floor":6},{"not_picked":["Prepared","Blade Dance"],"picked":"Bane","floor":8},{"not_picked":["Cloak And Dagger","Underhanded Strike"],"picked":"A Thousand Cuts","floor":13},{"not_picked":["Underhanded Strike","Terror","Outmaneuver"],"picked":"SKIP","floor":14},{"not_picked":["Glass Knife","Night Terror"],"picked":"Die Die Die","floor":16},{"not_picked":["Tactician","Dagger Throw","Predator"],"picked":"SKIP","floor":18},{"not_picked":["Blade Dance+1","Dagger Throw"],"picked":"Backflip","floor":20},{"not_picked":["Endless Agony+1","Choke"],"picked":"Footwork","floor":21},{"not_picked":["Prepared+1","Accuracy","Grand Finale"],"picked":"SKIP","floor":24},{"not_picked":["Well Laid Plans","Blur+1"],"picked":"Backflip+1","floor":28},{"not_picked":["Underhanded Strike","Infinite Blades"],"picked":"Envenom","floor":29},{"not_picked":["Distraction","Cloak And Dagger","Well Laid Plans"],"picked":"SKIP","floor":31},{"not_picked":["Tools of the Trade","Phantasmal Killer"],"picked":"Venomology","floor":33},{"not_picked":["Skewer","PiercingWail","Blade Dance"],"picked":"SKIP","floor":35},{"not_picked":["Dagger Spray+1","Dodge and Roll+1"],"picked":"Footwork","floor":37},{"not_picked":["Acrobatics","PiercingWail","Quick Slash+1"],"picked":"SKIP","floor":38},{"not_picked":["Finisher","Poisoned Stab","Dagger Spray+1"],"picked":"SKIP","floor":38},{"not_picked":["PiercingWail","Concentrate","Dagger Spray"],"picked":"SKIP","floor":41},{"not_picked":["Blade Dance+1","Slice","Dodge and Roll+1"],"picked":"SKIP","floor":41},{"not_picked":["Dash","Bane+1"],"picked":"Skewer+1","floor":47},{"not_picked":["Predator+1","Die Die Die","Infinite Blades+1"],"picked":"SKIP","floor":47},{"not_picked":["Dagger Spray","Endless Agony+1"],"picked":"Choke","floor":48}],"player_experience":285507,"relics_obtained":[{"floor":6,"key":"Letter Opener"},{"floor":9,"key":"Juzu Bracelet"},{"floor":24,"key":"Bottled Flame"},{"floor":26,"key":"Torii"},{"floor":28,"key":"Red Mask"},{"floor":29,"key":"Tiny Chest"},{"floor":36,"key":"Dodecahedron"},{"floor":37,"key":"Prayer Wheel"},{"floor":43,"key":"Ninja Scroll"},{"floor":48,"key":"FossilizedHelix"}],"event_choices":[{"damage_healed":0,"gold_gain":0,"player_choice":"Got Potions","damage_taken":0,"max_hp_gain":0,"max_hp_loss":0,"event_name":"Lab","floor":2,"gold_loss":0},{"damage_healed":0,"gold_gain":75,"player_choice":"Gather Gold","damage_taken":11,"max_hp_gain":0,"max_hp_loss":0,"event_name":"World of Goop","floor":11,"gold_loss":0},{"cards_removed":["Strike_G"],"damage_healed":0,"gold_gain":0,"player_choice":"Card Removal","damage_taken":7,"max_hp_gain":0,"max_hp_loss":0,"event_name":"Golden Wing","floor":12,"gold_loss":0},{"damage_healed":0,"gold_gain":0,"player_choice":"Became a vampire","damage_taken":0,"max_hp_gain":0,"max_hp_loss":21,"event_name":"Vampires","floor":22,"gold_loss":0,"cards_obtained":["Bite","Bite","Bite","Bite","Bite"]},{"damage_healed":0,"gold_gain":0,"player_choice":"Fought Bandits","damage_taken":0,"max_hp_gain":0,"max_hp_loss":0,"event_name":"Masked Bandits","floor":28,"gold_loss":0},{"damage_healed":0,"gold_gain":0,"player_choice":"Bet on Owner","damage_taken":0,"max_hp_gain":0,"max_hp_loss":0,"event_name":"The Joust","floor":30,"gold_loss":50},{"damage_healed":0,"gold_gain":0,"player_choice":"Fight","damage_taken":0,"max_hp_gain":0,"max_hp_loss":0,"event_name":"MindBloom","floor":37,"gold_loss":0},{"damage_healed":0,"gold_gain":0,"player_choice":"Embrace Madness","damage_taken":6,"max_hp_gain":0,"max_hp_loss":0,"event_name":"Winding Halls","floor":39,"gold_loss":0,"cards_obtained":["Madness","Madness"]},{"cards_removed":["Madness"],"damage_healed":0,"gold_gain":0,"player_choice":"Removed Skill","damage_taken":0,"max_hp_gain":0,"max_hp_loss":0,"event_name":"Falling","floor":46,"gold_loss":0},{"damage_healed":0,"gold_gain":0,"player_choice":"Fight","damage_taken":0,"max_hp_gain":0,"max_hp_loss":0,"event_name":"Mysterious Sphere","floor":48,"gold_loss":0}],"is_beta":false,"boss_relics":[{"not_picked":["Runic Pyramid","Black Star"],"picked":"Velvet Choker"},{"not_picked":["Astrolabe","Runic Dome"],"picked":"Cursed Key"}],"items_purged_floors":[42,45],"is_endless":false,"potions_floor_spawned":[1,4,8,13,14,21,24,29,31,35,38,41],"ascension_level":1}