{"gold_per_floor":[116,41,53,53,72,100,100,135,135,135,135,135,67,67,67,190,190,176,176,189,207,5,5,5],"floor_reached":24,"playtime":951,"items_purged":["Strike_B","Defend_B"],"score":212,"play_id":"c6137f4f-2e73-4661-bcaa-75e995618b6b","local_time":"20190915111447","is_ascension_mode":true,"campfire_choices":[{"floor":7.0,"key":"DIG"},{"floor":10.0,"key":"RECALL"},{"floor":15.0,"key":"DIG"},{"floor":23,"key":"DIG"}],"neow_cost":"TEN_PERCENT_HP_LOSS","seed_source_timestamp":422255520110085,"circlet_count":0,"master_deck":["Strike_B","Strike_B","Defend_B","Defend_B","Defend_B","Zap","Dualcast","Ball Lightning","Genetic Algorithm","FTL","Creative AI","Glacier","Loop","Loop","Echo Form","Conserve Battery+1","Pain","Consume+1","Ball Lightning","Undo"],"special_seed":0,"relics":["Cracked Core","Shovel","Ice Cream","Thread and Needle","Emotion Chip","Dream Catcher","Turnip","Golden Idol","Shuriken","Sozu","WarpedTongs","Meat on the Bone"],"potions_floor_usage":[],"damage_taken":[{"damage":0.0,"enemies":"2 Louse","floor":1.0,"turns":2.0},{"damage":1.0,"enemies":"Cultist","floor":3.0,"turns":3.0},{"damage":5.0,"enemies":"Small Slimes","floor":5.0,"turns":3.0},{"damage":13.0,"enemies":"3 Sentries","floor":6.0,"turns":5.0},{"damage":20.0,"enemies":"Gremlin Nob","floor":8.0,"turns":4.0},{"damage":18.0,"enemies":"Hexaghost","floor":16.0,"turns":9.0},{"damage":12,"enemies":"2 Thieves","floor":18,"turns":4},{"damage":4,"enemies":"Spheric Guardian","floor":20,"turns":5},{"damage":11,"enemies":"Snake Plant","floor":21,"turns":4},{"damage":42,"enemies":"Gremlin Leader","floor":24,"turns":6}],"seed_played":"-7110164416745040588","potions_obtained":[{"floor":1.0,"key":"Fire Potion"},{"floor":3.0,"key":"Explosive Potion"},{"floor":8.0,"key":"Dexterity Potion"}],"is_trial":false,"path_per_floor":["M","$","M","?","M","E","R","E","T","R","?","?","$","?","R","B",null,"M","?","M","M","$","R","E"],"character_chosen":"DEFECT","items_purchased":["Loop","Ball Lightning","Undo"],"campfire_rested":0,"item_purchase_floors":[13,22,22],"current_hp_per_floor":[68,68,67,67,62,49,49,29,29,29,29,29,29,29,29,11,63,51,51,47,36,36,36,0],"gold":5,"neow_bonus":"ONE_RARE_RELIC","is_prod":false,"is_daily":false,"chose_seed":false,"campfire_upgraded":0,"win_rate":0,"timestamp":1568564087,"path_taken":["M","$","M","?","?","E","R","E","T","R","?","?","$","?","R","BOSS","M","?","M","M","$","R","E"],"build_version":"2019-07-17","purchased_purges":2,"victory":false,"max_hp_per_floor":[68,68,68,68,68,68,68,68,68,68,68,63,63,63,63,63,63,63,63,63,63,63,63,63],"card_choices":[{"not_picked":["Rebound","Reinforced Body"],"picked":"Ball Lightning","floor":1.0},{"not_picked":["Double Energy","Aggregate"],"picked":"Genetic Algorithm","floor":3.0},{"not_picked":["Leap","Auto Shields"],"picked":"FTL","floor":5.0},{"not_picked":["Aggregate","Force Field"],"picked":"Creative AI","floor":6.0},{"not_picked":["Sunder","Self Repair"],"picked":"Glacier","floor":8.0},{"not_picked":["Hyperbeam","Multi-Cast"],"picked":"Echo Form","floor":16.0},{"not_picked":["Double Energy","Leap"],"picked":"Conserve Battery+1","floor":18},{"not_picked":["Double Energy","Beam Cell"],"picked":"Consume+1","floor":20},{"not_picked":["Rebound","Conserve Battery","Redo"],"picked":"SKIP","floor":21}],"player_experience":1267765,"relics_obtained":[{"floor":6.0,"key":"Thread and Needle"},{"floor":7.0,"key":"Emotion Chip"},{"floor":8.0,"key":"Dream Catcher"},{"floor":9.0,"key":"Turnip"},{"floor":15.0,"key":"Shuriken"},{"floor":23,"key":"Meat on the Bone"}],"event_choices":[{"damage_healed":0.0,"max_hp_gain":0.0,"max_hp_loss":0.0,"gold_gain":0.0,"event_name":"WeMeetAgain","player_choice":"Gave Potion","floor":4.0,"gold_loss":0.0,"damage_taken":0.0,"relics_obtained":["Ice Cream"]},{"damage_healed":0.0,"max_hp_gain":0.0,"max_hp_loss":0.0,"gold_gain":0.0,"event_name":"Shining Light","player_choice":"Ignored","floor":11.0,"gold_loss":0.0,"damage_taken":0.0},{"damage_healed":0.0,"max_hp_gain":0.0,"max_hp_loss":5.0,"gold_gain":0.0,"event_name":"Golden Idol","player_choice":"Lose Max HP","floor":12.0,"gold_loss":0.0,"damage_taken":0.0,"relics_obtained":["Golden Idol"]},{"damage_healed":0.0,"max_hp_gain":0.0,"max_hp_loss":0.0,"gold_gain":0.0,"cards_transformed":["Strike_B"],"event_name":"Living Wall","player_choice":"Change","floor":14.0,"gold_loss":0.0,"damage_taken":0.0,"cards_obtained":["Loop"]},{"damage_healed":0,"gold_gain":0,"player_choice":"Rummage","damage_taken":0,"relics_obtained":["WarpedTongs"],"max_hp_gain":0,"max_hp_loss":0,"event_name":"Accursed Blacksmith","floor":19,"gold_loss":0,"cards_obtained":["Pain"]}],"is_beta":false,"boss_relics":[{"not_picked":["Fusion Hammer","Runic Pyramid"],"picked":"Sozu"}],"items_purged_floors":[2,22],"is_endless":false,"potions_floor_spawned":[1,3,8,18,21],"killed_by":"Gremlin Leader","ascension_level":1}