{"path_per_floor":["M","M","?","M","M","R","E","R","T","M","M","$","?","M","R","B",null,"M","M","M","?","?","R","M"],"character_chosen":"IRONCLAD","items_purchased":["Blood Vial","Heavy Blade"],"gold_per_floor":[115,126,126,137,156,156,184,184,210,224,240,46,121,139,139,242,242,261,277,288,288,288,288,299],"floor_reached":25,"campfire_rested":3,"playtime":922,"current_hp_per_floor":[80,80,80,80,66,66,37,61,61,54,49,49,38,39,63,27,80,56,54,37,21,47,71,47],"items_purged":[],"gold":299,"score":207,"play_id":"53f0cd06-1938-4394-87f6-03c1031a287e","is_prod":false,"is_daily":false,"is_ascension_mode":false,"campfire_upgraded":1,"path_taken":["M","M","?","M","M","R","E","R","T","M","M","$","?","?","R","BOSS","M","M","M","?","?","R","M","M"],"build_version":"2018-02-15-PROD1","purchased_purges":0,"victory":false,"master_deck":["Strike_R","Strike_R","Strike_R","Strike_R","Defend_R","Defend_R","Defend_R","Defend_R","Bash","Fiend Fire","Spot Weakness+1","Twin Strike","Pommel Strike","Heavy Blade+1","Cleave","Anger","Twin Strike","Heavy Blade","Demon Form","Flex+1","Flex"],"max_hp_per_floor":[80,80,80,80,80,80,80,80,80,80,80,80,80,80,80,80,80,80,80,80,80,80,80,80],"relics":["Burning Blood","Bag of Preparation","Ancient Tea Set","Blood Vial","Mark of Pain","Enchiridion"],"card_choices":[{"not_picked":["True Grit","Dropkick"],"picked":"Spot Weakness"},{"not_picked":["Perfected Strike","Infernal Blade"],"picked":"Twin Strike"},{"not_picked":["Body Slam","Clash"],"picked":"Pommel Strike"},{"not_picked":["Armaments","Power Through"],"picked":"Heavy Blade"},{"not_picked":["Double Tap","Armaments"],"picked":"Cleave"},{"not_picked":["Second Wind","Thunderclap"],"picked":"Anger"},{"not_picked":["Shrug It Off","Wild Strike"],"picked":"Twin Strike"},{"not_picked":["Juggernaut","Brutality"],"picked":"Demon Form"},{"not_picked":["Warcry","Iron Wave"],"picked":"Flex"},{"not_picked":["Sword Boomerang","Perfected Strike"],"picked":"Flex"}],"player_experience":33375,"potions_floor_usage":[7,7,16,16,19,25],"damage_taken":[{"damage":6,"enemies":"Cultist","floor":1,"turns":3},{"damage":3,"enemies":"Small Slimes","floor":2,"turns":2},{"damage":1,"enemies":"Jaw Worm","floor":4,"turns":3},{"damage":20,"enemies":"Exordium Wildlife","floor":5,"turns":5},{"damage":35,"enemies":"Lagavulin","floor":7,"turns":6},{"damage":13,"enemies":"Lots of Slimes","floor":10,"turns":3},{"damage":11,"enemies":"3 Louse","floor":11,"turns":4},{"damage":7,"enemies":"Exordium Wildlife","floor":14,"turns":2},{"damage":44,"enemies":"The Guardian","floor":16,"turns":6},{"damage":30,"enemies":"Shell Parasite","floor":18,"turns":4},{"damage":10,"enemies":"2 Thieves","floor":19,"turns":3},{"damage":25,"enemies":"Cultist and Chosen","floor":20,"turns":5},{"damage":32,"enemies":"Snake Plant","floor":24,"turns":3},{"damage":50,"enemies":"Slaver and Parasite","floor":25,"turns":3}],"event_choices":[{"event_name":"Upgrade Shrine","player_choice":"Upgraded","floor":3,"damage_taken":0},{"event_name":"World of Goop","player_choice":"Gather Gold","floor":13,"damage_taken":0},{"event_name":"Cursed Tome","player_choice":"Obtained Book","floor":21,"damage_taken":0},{"event_name":"The Library","player_choice":"Heal","floor":22,"damage_taken":0}],"boss_relics":[{"not_picked":["Tiny House","Snecko Eye"],"picked":"Mark of Pain"}],"potions_floor_spawned":[1,5,11,14,16,20],"seed_played":"6401211058737102182","killed_by":"Slaver and Parasite","ascension_level":0,"is_trial":false}