{"gold_per_floor":[115,133,8,8,8,8,35,49,76,76,94,111,111,111],"floor_reached":14,"playtime":576,"items_purged":["Defend_R"],"score":180,"play_id":"da8ddc6d-64d8-4b46-82a6-9815c6db7983","local_time":"20190917180955","is_ascension_mode":true,"campfire_choices":[{"data":"Shrug It Off","floor":6.0,"key":"SMITH"},{"data":"Bash","floor":10.0,"key":"SMITH"},{"data":"Corruption","floor":13.0,"key":"SMITH"}],"neow_cost":"TEN_PERCENT_HP_LOSS","seed_source_timestamp":544125732622852,"circlet_count":0,"master_deck":["AscendersBane","Strike_R","Strike_R","Strike_R","Strike_R","Strike_R","Defend_R","Defend_R","Defend_R","Bash+1","Demon Form","Anger","Shrug It Off+1","Pommel Strike","Inflame","Shockwave","Corruption+1"],"special_seed":0,"relics":["Burning Blood","Strawberry","Omamori"],"potions_floor_usage":[],"damage_taken":[{"damage":11.0,"enemies":"Jaw Worm","floor":1.0,"turns":4.0},{"damage":9.0,"enemies":"2 Louse","floor":2.0,"turns":4.0},{"damage":24.0,"enemies":"Lagavulin","floor":7.0,"turns":6.0},{"damage":13.0,"enemies":"Small Slimes","floor":8.0,"turns":4.0},{"damage":9.0,"enemies":"Exordium Thugs","floor":11.0,"turns":4.0},{"damage":12.0,"enemies":"Looter","floor":12.0,"turns":3.0},{"damage":45,"enemies":"3 Sentries","floor":14,"turns":6}],"seed_played":"-8333282927146574258","potions_obtained":[{"floor":1.0,"key":"EntropicBrew"},{"floor":7.0,"key":"SpeedPotion"},{"floor":11.0,"key":"SpeedPotion"}],"is_trial":false,"path_per_floor":["M","M","$","?","$","R","E","M","T","R","M","M","R","E"],"character_chosen":"IRONCLAD","items_purchased":["Shrug It Off"],"campfire_rested":0,"item_purchase_floors":[3],"current_hp_per_floor":[63,60,60,65,65,65,54,47,47,47,44,38,38,0],"gold":111,"neow_bonus":"THREE_RARE_CARDS","is_prod":false,"is_daily":false,"chose_seed":false,"campfire_upgraded":3,"win_rate":0,"timestamp":1568761795,"path_taken":["M","M","$","?","$","R","E","M","T","R","M","M","R","E"],"build_version":"2019-07-17","purchased_purges":1,"victory":false,"max_hp_per_floor":[68,68,68,73,73,73,80,80,80,80,80,80,80,80],"card_choices":[{"not_picked":["Brutality","Berserk"],"picked":"Demon Form","floor":0.0},{"not_picked":["Rupture","Havoc","Sever Soul"],"picked":"SKIP","floor":1.0},{"not_picked":["Headbutt","Intimidate"],"picked":"Anger","floor":2.0},{"not_picked":["Body Slam","Entrench"],"picked":"Pommel Strike","floor":7.0},{"not_picked":["Anger","Uppercut"],"picked":"Inflame","floor":8.0},{"not_picked":["Headbutt","Havoc"],"picked":"Shockwave","floor":11.0},{"not_picked":["Rampage","Rupture"],"picked":"Corruption","floor":12.0}],"player_experience":1331496,"relics_obtained":[{"floor":7.0,"key":"Strawberry"},{"floor":9.0,"key":"Omamori"}],"event_choices":[{"damage_healed":0.0,"max_hp_gain":5.0,"max_hp_loss":0.0,"gold_gain":0.0,"event_name":"Big Fish","player_choice":"Donut","floor":4.0,"gold_loss":0.0,"damage_taken":0.0}],"is_beta":false,"boss_relics":[],"items_purged_floors":[3],"is_endless":false,"potions_floor_spawned":[1,7,11],"killed_by":"3 Sentries","ascension_level":20}