{"gold_per_floor":[119,194,211,230,405,431,431,446,446,475,65,65,65,340,340,340],"floor_reached":16,"playtime":311,"items_purged":[],"score":119,"play_id":"1a78733d-dce9-4d5b-a7b9-731931cb8343","local_time":"20190907023930","is_ascension_mode":true,"campfire_choices":[{"floor":7.0,"key":"REST"},{"floor":12,"key":"REST"},{"data":"Defragment","floor":15,"key":"SMITH"}],"neow_cost":"NONE","seed_source_timestamp":567433860431100,"circlet_count":0,"master_deck":["Strike_B","Strike_B","Strike_B","Strike_B","Defend_B","Defend_B","Defend_B","Defend_B","Zap","Dualcast","Gash","Streamline","Scrape","Doubt","Electrodynamics","Hologram","Defragment+1","Amplify","Apotheosis","Regret"],"special_seed":0,"relics":["Cracked Core","NeowsBlessing","Ancient Tea Set","Singing Bowl","Turnip","Molten Egg 2"],"potions_floor_usage":[10,10],"damage_taken":[{"damage":0.0,"enemies":"Cultist","floor":1.0,"turns":1.0},{"damage":0.0,"enemies":"Small Slimes","floor":3.0,"turns":1.0},{"damage":0.0,"enemies":"2 Louse","floor":4.0,"turns":1.0},{"damage":60.0,"enemies":"Lagavulin","floor":6.0,"turns":7.0},{"damage":6.0,"enemies":"Gremlin Gang","floor":8.0,"turns":3.0},{"damage":5,"enemies":"Gremlin Nob","floor":10,"turns":3},{"damage":50,"enemies":"The Guardian","floor":16,"turns":5}],"seed_played":"-1211149432689571037","potions_obtained":[{"floor":4.0,"key":"Fire Potion"},{"floor":6.0,"key":"FocusPotion"}],"is_trial":false,"path_per_floor":["M","?","M","M","?","E","R","M","T","E","$","R","?","?","R","B"],"character_chosen":"DEFECT","items_purchased":["Defragment","Amplify","Apotheosis"],"campfire_rested":2,"item_purchase_floors":[11,11,11],"current_hp_per_floor":[75,68,68,68,68,8,30,24,24,21,21,44,44,44,44,0],"gold":340,"neow_bonus":"THREE_ENEMY_KILL","is_prod":false,"is_daily":false,"chose_seed":false,"campfire_upgraded":1,"win_rate":0,"timestamp":1567841970,"path_taken":["M","?","M","?","?","E","R","M","T","E","$","R","?","?","R","BOSS"],"build_version":"2019-07-17","purchased_purges":0,"victory":false,"max_hp_per_floor":[75,75,75,75,75,75,75,75,75,77,77,77,77,77,77,77],"card_choices":[{"not_picked":["Double Energy","Storm"],"picked":"Gash","floor":1.0},{"not_picked":["Barrage","Storm"],"picked":"Streamline","floor":3.0},{"not_picked":["Steam","Melter"],"picked":"Scrape","floor":4.0},{"not_picked":["Beam Cell","Ball Lightning"],"picked":"Electrodynamics","floor":6.0},{"not_picked":["Recycle","Streamline"],"picked":"Hologram","floor":8.0},{"not_picked":["FTL","Sunder","Sweeping Beam"],"picked":"Singing Bowl","floor":10}],"player_experience":160005,"relics_obtained":[{"floor":6.0,"key":"Ancient Tea Set"},{"floor":9.0,"key":"Singing Bowl"},{"floor":10,"key":"Turnip"}],"event_choices":[{"damage_healed":0.0,"max_hp_gain":0.0,"max_hp_loss":0.0,"gold_gain":75.0,"event_name":"FaceTrader","player_choice":"Touch","floor":2.0,"gold_loss":0.0,"damage_taken":7.0},{"damage_healed":0.0,"max_hp_gain":0.0,"max_hp_loss":0.0,"gold_gain":175.0,"event_name":"Liars Game","player_choice":"AGREE","floor":5.0,"gold_loss":0.0,"damage_taken":0.0,"cards_obtained":["Doubt"]},{"damage_healed":0,"gold_gain":0,"player_choice":"Searched \u00271\u0027 times","damage_taken":0,"relics_obtained":["Molten Egg 2"],"max_hp_gain":0,"max_hp_loss":0,"event_name":"Dead Adventurer","floor":13,"gold_loss":0},{"damage_healed":0,"gold_gain":275,"player_choice":"Desecrate","damage_taken":0,"max_hp_gain":0,"max_hp_loss":0,"event_name":"Golden Shrine","floor":14,"gold_loss":0,"cards_obtained":["Regret"]}],"is_beta":false,"boss_relics":[],"items_purged_floors":[],"is_endless":false,"potions_floor_spawned":[4,6],"killed_by":"The Guardian","ascension_level":2}