{"gold_per_floor":[119,44,61,72,89,120,120,70,70,90,109,123,123,158,158,257,257,271,271,296,310,310,310,338,338,338,375,387,412,122,138,138,237,237,255,301,321,321,321,351,351,383,409,409,436,311,311,83,83,83,83,83,83,111,111],"floor_reached":56,"playtime":4638,"items_purged":["Defend_B","Strike_B","Strike_B","Dualcast"],"score":1445,"play_id":"f2a4e9e9-9307-4adb-82b5-362f8def3a8b","local_time":"20190915223803","is_ascension_mode":true,"campfire_choices":[{"data":"Glacier","floor":7.0,"key":"SMITH"},{"data":"Coolheaded","floor":13.0,"key":"SMITH"},{"data":"Beam Cell","floor":15.0,"key":"SMITH"},{"floor":23.0,"key":"RECALL"},{"data":"Sunder","floor":25.0,"key":"SMITH"},{"data":"Sunder","floor":28.0,"key":"SMITH"},{"data":"Skim","floor":32.0,"key":"SMITH"},{"data":"Meteor Strike","floor":44.0,"key":"SMITH"},{"data":"All For One","floor":49,"key":"SMITH"},{"data":"Defend_B","floor":52,"key":"SMITH"}],"neow_cost":"NONE","seed_source_timestamp":452176087620999,"circlet_count":0,"master_deck":["Strike_B","Defend_B","Defend_B","Defend_B+1","Zap","Double Energy","Glacier+1","Meteor Strike+1","Sunder+1","Coolheaded+1","Beam Cell+1","Creative AI","Coolheaded+1","Sunder+1","Skim+1","Go for the Eyes+1","All For One+1"],"special_seed":0,"relics":["Snecko Eye","Cables","Matryoshka","Bottled Lightning","Coffee Dripper","Bronze Scales","Shuriken","MawBank","Question Card","PreservedInsect","ClockworkSouvenir","Busted Crown","WingedGreaves","Incense Burner","Potion Belt","Vajra","Omamori","Centennial Puzzle"],"potions_floor_usage":[55,55],"damage_taken":[{"damage":8.0,"enemies":"Cultist","floor":1.0,"turns":5.0},{"damage":2.0,"enemies":"Small Slimes","floor":3.0,"turns":3.0},{"damage":1.0,"enemies":"Jaw Worm","floor":4.0,"turns":4.0},{"damage":1.0,"enemies":"Looter","floor":5.0,"turns":3.0},{"damage":26.0,"enemies":"Lagavulin","floor":6.0,"turns":9.0},{"damage":4.0,"enemies":"Exordium Thugs","floor":10.0,"turns":3.0},{"damage":0.0,"enemies":"2 Fungi Beasts","floor":11.0,"turns":2.0},{"damage":1.0,"enemies":"Large Slime","floor":12.0,"turns":4.0},{"damage":0.0,"enemies":"3 Sentries","floor":14.0,"turns":5.0},{"damage":5.0,"enemies":"Hexaghost","floor":16.0,"turns":5.0},{"damage":0.0,"enemies":"3 Byrds","floor":18.0,"turns":3.0},{"damage":0.0,"enemies":"Chosen","floor":21.0,"turns":2.0},{"damage":0.0,"enemies":"Book of Stabbing","floor":24.0,"turns":3.0},{"damage":0.0,"enemies":"3 Cultists","floor":29.0,"turns":3.0},{"damage":0.0,"enemies":"Centurion and Healer","floor":31.0,"turns":3.0},{"damage":17.0,"enemies":"Collector","floor":33.0,"turns":4.0},{"damage":0.0,"enemies":"3 Shapes","floor":35.0,"turns":2.0},{"damage":0.0,"enemies":"2 Orb Walkers","floor":36.0,"turns":3.0},{"damage":0.0,"enemies":"Orb Walker","floor":37.0,"turns":2.0},{"damage":8.0,"enemies":"Giant Head","floor":40.0,"turns":3.0},{"damage":0.0,"enemies":"3 Darklings","floor":41.0,"turns":3.0},{"damage":0.0,"enemies":"Reptomancer","floor":42.0,"turns":2.0},{"damage":10,"enemies":"Nemesis","floor":45,"turns":5},{"damage":0,"enemies":"Donu and Deca","floor":50,"turns":5},{"damage":0,"enemies":"Shield and Spear","floor":54,"turns":2},{"damage":26,"enemies":"The Heart","floor":55,"turns":6}],"seed_played":"8101032775991201578","potions_obtained":[{"floor":1.0,"key":"Regen Potion"},{"floor":3.0,"key":"Strength Potion"},{"floor":5.0,"key":"Energy Potion"},{"floor":10.0,"key":"GamblersBrew"},{"floor":12.0,"key":"Energy Potion"},{"floor":33.0,"key":"SteroidPotion"},{"floor":36.0,"key":"GamblersBrew"},{"floor":45,"key":"Block Potion"}],"is_trial":false,"path_per_floor":["M","$","M","M","M","E","R","?","T","M","M","M","R","E","R","B",null,"M","?","T","M","?","R","E","R","T","T","R","M","$","M","R","B",null,"M","?","M","?","?","E","M","E","T","R","E","$","?","$","R","B",null,"R","$","E","B",null],"character_chosen":"DEFECT","items_purchased":["ClockworkSouvenir","GamblersBrew"],"campfire_rested":0,"item_purchase_floors":[30,48],"current_hp_per_floor":[67,67,65,64,63,50,50,50,50,46,46,45,45,45,45,40,75,75,75,75,75,75,75,75,75,75,75,75,75,75,75,75,58,75,75,75,75,75,75,67,67,67,67,67,57,57,57,57,57,57,75,75,75,75,49],"gold":111,"neow_bonus":"BOSS_RELIC","is_prod":false,"is_daily":false,"chose_seed":false,"campfire_upgraded":9,"win_rate":0,"timestamp":1568605083,"path_taken":["M","$","M","M","M","E","R","?","T","M","M","M","R","E","R","BOSS","M","?","?","M","?","R","E","R","T","?","R","M","$","?","R","BOSS","M","?","M","?","?","E","?","E","T","R","E","$","?","$","R","BOSS","R","$","E","BOSS"],"build_version":"2019-07-17","purchased_purges":4,"victory":true,"max_hp_per_floor":[75,75,75,75,75,75,75,75,75,75,75,75,75,75,75,75,75,75,75,75,75,75,75,75,75,75,75,75,75,75,75,75,75,75,75,75,75,75,75,75,75,75,75,75,75,75,75,75,75,75,75,75,75,75,75],"card_choices":[{"not_picked":["White Noise","Tempest"],"picked":"Double Energy","floor":1.0},{"not_picked":["Beam Cell","Undo"],"picked":"Glacier","floor":3.0},{"not_picked":["Auto Shields","Sweeping Beam","Conserve Battery"],"picked":"SKIP","floor":4.0},{"not_picked":["Go for the Eyes","Turbo","Melter"],"picked":"SKIP","floor":5.0},{"not_picked":["Compile Driver","Core Surge"],"picked":"Meteor Strike","floor":6.0},{"not_picked":["Double Energy","Beam Cell"],"picked":"Sunder","floor":10.0},{"not_picked":["Leap","Rebound"],"picked":"Coolheaded","floor":11.0},{"not_picked":["Rip and Tear","Stack"],"picked":"Beam Cell","floor":12.0},{"not_picked":["Steam","Coolheaded","Fusion"],"picked":"SKIP","floor":14.0},{"not_picked":["Multi-Cast","Rainbow"],"picked":"Creative AI","floor":16.0},{"not_picked":["Stack","Conserve Battery"],"picked":"Coolheaded+1","floor":18.0},{"not_picked":["Streamline","Turbo","Compile Driver"],"picked":"SKIP","floor":21.0},{"not_picked":["Undo","Sunder"],"picked":"Skim","floor":24.0},{"not_picked":["Rebound","Double Energy","Stack","Cold Snap"],"picked":"SKIP","floor":29.0},{"not_picked":["Conserve Battery+1","Gash+1","Multi-Cast","Barrage"],"picked":"SKIP","floor":31.0},{"not_picked":["Core Surge","Multi-Cast","Rainbow"],"picked":"Electrodynamics","floor":33.0},{"not_picked":["Hologram","Ball Lightning+1"],"picked":"SKIP","floor":35.0},{"not_picked":["Turbo"],"picked":"Go for the Eyes+1","floor":36.0},{"not_picked":["Genetic Algorithm","Hello World"],"picked":"SKIP","floor":37.0},{"not_picked":["Compile Driver","Steam"],"picked":"SKIP","floor":40.0},{"not_picked":["Barrage+1","Sunder+1"],"picked":"SKIP","floor":41.0},{"not_picked":["Lockon","Go for the Eyes+1"],"picked":"SKIP","floor":42.0},{"not_picked":["Lockon+1"],"picked":"All For One","floor":45},{"not_picked":["Turbo","Sweeping Beam+1"],"picked":"SKIP","floor":54}],"player_experience":1285400,"relics_obtained":[{"floor":6.0,"key":"Cables"},{"floor":9.0,"key":"Matryoshka"},{"floor":14.0,"key":"Bottled Lightning"},{"floor":20.0,"key":"Bronze Scales"},{"floor":24.0,"key":"Shuriken"},{"floor":26.0,"key":"MawBank"},{"floor":26.0,"key":"Question Card"},{"floor":27.0,"key":"PreservedInsect"},{"floor":36.0,"key":"WingedGreaves"},{"floor":40.0,"key":"Incense Burner"},{"floor":42.0,"key":"Potion Belt"},{"floor":43.0,"key":"Vajra"},{"floor":45,"key":"Omamori"},{"floor":54,"key":"Centennial Puzzle"}],"event_choices":[{"cards_removed":["Strike_B"],"damage_healed":0.0,"max_hp_gain":0.0,"max_hp_loss":0.0,"gold_gain":0.0,"event_name":"The Cleric","player_choice":"Card Removal","floor":8.0,"gold_loss":50.0,"damage_taken":0.0},{"damage_healed":0.0,"max_hp_gain":0.0,"max_hp_loss":0.0,"gold_gain":0.0,"event_name":"Ghosts","player_choice":"Ignored","floor":19.0,"gold_loss":0.0,"damage_taken":0.0},{"damage_healed":0.0,"max_hp_gain":0.0,"max_hp_loss":0.0,"gold_gain":0.0,"event_name":"The Library","player_choice":"Read","floor":22.0,"gold_loss":0.0,"damage_taken":0.0,"cards_obtained":["Sunder"]},{"damage_healed":0.0,"max_hp_gain":0.0,"max_hp_loss":0.0,"gold_gain":0.0,"event_name":"Mysterious Sphere","player_choice":"Fight","floor":36.0,"gold_loss":0.0,"damage_taken":0.0},{"damage_healed":0.0,"max_hp_gain":0.0,"max_hp_loss":0.0,"gold_gain":0.0,"event_name":"SensoryStone","player_choice":"Memory 1","floor":38.0,"gold_loss":0.0,"damage_taken":0.0},{"damage_healed":0.0,"max_hp_gain":0.0,"max_hp_loss":0.0,"gold_gain":0.0,"event_name":"SecretPortal","player_choice":"Ignored","floor":39.0,"gold_loss":0.0,"damage_taken":0.0},{"cards_removed":["Electrodynamics"],"damage_healed":0,"gold_gain":0,"player_choice":"Removed Power","damage_taken":0,"max_hp_gain":0,"max_hp_loss":0,"event_name":"Falling","floor":47,"gold_loss":0}],"is_beta":false,"boss_relics":[{"not_picked":["Pandora\u0027s Box","Eternal Feather"],"picked":"Coffee Dripper"},{"not_picked":["White Beast Statue","Tiny House"],"picked":"Busted Crown"}],"items_purged_floors":[2,30,46,48],"is_endless":false,"potions_floor_spawned":[1,3,5,10,12,18,31,33,36,41,45],"ascension_level":1}