{"gold_per_floor":[13,13,13,33,33,61,61,26,26,26,126,141,141,141,141,241,241,254,254,159,172,172,172,190,190,262,272,34,34,58,58,58,58],"floor_reached":33,"playtime":918,"items_purged":["Shame"],"score":239,"play_id":"ee095e1d-5afd-44e4-9a0c-71ab53c23c0d","local_time":"20190411013021","is_ascension_mode":false,"campfire_choices":[{"data":"Bash","floor":7,"key":"SMITH"},{"data":"Searing Blow","floor":10,"key":"SMITH"},{"floor":13,"key":"REST"},{"data":"Searing Blow+1","floor":15,"key":"SMITH"},{"data":"Searing Blow+2","floor":23,"key":"SMITH"},{"floor":25,"key":"DIG"},{"floor":32,"key":"REST"}],"neow_cost":"NO_GOLD","seed_source_timestamp":248874161139349,"circlet_count":0,"master_deck":["Strike_R+1","Strike_R+1","Strike_R+1","Defend_R+1","Defend_R+1","Defend_R+1","Defend_R+1","Bash+1","Battle Trance","Inflame+1","Cleave","Pommel Strike","Pommel Strike","Searing Blow+3","Clothesline","Reaper","Rage","Armaments","Pommel Strike","Dual Wield","Seeing Red","Decay"],"relics":["Black Blood","Letter Opener","PreservedInsect","Juzu Bracelet","Smiling Mask","Shovel","Charon\u0027s Ashes","Mercury Hourglass","Paper Frog","Bag of Preparation"],"potions_floor_usage":[33,33],"damage_taken":[{"damage":11,"enemies":"Small Slimes","floor":1,"turns":3},{"damage":5,"enemies":"2 Louse","floor":4,"turns":2},{"damage":45,"enemies":"3 Sentries","floor":6,"turns":6},{"damage":6,"enemies":"Cultist","floor":12,"turns":3},{"damage":34,"enemies":"Slime Boss","floor":16,"turns":8},{"damage":10,"enemies":"Chosen","floor":18,"turns":4},{"damage":24,"enemies":"Spheric Guardian","floor":21,"turns":4},{"damage":29,"enemies":"Cultist and Chosen","floor":24,"turns":5},{"damage":39,"enemies":"Centurion and Healer","floor":27,"turns":7},{"damage":70,"enemies":"Collector","floor":33,"turns":5}],"seed_played":"-2472509333439610572","potions_obtained":[{"floor":12,"key":"Fire Potion"},{"floor":24,"key":"AttackPotion"}],"is_trial":false,"path_per_floor":["M","?","?","M","$","E","R","$","T","R","?","M","R","?","R","B",null,"M","?","$","M","?","R","M","R","T","M","$","?","T","?","R","B"],"character_chosen":"IRONCLAD","items_purchased":["Searing Blow","Armaments","Paper Frog"],"campfire_rested":2,"item_purchase_floors":[8,20,28],"current_hp_per_floor":[75,57,57,58,58,19,19,19,19,19,19,19,43,43,43,15,80,80,80,80,66,66,66,54,54,54,33,33,33,33,33,57,0],"gold":58,"neow_bonus":"TRANSFORM_TWO_CARDS","is_prod":false,"is_daily":false,"chose_seed":false,"campfire_upgraded":4,"win_rate":0,"timestamp":1554964221,"path_taken":["M","?","?","M","$","E","R","$","T","R","?","M","R","?","R","BOSS","M","?","$","M","?","R","M","R","T","M","$","?","?","?","R","BOSS"],"build_version":"2019-01-23","purchased_purges":1,"victory":false,"max_hp_per_floor":[80,80,80,80,80,80,80,80,80,80,80,80,80,80,80,80,80,80,80,80,80,80,80,80,80,80,80,80,80,80,80,80,80],"card_choices":[{"not_picked":["Perfected Strike","Body Slam"],"picked":"Cleave","floor":1},{"not_picked":["Warcry","Wild Strike"],"picked":"Pommel Strike","floor":4},{"not_picked":["Sword Boomerang","Fiend Fire"],"picked":"Pommel Strike","floor":6},{"not_picked":["Warcry","Anger"],"picked":"Clothesline","floor":12},{"not_picked":["Offering","Demon Form"],"picked":"Reaper","floor":16},{"not_picked":["Perfected Strike+1","Body Slam+1"],"picked":"Rage","floor":18},{"not_picked":["Perfected Strike","Sword Boomerang"],"picked":"Pommel Strike","floor":21},{"not_picked":["Clash","Sword Boomerang+1","Warcry+1"],"picked":"SKIP","floor":24},{"not_picked":["Warcry","Bloodletting"],"picked":"Dual Wield","floor":27}],"player_experience":24794,"relics_obtained":[{"floor":6,"key":"PreservedInsect"},{"floor":9,"key":"Juzu Bracelet"},{"floor":25,"key":"Charon\u0027s Ashes"},{"floor":26,"key":"Mercury Hourglass"},{"floor":30,"key":"Bag of Preparation"}],"event_choices":[{"damage_healed":0,"gold_gain":0,"player_choice":"Success","damage_taken":18,"relics_obtained":["Letter Opener"],"max_hp_gain":0,"max_hp_loss":0,"event_name":"Scrap Ooze","floor":2,"gold_loss":0},{"damage_healed":0,"gold_gain":0,"player_choice":"Grow","damage_taken":0,"max_hp_gain":0,"max_hp_loss":0,"event_name":"Living Wall","floor":3,"gold_loss":0,"cards_upgraded":["Inflame"]},{"damage_healed":0,"gold_gain":100,"player_choice":"Pray","damage_taken":0,"max_hp_gain":0,"max_hp_loss":0,"event_name":"Golden Shrine","floor":11,"gold_loss":0},{"damage_healed":0,"gold_gain":0,"player_choice":"Searched \u00272\u0027 times","damage_taken":0,"relics_obtained":["Smiling Mask"],"max_hp_gain":0,"max_hp_loss":0,"event_name":"Dead Adventurer","floor":14,"gold_loss":0},{"damage_healed":0,"gold_gain":0,"player_choice":"Stole Relic","damage_taken":0,"relics_obtained":["Shovel"],"max_hp_gain":0,"max_hp_loss":0,"event_name":"Addict","floor":19,"gold_loss":0,"cards_obtained":["Shame"]},{"damage_healed":0,"gold_gain":0,"player_choice":"Simplicity","damage_taken":0,"max_hp_gain":0,"max_hp_loss":0,"event_name":"Back to Basics","floor":22,"gold_loss":0,"cards_upgraded":["Strike_R","Strike_R","Strike_R","Defend_R","Defend_R","Defend_R","Defend_R"]},{"damage_healed":0,"gold_gain":0,"player_choice":"Read","damage_taken":0,"max_hp_gain":0,"max_hp_loss":0,"event_name":"The Library","floor":29,"gold_loss":0,"cards_obtained":["Seeing Red"]},{"damage_healed":0,"gold_gain":0,"player_choice":"Smashed Altar","damage_taken":0,"max_hp_gain":0,"max_hp_loss":0,"event_name":"Forgotten Altar","floor":31,"gold_loss":0,"cards_obtained":["Decay"]}],"is_beta":false,"boss_relics":[{"not_picked":["Fusion Hammer","Orrery"],"picked":"Black Blood"}],"items_purged_floors":[20],"is_endless":false,"potions_floor_spawned":[12,24],"killed_by":"Collector","ascension_level":0}