{"gold_per_floor":[113,41,57,74,149,149,182,182,182,211,211,63,80,9,9,9],"floor_reached":16,"playtime":500,"items_purged":["Strike_R"],"score":119,"play_id":"590f1bf8-be22-43cc-ab03-b3e0aea6a1a7","local_time":"20190427063953","is_ascension_mode":true,"campfire_choices":[{"data":"Searing Blow","floor":6,"key":"SMITH"},{"data":"Searing Blow+1","floor":8,"key":"SMITH"},{"data":"Searing Blow+2","floor":11,"key":"SMITH"},{"floor":15,"key":"REST"}],"neow_cost":"NONE","seed_source_timestamp":273909714198857,"circlet_count":0,"master_deck":["Strike_R","Strike_R","Strike_R","Strike_R","Defend_R","Defend_R","Defend_R","Defend_R","Bash+1","Searing Blow+3","Inflame","Shrug It Off","Armaments+1","Flex+1","Seeing Red+1"],"relics":["Burning Blood","Toxic Egg 2","Bag of Preparation","Boot"],"potions_floor_usage":[7,16,16],"damage_taken":[{"damage":7,"enemies":"Jaw Worm","floor":1,"turns":3},{"damage":17,"enemies":"2 Louse","floor":3,"turns":3},{"damage":5,"enemies":"Small Slimes","floor":4,"turns":3},{"damage":34,"enemies":"Lagavulin","floor":7,"turns":8},{"damage":31,"enemies":"3 Sentries","floor":10,"turns":8},{"damage":1,"enemies":"Exordium Wildlife","floor":13,"turns":4},{"damage":49,"enemies":"Slime Boss","floor":16,"turns":7}],"seed_played":"-4799620943756451869","potions_obtained":[{"floor":1,"key":"BloodPotion"},{"floor":4,"key":"Swift Potion"},{"floor":7,"key":"Fruit Juice"}],"is_trial":false,"path_per_floor":["M","$","M","M","?","R","E","R","T","E","R","$","M","$","R","B"],"character_chosen":"IRONCLAD","items_purchased":["Inflame","Armaments+1","Flex+1","Seeing Red+1"],"campfire_rested":1,"item_purchase_floors":[2,12,12,14],"current_hp_per_floor":[79,79,68,69,58,58,35,35,35,10,10,10,15,15,40,0],"gold":9,"neow_bonus":"UPGRADE_CARD","is_prod":false,"is_daily":false,"chose_seed":false,"campfire_upgraded":3,"win_rate":0,"timestamp":1556365193,"path_taken":["M","$","M","M","?","R","E","R","T","E","R","?","M","$","R","BOSS"],"build_version":"2019-01-23","purchased_purges":1,"victory":false,"max_hp_per_floor":[80,80,80,80,80,80,85,85,85,85,85,85,85,85,85,85],"card_choices":[{"not_picked":["Armaments","Iron Wave"],"picked":"Searing Blow","floor":1},{"not_picked":["Pommel Strike","Flex"],"picked":"Shrug It Off","floor":3},{"not_picked":["Iron Wave","Carnage","Pommel Strike"],"picked":"SKIP","floor":4},{"not_picked":["Thunderclap","Perfected Strike","Exhume"],"picked":"SKIP","floor":7},{"not_picked":["Evolve","Wild Strike","Cleave"],"picked":"SKIP","floor":10},{"not_picked":["Wild Strike","Clash","True Grit+1"],"picked":"SKIP","floor":13}],"player_experience":96785,"relics_obtained":[{"floor":7,"key":"Toxic Egg 2"},{"floor":9,"key":"Bag of Preparation"},{"floor":10,"key":"Boot"}],"event_choices":[{"damage_healed":0,"gold_gain":75,"player_choice":"Gather Gold","damage_taken":11,"max_hp_gain":0,"max_hp_loss":0,"event_name":"World of Goop","floor":5,"gold_loss":0}],"is_beta":false,"boss_relics":[],"items_purged_floors":[12],"is_endless":false,"potions_floor_spawned":[1,4,7],"killed_by":"Slime Boss","ascension_level":2}