{"gold_per_floor":[115,115,125,144,156,156,183,183,183,194,210,243,243,271,271,347,347],"floor_reached":17,"playtime":1088,"items_purged":[],"score":284,"play_id":"b6cb18b8-8822-4cc3-97a7-ecbcb4f624f0","local_time":"20190822221146","is_ascension_mode":true,"campfire_choices":[{"data":"Redo","floor":6,"key":"SMITH"},{"data":"Dualcast","floor":8,"key":"SMITH"},{"floor":13,"key":"REST"},{"floor":15,"key":"REST"}],"neow_cost":"NONE","seed_source_timestamp":826681863304077,"circlet_count":0,"master_deck":["AscendersBane","Strike_B","Strike_B","Strike_B","Strike_B","Defend_B","Defend_B","Defend_B","Defend_B","Zap","Dualcast+1","Undo","Redo+1","Go for the Eyes+1","Cold Snap+1","Ball Lightning+1","Cold Snap+1","Thunder Strike+1","Loop","Creative AI"],"special_seed":0,"relics":["Cracked Core","NeowsBlessing","Molten Egg 2","Odd Mushroom","Bottled Flame","Boot","Sundial","Philosopher\u0027s Stone"],"potions_floor_usage":[5,7,12],"damage_taken":[{"damage":0.0,"enemies":"Jaw Worm","floor":1.0,"turns":1.0},{"damage":0.0,"enemies":"2 Louse","floor":3.0,"turns":1.0},{"damage":0.0,"enemies":"Small Slimes","floor":4.0,"turns":1.0},{"damage":6,"enemies":"Looter","floor":5,"turns":2},{"damage":17,"enemies":"The Mushroom Lair","floor":7,"turns":4},{"damage":0,"enemies":"2 Fungi Beasts","floor":10,"turns":3},{"damage":0,"enemies":"Large Slime","floor":11,"turns":5},{"damage":12,"enemies":"3 Sentries","floor":12,"turns":4},{"damage":6,"enemies":"Lagavulin","floor":14,"turns":6},{"damage":51,"enemies":"Hexaghost","floor":16,"turns":12}],"seed_played":"7523972125332928011","potions_obtained":[{"floor":3.0,"key":"FearPotion"},{"floor":5,"key":"SteroidPotion"},{"floor":10,"key":"Poison Potion"},{"floor":16,"key":"Ancient Potion"}],"is_trial":false,"path_per_floor":["M","?","M","M","M","R","?","R","T","M","M","E","R","E","R","B",null],"character_chosen":"DEFECT","items_purchased":[],"campfire_rested":2,"item_purchase_floors":[],"current_hp_per_floor":[64,52,52,52,46,46,29,29,29,29,29,17,38,32,53,2,54],"gold":347,"neow_bonus":"THREE_ENEMY_KILL","is_prod":false,"is_daily":false,"chose_seed":false,"campfire_upgraded":2,"win_rate":0,"timestamp":1566529906,"path_taken":["M","?","M","M","M","R","?","R","T","M","M","E","R","E","R","BOSS"],"build_version":"2019-07-17","purchased_purges":0,"victory":false,"max_hp_per_floor":[71,71,71,71,71,71,71,71,71,71,71,71,71,71,71,71,71],"card_choices":[{"not_picked":["Steam","Rip and Tear","Conserve Battery"],"picked":"SKIP","floor":1.0},{"not_picked":["Capacitor","Chaos"],"picked":"Undo","floor":3.0},{"not_picked":["Stack","Conserve Battery"],"picked":"Redo","floor":4.0},{"not_picked":["Beam Cell+1","Steam"],"picked":"Go for the Eyes+1","floor":5},{"not_picked":["Hologram","Skim"],"picked":"Cold Snap+1","floor":7},{"not_picked":["Scrape+1","Steam"],"picked":"Ball Lightning+1","floor":10},{"not_picked":["Rebound+1","Rip and Tear+1"],"picked":"Cold Snap+1","floor":11},{"not_picked":["Heatsinks","Conserve Battery"],"picked":"Thunder Strike+1","floor":12},{"not_picked":["Heatsinks","Melter+1"],"picked":"Loop","floor":14},{"not_picked":["Fission","Meteor Strike+1"],"picked":"Creative AI","floor":16}],"player_experience":778079,"relics_obtained":[{"floor":7,"key":"Odd Mushroom"},{"floor":9,"key":"Bottled Flame"},{"floor":12,"key":"Boot"},{"floor":14,"key":"Sundial"}],"event_choices":[{"damage_healed":0.0,"max_hp_gain":0.0,"max_hp_loss":0.0,"gold_gain":0.0,"event_name":"Scrap Ooze","player_choice":"Success","floor":2.0,"gold_loss":0.0,"damage_taken":12.0,"relics_obtained":["Molten Egg 2"]},{"damage_healed":0,"gold_gain":0,"player_choice":"Fought Mushrooms","damage_taken":0,"max_hp_gain":0,"max_hp_loss":0,"event_name":"Mushrooms","floor":7,"gold_loss":0}],"is_beta":false,"boss_relics":[{"not_picked":["Orrery","Snecko Eye"],"picked":"Philosopher\u0027s Stone"}],"items_purged_floors":[],"is_endless":false,"potions_floor_spawned":[3,5,10,16],"ascension_level":14}