{"gold_per_floor":[114,129,144,144,144,174,174,204,229,259,159,189,189,219,219,319,319,334,434,449,449,464,494,524,554,554,584,584,614,134,134,134,234,234,249,49,64,76,91,121,151,181,181,211,241,1,31,31,31,31],"floor_reached":51,"playtime":2042,"items_purged":[],"score":1103,"play_id":"993f05c5-e9ff-41ff-bac9-633fb78a69de","local_time":"20190503075017","daily_mods":["Heirloom","Flight","Elite Swarm"],"is_ascension_mode":false,"campfire_choices":[{"data":"Limit Break","floor":7,"key":"SMITH"},{"data":"Flex","floor":13,"key":"SMITH"},{"data":"Demon Form","floor":15,"key":"SMITH"},{"floor":32,"key":"REST"},{"floor":49,"key":"REST"}],"neow_cost":"","seed_source_timestamp":90866021490410,"circlet_count":0,"master_deck":["Strike_R","Strike_R+1","Strike_R","Strike_R+1","Strike_R","Defend_R+1","Defend_R","Defend_R","Defend_R+1","Bash","Uppercut","Iron Wave","Uppercut","Demon Form+1","Limit Break+1","Reaper","Flex+1","Twin Strike","Demon Form","Feed","Reaper","Thunderclap","Sword Boomerang","Twin Strike+1","Reaper","Feed","Reaper","Heavy Blade+1","Parasite","Madness","Madness"],"special_seed":18019,"relics":["Black Blood","Thread and Needle","Meat on the Bone","Boot","Regal Pillow","Paper Frog","Du-Vu Doll","Torii","Fusion Hammer","Mango","Bottled Tornado","Smiling Mask","Juzu Bracelet","The Courier","Bronze Scales","Pocketwatch","Darkstone Periapt","Bag of Marbles","Oddly Smooth Stone","Gambling Chip","MutagenicStrength","Mummified Hand","Prayer Wheel","Blood Vial","Strawberry","Letter Opener","Potion Belt","War Paint","StoneCalendar","Vajra","PreservedInsect","Ornamental Fan"],"potions_floor_usage":[38,39,39,50,50,50],"damage_taken":[{"damage":2,"enemies":"Jaw Worm","floor":1,"turns":3},{"damage":0,"enemies":"2 Louse","floor":2,"turns":3},{"damage":2,"enemies":"Cultist","floor":3,"turns":3},{"damage":32,"enemies":"3 Sentries","floor":6,"turns":6},{"damage":14,"enemies":"Gremlin Nob","floor":8,"turns":4},{"damage":14,"enemies":"Lagavulin","floor":10,"turns":7},{"damage":13,"enemies":"3 Sentries","floor":12,"turns":6},{"damage":30,"enemies":"Gremlin Nob","floor":14,"turns":5},{"damage":22,"enemies":"Slime Boss","floor":16,"turns":5},{"damage":2,"enemies":"Chosen","floor":18,"turns":3},{"damage":41,"enemies":"Colosseum Slavers","floor":19,"turns":5},{"damage":21,"enemies":"Colosseum Nobs","floor":19,"turns":4},{"damage":17,"enemies":"Shell Parasite","floor":20,"turns":4},{"damage":11,"enemies":"3 Cultists","floor":22,"turns":4},{"damage":14,"enemies":"Gremlin Leader","floor":23,"turns":6},{"damage":61,"enemies":"Slavers","floor":24,"turns":5},{"damage":29,"enemies":"Gremlin Leader","floor":25,"turns":5},{"damage":67,"enemies":"Slavers","floor":27,"turns":4},{"damage":41,"enemies":"Book of Stabbing","floor":29,"turns":4},{"damage":43,"enemies":"Champ","floor":33,"turns":5},{"damage":48,"enemies":"Orb Walker","floor":35,"turns":5},{"damage":54,"enemies":"3 Darklings","floor":37,"turns":4},{"damage":75,"enemies":"2 Orb Walkers","floor":38,"turns":5},{"damage":1,"enemies":"Writhing Mass","floor":39,"turns":5},{"damage":11,"enemies":"Giant Head","floor":40,"turns":5},{"damage":31,"enemies":"Reptomancer","floor":41,"turns":4},{"damage":18,"enemies":"Giant Head","floor":42,"turns":5},{"damage":42,"enemies":"Nemesis","floor":44,"turns":5},{"damage":15,"enemies":"Reptomancer","floor":45,"turns":4},{"damage":13,"enemies":"Nemesis","floor":47,"turns":3},{"damage":84,"enemies":"Donu and Deca","floor":50,"turns":6}],"seed_played":"-420758477785995413","potions_obtained":[{"floor":1,"key":"SpeedPotion"},{"floor":2,"key":"SkillPotion"},{"floor":6,"key":"SteroidPotion"},{"floor":28,"key":"EssenceOfSteel"},{"floor":33,"key":"BloodPotion"},{"floor":40,"key":"LiquidBronze"},{"floor":41,"key":"Fire Potion"},{"floor":42,"key":"Ancient Potion"},{"floor":44,"key":"EssenceOfSteel"},{"floor":47,"key":"SpeedPotion"}],"is_trial":false,"path_per_floor":["M","M","M","?","?","E","R","E","T","E","$","E","R","E","R","B",null,"M","?","M","$","M","E","E","E","T","E","?","E","$","?","R","B",null,"M","$","M","?","M","E","E","E","T","E","E","$","E","?","R","B",null],"character_chosen":"IRONCLAD","items_purchased":["Flex","Twin Strike","Bag of Marbles","Oddly Smooth Stone","Gambling Chip","Mummified Hand","Vajra","PreservedInsect"],"campfire_rested":2,"item_purchase_floors":[11,11,30,30,30,36,46,46],"current_hp_per_floor":[80,80,80,64,64,38,38,42,42,46,46,51,51,59,59,80,80,83,65,67,67,106,106,92,72,72,70,70,50,50,50,100,109,121,108,108,102,81,142,144,152,147,147,122,149,149,151,131,161,141],"gold":31,"neow_bonus":"","is_prod":false,"is_daily":true,"chose_seed":false,"campfire_upgraded":3,"win_rate":0,"timestamp":1556887817,"path_taken":["M","M","M","?","?","E","R","E","T","E","$","E","R","E","R","BOSS","M","?","M","$","M","E","E","E","T","E","?","E","$","?","R","BOSS","M","$","M","?","M","E","E","E","T","E","E","$","E","?","R","BOSS"],"build_version":"2019-01-23","purchased_purges":0,"victory":true,"max_hp_per_floor":[80,80,80,80,80,80,80,80,80,80,80,80,80,80,80,80,80,83,103,106,106,106,106,109,112,112,115,115,118,118,118,118,121,121,124,124,127,133,142,145,152,155,155,155,158,158,161,161,161,161],"card_choices":[{"not_picked":["Sentinel","Sever Soul"],"picked":"Uppercut","floor":1},{"not_picked":["Perfected Strike","Warcry"],"picked":"Iron Wave","floor":2},{"not_picked":["Pommel Strike","Thunderclap"],"picked":"Uppercut","floor":3},{"not_picked":["Feed","Brutality"],"picked":"Limit Break","floor":6},{"not_picked":["Barricade","Offering","Berserk"],"picked":"SKIP","floor":8},{"not_picked":["Exhume","Dark Embrace"],"picked":"Reaper","floor":10},{"not_picked":["Feed","Offering"],"picked":"Demon Form","floor":12},{"not_picked":["Brutality","Dark Embrace"],"picked":"Feed","floor":14},{"not_picked":["Bludgeon","Demon Form"],"picked":"Reaper","floor":16},{"not_picked":["Feel No Pain+1","Disarm","Anger+1"],"picked":"SKIP","floor":18},{"not_picked":["True Grit+1","Perfected Strike"],"picked":"Thunderclap","floor":19},{"not_picked":["Body Slam","Perfected Strike"],"picked":"Sword Boomerang","floor":20},{"not_picked":["Thunderclap","Sentinel"],"picked":"Twin Strike+1","floor":22},{"not_picked":["Brutality","Bludgeon"],"picked":"Reaper","floor":23},{"not_picked":["Brutality","Berserk"],"picked":"Feed","floor":24},{"not_picked":["Barricade","Exhume","Feed"],"picked":"SKIP","floor":25},{"not_picked":["Demon Form","Dark Embrace","Berserk"],"picked":"SKIP","floor":27},{"not_picked":["Offering","Dark Embrace"],"picked":"Reaper","floor":29},{"not_picked":["Headbutt+1","Armaments+1","Clash"],"picked":"SKIP","floor":35},{"not_picked":["Dual Wield","Evolve"],"picked":"Heavy Blade+1","floor":37},{"not_picked":["True Grit","Whirlwind","Pommel Strike+1"],"picked":"SKIP","floor":39},{"not_picked":["Twin Strike","Perfected Strike+1","Uppercut"],"picked":"SKIP","floor":39},{"not_picked":["Bludgeon","Feed","Berserk"],"picked":"SKIP","floor":40},{"not_picked":["Feed","Juggernaut","Double Tap"],"picked":"SKIP","floor":41},{"not_picked":["Fiend Fire","Dark Embrace","Immolate"],"picked":"SKIP","floor":42},{"not_picked":["Juggernaut","Immolate","Brutality"],"picked":"SKIP","floor":44},{"not_picked":["Offering","Brutality","Demon Form"],"picked":"SKIP","floor":45},{"not_picked":["Reaper","Demon Form","Exhume"],"picked":"SKIP","floor":47}],"player_experience":118338,"relics_obtained":[{"floor":6,"key":"Meat on the Bone"},{"floor":8,"key":"Boot"},{"floor":9,"key":"Regal Pillow"},{"floor":10,"key":"Paper Frog"},{"floor":12,"key":"Du-Vu Doll"},{"floor":14,"key":"Torii"},{"floor":19,"key":"Mango"},{"floor":19,"key":"Bottled Tornado"},{"floor":23,"key":"Smiling Mask"},{"floor":24,"key":"Juzu Bracelet"},{"floor":25,"key":"The Courier"},{"floor":26,"key":"Bronze Scales"},{"floor":27,"key":"Pocketwatch"},{"floor":29,"key":"Darkstone Periapt"},{"floor":38,"key":"Prayer Wheel"},{"floor":40,"key":"Blood Vial"},{"floor":41,"key":"Strawberry"},{"floor":42,"key":"Letter Opener"},{"floor":43,"key":"Potion Belt"},{"floor":44,"key":"War Paint"},{"floor":45,"key":"StoneCalendar"},{"floor":47,"key":"Ornamental Fan"}],"event_choices":[{"damage_healed":0,"gold_gain":0,"player_choice":"Entered Light","damage_taken":16,"max_hp_gain":0,"max_hp_loss":0,"event_name":"Shining Light","floor":4,"gold_loss":0,"cards_upgraded":["Strike_R","Strike_R"]},{"damage_healed":0,"gold_gain":0,"player_choice":"1 cards matched","damage_taken":0,"max_hp_gain":0,"max_hp_loss":0,"event_name":"Match and Keep!","floor":5,"gold_loss":0,"cards_obtained":["Demon Form"]},{"damage_healed":0,"gold_gain":0,"player_choice":"Fight","damage_taken":0,"max_hp_gain":0,"max_hp_loss":0,"event_name":"Colosseum","floor":19,"gold_loss":0},{"damage_healed":0,"gold_gain":0,"player_choice":"Fought Nobs","damage_taken":0,"max_hp_gain":0,"max_hp_loss":0,"event_name":"Colosseum","floor":19,"gold_loss":0},{"damage_healed":0,"gold_gain":0,"player_choice":"Got Potions","damage_taken":0,"max_hp_gain":0,"max_hp_loss":0,"event_name":"Lab","floor":28,"gold_loss":0},{"damage_healed":0,"gold_gain":0,"player_choice":"Inject Mutagens","damage_taken":0,"relics_obtained":["MutagenicStrength"],"max_hp_gain":0,"max_hp_loss":0,"event_name":"Drug Dealer","floor":31,"gold_loss":0},{"damage_healed":0,"gold_gain":0,"player_choice":"Fight","damage_taken":0,"max_hp_gain":0,"max_hp_loss":0,"event_name":"Mysterious Sphere","floor":38,"gold_loss":0},{"damage_healed":0,"gold_gain":0,"player_choice":"Embrace Madness","damage_taken":20,"max_hp_gain":0,"max_hp_loss":0,"event_name":"Winding Halls","floor":48,"gold_loss":0,"cards_obtained":["Madness","Madness"]}],"is_beta":false,"boss_relics":[{"not_picked":["Lizard Tail","Empty Cage"],"picked":"Fusion Hammer"},{"not_picked":["Philosopher\u0027s Stone","Calling Bell"],"picked":"Black Blood"}],"items_purged_floors":[],"is_endless":false,"potions_floor_spawned":[1,2,6,14,18,19,25,27,29,33,37,40,41,42,44,47],"ascension_level":0}