{"gold_per_floor":[113,123,73,88,106,106,137,137,137,137,148,148,148,166,166,237,237,250,250,261,261,261,261],"floor_reached":23,"playtime":1826,"items_purged":["Defend_R"],"score":382,"play_id":"73bba13d-fe7c-491e-8255-6d3e00a766da","local_time":"20190917110426","is_ascension_mode":true,"campfire_choices":[{"data":"Shrug It Off","floor":6.0,"key":"SMITH"},{"data":"Whirlwind","floor":8.0,"key":"SMITH"},{"data":"Bash","floor":10.0,"key":"SMITH"},{"data":"Bludgeon","floor":13.0,"key":"SMITH"},{"floor":15.0,"key":"REST"}],"neow_cost":"NONE","seed_source_timestamp":517454985222989,"circlet_count":0,"master_deck":["AscendersBane","Strike_R","Strike_R","Strike_R","Strike_R","Defend_R","Defend_R","Defend_R","Bash+1","Spot Weakness","Shrug It Off+1","Dropkick","Battle Trance","Whirlwind+1","Bludgeon+1","Ghostly Armor","Limit Break","Clothesline+1","Limit Break","RitualDagger"],"special_seed":0,"relics":["Burning Blood","Smiling Mask","Charon\u0027s Ashes","Calipers","Philosopher\u0027s Stone"],"potions_floor_usage":[23],"damage_taken":[{"damage":6.0,"enemies":"Cultist","floor":1.0,"turns":3.0},{"damage":24.0,"enemies":"Small Slimes","floor":2.0,"turns":4.0},{"damage":7.0,"enemies":"Jaw Worm","floor":4.0,"turns":3.0},{"damage":14.0,"enemies":"Red Slaver","floor":5.0,"turns":2.0},{"damage":18.0,"enemies":"Lagavulin","floor":7.0,"turns":7.0},{"damage":16.0,"enemies":"Blue Slaver","floor":11.0,"turns":3.0},{"damage":0.0,"enemies":"Large Slime","floor":14.0,"turns":3.0},{"damage":34.0,"enemies":"Hexaghost","floor":16.0,"turns":8.0},{"damage":2.0,"enemies":"Spheric Guardian","floor":18.0,"turns":3.0},{"damage":14.0,"enemies":"Chosen","floor":20.0,"turns":4.0},{"damage":58,"enemies":"Slavers","floor":23,"turns":4}],"seed_played":"-8812505707954901660","potions_obtained":[{"floor":5.0,"key":"GamblersBrew"},{"floor":7.0,"key":"Dexterity Potion"},{"floor":11.0,"key":"Fire Potion"},{"floor":18.0,"key":"SpeedPotion"}],"is_trial":false,"path_per_floor":["M","M","$","M","M","R","E","R","T","R","M","?","R","M","R","B",null,"M","?","M","?","?","E"],"character_chosen":"IRONCLAD","items_purchased":[],"campfire_rested":1,"item_purchase_floors":[],"current_hp_per_floor":[68,50,50,49,41,41,29,29,29,29,19,19,19,25,47,19,61,65,65,57,57,51,0],"gold":261,"neow_bonus":"RANDOM_COMMON_RELIC","is_prod":false,"is_daily":false,"chose_seed":false,"campfire_upgraded":4,"win_rate":0,"timestamp":1568736266,"path_taken":["M","M","$","M","?","R","E","R","T","R","?","?","R","M","R","BOSS","M","?","?","?","?","E"],"build_version":"2019-07-17","purchased_purges":1,"victory":false,"max_hp_per_floor":[75,75,75,75,75,75,75,75,75,75,75,75,75,75,75,75,75,75,75,75,75,75,75],"card_choices":[{"not_picked":["True Grit","Pommel Strike"],"picked":"Spot Weakness","floor":1.0},{"not_picked":["Havoc","Rampage"],"picked":"Shrug It Off","floor":2.0},{"not_picked":["Bloodletting","Warcry"],"picked":"Dropkick","floor":4.0},{"not_picked":["Havoc","Perfected Strike"],"picked":"Battle Trance","floor":5.0},{"not_picked":["Armaments","Fire Breathing"],"picked":"Whirlwind","floor":7.0},{"not_picked":["Iron Wave","Infernal Blade"],"picked":"Bludgeon","floor":11.0},{"not_picked":["Body Slam","Sword Boomerang"],"picked":"Ghostly Armor","floor":14.0},{"not_picked":["Exhume","Offering"],"picked":"Limit Break","floor":16.0},{"not_picked":["Warcry","Second Wind","Sever Soul"],"picked":"SKIP","floor":18.0},{"not_picked":["Armaments","Twin Strike+1"],"picked":"Clothesline+1","floor":20.0}],"player_experience":1310492,"relics_obtained":[{"floor":7.0,"key":"Charon\u0027s Ashes"},{"floor":9.0,"key":"Calipers"}],"event_choices":[{"damage_healed":0.0,"max_hp_gain":0.0,"max_hp_loss":0.0,"gold_gain":0.0,"event_name":"Liars Game","player_choice":"Ignored","floor":12.0,"gold_loss":0.0,"damage_taken":0.0},{"cards_removed":["Strike_R"],"damage_healed":0.0,"max_hp_gain":0.0,"max_hp_loss":0.0,"gold_gain":0.0,"event_name":"Wheel of Change","player_choice":"Card Removal","floor":19.0,"gold_loss":0.0,"damage_taken":0.0},{"damage_healed":0.0,"max_hp_gain":0.0,"max_hp_loss":0.0,"gold_gain":0.0,"event_name":"The Library","player_choice":"Read","floor":21.0,"gold_loss":0.0,"damage_taken":0.0,"cards_obtained":["Limit Break"]},{"damage_healed":0.0,"max_hp_gain":0.0,"max_hp_loss":0.0,"gold_gain":0.0,"event_name":"Nest","player_choice":"Joined the Cult","floor":22.0,"gold_loss":0.0,"damage_taken":6.0,"cards_obtained":["RitualDagger"]}],"is_beta":false,"boss_relics":[{"not_picked":["Ectoplasm","Pandora\u0027s Box"],"picked":"Philosopher\u0027s Stone"}],"items_purged_floors":[3],"is_endless":false,"potions_floor_spawned":[5,7,11,18],"killed_by":"Slavers","ascension_level":20}