{"gold_per_floor":[119,119,194,194,217,217,250,250,250,250,145,115,128,40,40,139,139,157,182,182,182,56,56,76,76,76,76,100,100,140,165,165,259,259,277,277,297,20,38,38,38],"floor_reached":41,"playtime":2975,"items_purged":["Strike_G","Strike_G"],"score":864,"play_id":"a6b5c464-fb7d-4377-ae5b-1c26cad91c7c","local_time":"20190918135846","is_ascension_mode":true,"campfire_choices":[{"floor":6.0,"key":"REST"},{"floor":10.0,"key":"REST"},{"floor":15.0,"key":"REST"},{"floor":23.0,"key":"REST"},{"floor":27.0,"key":"REST"},{"floor":29.0,"key":"REST"},{"floor":32.0,"key":"REST"},{"floor":40,"key":"REST"}],"neow_cost":"NONE","seed_source_timestamp":574064430801933,"circlet_count":0,"master_deck":["AscendersBane","Strike_G","Strike_G","Defend_G","Defend_G","Survivor","Neutralize","Underhanded Strike","Acrobatics","Dash","Dagger Throw","Dash","Footwork","Storm of Steel","PiercingWail","Acrobatics","Eviscerate","Eviscerate","Terror+1","Dagger Throw+1","Acrobatics","After Image","Backflip","Calculated Gamble","Night Terror"],"special_seed":0,"relics":["Snecko Eye","Golden Idol","StoneCalendar","Art of War","Lizard Tail","Prayer Wheel","Bottled Flame","Empty Cage","Letter Opener"],"potions_floor_usage":[39,39],"damage_taken":[{"damage":8.0,"enemies":"Small Slimes","floor":1.0,"turns":7.0},{"damage":2.0,"enemies":"2 Louse","floor":5.0,"turns":4.0},{"damage":48.0,"enemies":"Lagavulin","floor":7.0,"turns":7.0},{"damage":2.0,"enemies":"Jaw Worm","floor":13.0,"turns":2.0},{"damage":31.0,"enemies":"The Guardian","floor":16.0,"turns":9.0},{"damage":10.0,"enemies":"Chosen","floor":18.0,"turns":7.0},{"damage":29.0,"enemies":"Shell Parasite","floor":19.0,"turns":6.0},{"damage":12.0,"enemies":"Centurion and Healer","floor":24.0,"turns":7.0},{"damage":28.0,"enemies":"3 Cultists","floor":28.0,"turns":7.0},{"damage":0.0,"enemies":"Gremlin Leader","floor":30.0,"turns":3.0},{"damage":14.0,"enemies":"Snake Plant","floor":31.0,"turns":4.0},{"damage":55.0,"enemies":"Automaton","floor":33.0,"turns":7.0},{"damage":44.0,"enemies":"3 Darklings","floor":35.0,"turns":6.0},{"damage":44.0,"enemies":"3 Shapes","floor":37.0,"turns":5.0},{"damage":2,"enemies":"Spire Growth","floor":39,"turns":3},{"damage":25,"enemies":"Maw","floor":41,"turns":6}],"seed_played":"-4825761508111731158","potions_obtained":[{"floor":1.0,"key":"SkillPotion"},{"floor":5.0,"key":"SteroidPotion"},{"floor":12.0,"key":"GhostInAJar"},{"floor":12.0,"key":"AttackPotion"},{"floor":19.0,"key":"Dexterity Potion"},{"floor":24.0,"key":"Poison Potion"},{"floor":31.0,"key":"Strength Potion"},{"floor":33.0,"key":"Ancient Potion"},{"floor":35.0,"key":"AttackPotion"},{"floor":39,"key":"Poison Potion"}],"is_trial":false,"path_per_floor":["M","?","?","?","M","R","E","?","T","R","$","?","M","$","R","B",null,"M","M","?","?","$","R","M","?","T","R","M","R","E","M","R","B",null,"M","?","M","$","M","R","M"],"character_chosen":"THE_SILENT","items_purchased":["Dagger Throw","Footwork","Acrobatics","Letter Opener"],"campfire_rested":8,"item_purchase_floors":[11,14,22,38],"current_hp_per_floor":[51,44,33,33,31,49,1,1,1,19,19,19,17,17,35,4,46,36,7,7,7,7,25,13,13,13,31,3,21,21,7,25,1,45,1,49,5,5,3,17,0],"gold":38,"neow_bonus":"BOSS_RELIC","is_prod":false,"is_daily":false,"chose_seed":false,"campfire_upgraded":0,"win_rate":0,"timestamp":1568833126,"path_taken":["M","?","?","?","?","R","E","?","T","R","$","?","M","$","R","BOSS","M","M","?","?","$","R","M","?","T","R","M","R","E","M","R","BOSS","M","?","M","$","M","R","M"],"build_version":"2019-07-17","purchased_purges":2,"victory":false,"max_hp_per_floor":[66,66,66,60,60,60,60,60,60,60,60,60,60,60,60,60,60,60,60,60,60,60,60,60,60,60,60,60,60,60,60,60,60,60,60,49,49,49,49,49,49],"card_choices":[{"not_picked":["Infinite Blades","Outmaneuver"],"picked":"Underhanded Strike","floor":1.0},{"not_picked":["Outmaneuver","Deflect"],"picked":"Acrobatics","floor":5.0},{"not_picked":["Adrenaline","Prepared"],"picked":"Dash","floor":7.0},{"not_picked":["Dodge and Roll","Outmaneuver"],"picked":"Dash","floor":13.0},{"not_picked":["Burst","Malaise"],"picked":"Storm of Steel","floor":16.0},{"not_picked":["Flying Knee","Endless Agony+1","Dagger Throw"],"picked":"SKIP","floor":18.0},{"not_picked":["Deflect","Well Laid Plans"],"picked":"PiercingWail","floor":19.0},{"not_picked":["Cloak And Dagger","Deflect"],"picked":"Eviscerate","floor":24.0},{"not_picked":["Quick Slash","Riddle With Holes"],"picked":"Terror+1","floor":28.0},{"not_picked":["PiercingWail","Prepared"],"picked":"Dagger Throw+1","floor":28.0},{"not_picked":["Setup+1","Skewer","Sucker Punch"],"picked":"SKIP","floor":30.0},{"not_picked":["Deflect","Expertise"],"picked":"Acrobatics","floor":31.0},{"not_picked":["Deadly Poison","Tools of the Trade","Finisher"],"picked":"SKIP","floor":31.0},{"not_picked":["Deadly Poison","Tools of the Trade","Finisher"],"picked":"SKIP","floor":31.0},{"not_picked":["Wraith Form v2","Grand Finale"],"picked":"After Image","floor":33.0},{"not_picked":["Deadly Poison","Sucker Punch+1"],"picked":"Backflip","floor":35.0},{"not_picked":["PiercingWail","All Out Attack+1","Flying Knee+1"],"picked":"SKIP","floor":35.0},{"not_picked":["Cloak And Dagger","Prepared+1"],"picked":"Calculated Gamble","floor":37.0},{"not_picked":["Dodge and Roll","Prepared","Sucker Punch"],"picked":"SKIP","floor":37.0},{"not_picked":["Dodge and Roll","Poisoned Stab"],"picked":"Night Terror","floor":39},{"not_picked":["Skewer","Slice","Sucker Punch"],"picked":"SKIP","floor":39}],"player_experience":1349665,"relics_obtained":[{"floor":7.0,"key":"StoneCalendar"},{"floor":9.0,"key":"Art of War"},{"floor":26.0,"key":"Prayer Wheel"},{"floor":30.0,"key":"Bottled Flame"}],"event_choices":[{"cards_removed":["Strike_G"],"damage_healed":0.0,"max_hp_gain":0.0,"max_hp_loss":0.0,"gold_gain":0.0,"event_name":"Golden Wing","player_choice":"Card Removal","floor":2.0,"gold_loss":0.0,"damage_taken":7.0},{"damage_healed":0.0,"max_hp_gain":0.0,"max_hp_loss":0.0,"gold_gain":75.0,"event_name":"World of Goop","player_choice":"Gather Gold","floor":3.0,"gold_loss":0.0,"damage_taken":11.0},{"damage_healed":0.0,"max_hp_gain":0.0,"max_hp_loss":6.0,"gold_gain":0.0,"event_name":"Golden Idol","player_choice":"Lose Max HP","floor":4.0,"gold_loss":0.0,"damage_taken":0.0,"relics_obtained":["Golden Idol"]},{"cards_removed":["Defend_G"],"damage_healed":0.0,"max_hp_gain":0.0,"max_hp_loss":0.0,"gold_gain":0.0,"event_name":"Living Wall","player_choice":"Forget","floor":8.0,"gold_loss":0.0,"damage_taken":0.0},{"damage_healed":0.0,"max_hp_gain":0.0,"max_hp_loss":0.0,"gold_gain":0.0,"event_name":"The Woman in Blue","player_choice":"Bought 2 Potions","floor":12.0,"gold_loss":0.0,"damage_taken":0.0},{"damage_healed":0.0,"max_hp_gain":0.0,"max_hp_loss":0.0,"gold_gain":0.0,"event_name":"Vampires","player_choice":"Ignored","floor":20.0,"gold_loss":0.0,"damage_taken":0.0},{"damage_healed":0.0,"max_hp_gain":0.0,"max_hp_loss":0.0,"gold_gain":0.0,"event_name":"The Mausoleum","player_choice":"Ignored","floor":21.0,"gold_loss":0.0,"damage_taken":0.0},{"damage_healed":0.0,"max_hp_gain":0.0,"max_hp_loss":0.0,"gold_gain":0.0,"event_name":"The Library","player_choice":"Read","floor":25.0,"gold_loss":0.0,"damage_taken":0.0,"cards_obtained":["Eviscerate"]},{"damage_healed":49.0,"max_hp_gain":0.0,"max_hp_loss":11.0,"gold_gain":0.0,"event_name":"The Moai Head","player_choice":"Heal","floor":36.0,"gold_loss":0.0,"damage_taken":0.0}],"is_beta":false,"boss_relics":[{"not_picked":["Runic Pyramid","White Beast Statue"],"picked":"Lizard Tail"},{"not_picked":["Orrery","Astrolabe"],"picked":"Empty Cage"}],"items_purged_floors":[11,22],"is_endless":false,"potions_floor_spawned":[1,5,19,24,31,33,35,39],"killed_by":"Maw","ascension_level":20}