{"gold_per_floor":[109,109,109,35,51,82,82,123,123,13,28,49,49,65,65,184,184,199,199,218,218,241,279,36,70,70,70,70,70,113,134,134,134],"floor_reached":33,"playtime":1267,"items_purged":[],"score":354,"play_id":"679735cd-e0d0-47a2-9c45-0c34e919efda","local_time":"20190623011834","is_ascension_mode":true,"campfire_choices":[{"data":"Blizzard","floor":13.0,"key":"SMITH"},{"floor":15.0,"key":"REST"},{"floor":28,"key":"REST"},{"floor":32,"key":"REST"}],"neow_cost":"NONE","seed_source_timestamp":0,"circlet_count":0,"master_deck":["Strike_B","Strike_B","Strike_B","Strike_B","Defend_B","Defend_B","Defend_B","Defend_B","Zap","Ball Lightning","Coolheaded","Cold Snap","Cold Snap+1","Biased Cognition+1","Static Discharge+1","Blizzard+1","Double Energy+1","Gash","Gash","FTL","Core Surge","Auto Shields","Force Field+1","Multi-Cast","Auto Shields+1","Capacitor+1","Creative AI+1","Lockon"],"special_seed":0,"relics":["Cracked Core","Golden Idol","Frozen Egg 2","Mango","Velvet Choker","Orichalcum","Chemical X","Anchor","Matryoshka","Symbiotic Virus","Ornamental Fan","Bottled Tornado"],"potions_floor_usage":[30,33,33],"damage_taken":[{"damage":5.0,"enemies":"2 Louse","floor":1.0,"turns":3.0},{"damage":2.0,"enemies":"Cultist","floor":5.0,"turns":3.0},{"damage":20.0,"enemies":"Lagavulin","floor":6.0,"turns":7.0},{"damage":23.0,"enemies":"3 Sentries","floor":8.0,"turns":8.0},{"damage":7.0,"enemies":"Jaw Worm","floor":11.0,"turns":3.0},{"damage":11.0,"enemies":"Lots of Slimes","floor":12.0,"turns":2.0},{"damage":1.0,"enemies":"Large Slime","floor":14.0,"turns":6.0},{"damage":20.0,"enemies":"Hexaghost","floor":16.0,"turns":9.0},{"damage":0.0,"enemies":"Spheric Guardian","floor":18.0,"turns":3.0},{"damage":18.0,"enemies":"2 Thieves","floor":20.0,"turns":3.0},{"damage":10.0,"enemies":"Cultist and Chosen","floor":22.0,"turns":6.0},{"damage":20.0,"enemies":"Book of Stabbing","floor":23.0,"turns":4.0},{"damage":46,"enemies":"Slavers","floor":25,"turns":6},{"damage":17,"enemies":"Gremlin Leader","floor":30,"turns":6},{"damage":8,"enemies":"Snake Plant","floor":31,"turns":6},{"damage":54,"enemies":"Collector","floor":33,"turns":5}],"seed_played":"-2751504863156880961","potions_obtained":[{"floor":5.0,"key":"SpeedPotion"},{"floor":8.0,"key":"Weak Potion"},{"floor":12.0,"key":"Weak Potion"},{"floor":20.0,"key":"Strength Potion"},{"floor":22.0,"key":"FearPotion"},{"floor":31,"key":"LiquidBronze"}],"is_trial":false,"path_per_floor":["M","?","?","$","M","E","?","E","T","$","M","M","R","M","R","B",null,"M","$","M","?","M","E","$","E","T","$","R","T","E","M","R","B"],"character_chosen":"DEFECT","items_purchased":["Coolheaded","Cold Snap","Blizzard","Double Energy","Capacitor+1","Chemical X"],"campfire_rested":3,"item_purchase_floors":[4,4,10,10,24,24],"current_hp_per_floor":[70,52,85,85,83,63,63,54,54,54,47,36,36,35,64,44,99,99,99,81,81,71,51,51,5,5,5,34,34,17,9,38,0],"gold":134,"neow_bonus":"TRANSFORM_CARD","is_prod":false,"is_daily":false,"chose_seed":false,"campfire_upgraded":1,"win_rate":0,"timestamp":1561270714,"path_taken":["M","?","?","$","?","E","?","E","T","$","M","M","R","?","R","BOSS","M","$","M","?","?","E","$","E","T","$","R","?","E","M","R","BOSS"],"build_version":"2019-01-23","purchased_purges":0,"victory":false,"max_hp_per_floor":[75,75,85,85,85,85,85,99,99,99,99,99,99,99,99,99,99,99,99,99,99,99,99,99,99,99,99,99,99,99,99,99,99],"card_choices":[{"not_picked":["Rebound","Streamline"],"picked":"Ball Lightning","floor":1.0},{"not_picked":["Barrage","Sweeping Beam"],"picked":"Cold Snap","floor":5.0},{"not_picked":["Multi-Cast","Undo"],"picked":"Biased Cognition","floor":6.0},{"not_picked":["FTL","Steam Power"],"picked":"Static Discharge+1","floor":8.0},{"not_picked":["Stack","Sunder"],"picked":"Gash","floor":11.0},{"not_picked":["White Noise","Beam Cell"],"picked":"Gash","floor":12.0},{"not_picked":["Reinforced Body","Hologram"],"picked":"FTL","floor":14.0},{"not_picked":["Thunder Strike","Meteor Strike"],"picked":"Core Surge","floor":16.0},{"not_picked":["Beam Cell","Force Field"],"picked":"Auto Shields","floor":18.0},{"not_picked":["Conserve Battery","Compile Driver"],"picked":"Force Field+1","floor":20.0},{"not_picked":["Redo","Conserve Battery"],"picked":"Multi-Cast","floor":22.0},{"not_picked":["Barrage","Rebound"],"picked":"Auto Shields+1","floor":23.0},{"not_picked":["Genetic Algorithm+1","Conserve Battery"],"picked":"Creative AI+1","floor":25},{"not_picked":["Creative AI+1","Barrage","Consume"],"picked":"SKIP","floor":30},{"not_picked":["Self Repair+1","Compile Driver"],"picked":"Lockon","floor":31}],"player_experience":126847,"relics_obtained":[{"floor":6.0,"key":"Frozen Egg 2"},{"floor":8.0,"key":"Mango"},{"floor":23.0,"key":"Orichalcum"},{"floor":25,"key":"Anchor"},{"floor":26,"key":"Matryoshka"},{"floor":29,"key":"Symbiotic Virus"},{"floor":29,"key":"Ornamental Fan"},{"floor":30,"key":"Bottled Tornado"}],"event_choices":[{"damage_healed":0.0,"max_hp_gain":0.0,"max_hp_loss":0.0,"gold_gain":0.0,"event_name":"Golden Idol","player_choice":"Take Damage","floor":2.0,"gold_loss":0.0,"damage_taken":18.0,"relics_obtained":["Golden Idol"]},{"cards_removed":["Seek"],"damage_healed":23.0,"max_hp_gain":10.0,"max_hp_loss":0.0,"gold_gain":0.0,"event_name":"Bonfire Elementals","player_choice":"Offered Rare","floor":3.0,"gold_loss":0.0,"damage_taken":0.0},{"damage_healed":0.0,"max_hp_gain":0.0,"max_hp_loss":0.0,"gold_gain":0.0,"event_name":"Upgrade Shrine","player_choice":"Upgraded","floor":7.0,"gold_loss":0.0,"damage_taken":0.0,"cards_upgraded":["Cold Snap"]},{"damage_healed":0.0,"max_hp_gain":0.0,"max_hp_loss":0.0,"gold_gain":0.0,"event_name":"Accursed Blacksmith","player_choice":"Forge","floor":21.0,"gold_loss":0.0,"damage_taken":0.0,"cards_upgraded":["Double Energy"]}],"is_beta":false,"boss_relics":[{"not_picked":["Runic Pyramid","Eternal Feather"],"picked":"Velvet Choker"}],"items_purged_floors":[],"is_endless":false,"potions_floor_spawned":[5,8,12,20,22,25,31],"killed_by":"Collector","ascension_level":1}