{"gold_per_floor":[117,135,151,151,169,187,187,200,200,226,244,244,123,223,223,328,328,340,255,266,266,276,276,296,296,296,16,16,33,52,64,64,169,169,182,182,195,36,36,36,55,55,55,55,82,99,99,112,112,112],"floor_reached":51,"playtime":2054,"items_purged":["Strike_G","A Thousand Cuts+1"],"score":695,"play_id":"b277e74c-8aaf-4e60-aa50-906abf38ab90","local_time":"20190917203209","is_ascension_mode":false,"campfire_choices":[{"data":"Terror","floor":7.0,"key":"SMITH"},{"data":"Neutralize","floor":15.0,"key":"SMITH"},{"data":"Survivor","floor":23.0,"key":"SMITH"},{"data":"Dodge and Roll","floor":25.0,"key":"SMITH"},{"data":"Deflect","floor":28.0,"key":"SMITH"},{"data":"Deadly Poison","floor":32.0,"key":"SMITH"},{"data":"Catalyst","floor":40.0,"key":"SMITH"},{"data":"Madness","floor":44.0,"key":"SMITH"},{"floor":49,"key":"REST"}],"neow_cost":"NONE","seed_source_timestamp":467965640681500,"circlet_count":0,"master_deck":["Strike_G","Strike_G","Defend_G","Defend_G","Defend_G","Defend_G","Survivor+1","Neutralize+1","Deadly Poison+1","Terror+1","Backstab","Slice","Dodge and Roll+1","Deadly Poison","Poisoned Stab","Corpse Explosion+1","Riddle With Holes+1","PiercingWail","Deflect+1","Escape Plan+1","PiercingWail+1","Footwork+1","Catalyst+1","Madness+1","Madness","Catalyst"],"special_seed":0,"relics":["Ring of the Snake","Happy Flower","CultistMask","Ornamental Fan","Odd Mushroom","Bronze Scales","Astrolabe","Omamori","Blue Candle","Membership Card","White Beast Statue","Cursed Key","Vajra","Dodecahedron","Blood Vial"],"potions_floor_usage":[48,50,50],"damage_taken":[{"damage":0.0,"enemies":"Cultist","floor":1.0,"turns":4.0},{"damage":0.0,"enemies":"2 Louse","floor":2.0,"turns":4.0},{"damage":0.0,"enemies":"Small Slimes","floor":3.0,"turns":3.0},{"damage":4.0,"enemies":"2 Fungi Beasts","floor":5.0,"turns":4.0},{"damage":23.0,"enemies":"Exordium Thugs","floor":6.0,"turns":5.0},{"damage":0.0,"enemies":"Lots of Slimes","floor":8.0,"turns":4.0},{"damage":4.0,"enemies":"The Mushroom Lair","floor":10.0,"turns":6.0},{"damage":0.0,"enemies":"Gremlin Gang","floor":11.0,"turns":6.0},{"damage":8.0,"enemies":"Slime Boss","floor":16.0,"turns":6.0},{"damage":0.0,"enemies":"3 Byrds","floor":18.0,"turns":2.0},{"damage":2.0,"enemies":"Spheric Guardian","floor":20.0,"turns":5.0},{"damage":9.0,"enemies":"Shelled Parasite and Fungi","floor":22.0,"turns":5.0},{"damage":16.0,"enemies":"Sentry and Sphere","floor":24.0,"turns":6.0},{"damage":0.0,"enemies":"Snake Plant","floor":29.0,"turns":3.0},{"damage":0.0,"enemies":"3 Cultists","floor":30.0,"turns":2.0},{"damage":0.0,"enemies":"Shelled Parasite and Fungi","floor":31.0,"turns":5.0},{"damage":24.0,"enemies":"Champ","floor":33.0,"turns":12.0},{"damage":8.0,"enemies":"3 Darklings","floor":35.0,"turns":3.0},{"damage":0.0,"enemies":"Orb Walker","floor":37.0,"turns":3.0},{"damage":5.0,"enemies":"Writhing Mass","floor":41.0,"turns":5.0},{"damage":9.0,"enemies":"Transient","floor":46.0,"turns":5.0},{"damage":0.0,"enemies":"Jaw Worm Horde","floor":47.0,"turns":1.0},{"damage":4,"enemies":"Spire Growth","floor":48,"turns":4},{"damage":35,"enemies":"Donu and Deca","floor":50,"turns":5}],"seed_played":"704374301855039990","potions_obtained":[{"floor":5.0,"key":"Poison Potion"},{"floor":6.0,"key":"GhostInAJar"},{"floor":10.0,"key":"Swift Potion"},{"floor":11.0,"key":"AttackPotion"},{"floor":16.0,"key":"Fruit Juice"},{"floor":18.0,"key":"Poison Potion"},{"floor":20.0,"key":"Block Potion"},{"floor":21.0,"key":"SkillPotion"},{"floor":29.0,"key":"FearPotion"},{"floor":30.0,"key":"GhostInAJar"},{"floor":31.0,"key":"GhostInAJar"},{"floor":33.0,"key":"Ancient Potion"},{"floor":37.0,"key":"Weak Potion"},{"floor":46.0,"key":"Fire Potion"},{"floor":48,"key":"Swift Potion"}],"is_trial":false,"path_per_floor":["M","M","M","?","M","M","R","M","T","?","M","?","$","?","R","B",null,"M","?","M","?","M","R","M","R","T","$","R","M","M","M","R","B",null,"M","?","M","$","?","R","M","?","T","R","T","M","M","M","R","B",null],"character_chosen":"THE_SILENT","items_purchased":["Poisoned Stab","Membership Card","White Beast Statue","Catalyst","Vajra"],"campfire_rested":1,"item_purchase_floors":[13,27,27,38,38],"current_hp_per_floor":[70,70,70,70,66,43,43,43,43,39,39,36,36,36,36,33,75,75,75,73,73,64,64,48,48,48,48,48,48,48,48,48,24,75,67,67,67,67,58,58,53,53,53,53,53,46,48,46,68,35],"gold":112,"neow_bonus":"RANDOM_COMMON_RELIC","is_prod":false,"is_daily":false,"chose_seed":false,"campfire_upgraded":8,"win_rate":0,"timestamp":1568719929,"path_taken":["M","M","M","?","M","?","R","M","T","?","M","?","$","?","R","BOSS","M","?","M","?","?","R","M","R","T","$","R","M","?","M","R","BOSS","M","?","?","$","?","R","M","?","T","R","?","?","M","M","R","BOSS"],"build_version":"2019-09-16v2","purchased_purges":2,"victory":true,"max_hp_per_floor":[70,70,70,70,70,70,70,70,70,70,70,70,70,70,70,75,75,75,75,75,75,75,75,75,75,75,75,75,75,75,75,75,75,75,75,75,75,75,75,75,75,75,75,75,75,75,75,75,75,75],"card_choices":[{"not_picked":["Underhanded Strike","Acrobatics","Quick Slash"],"picked":"SKIP","floor":1.0},{"not_picked":["Leg Sweep","Bane"],"picked":"Deadly Poison","floor":2.0},{"not_picked":["Concentrate","Outmaneuver"],"picked":"Terror","floor":3.0},{"not_picked":["Acrobatics","Blade Dance","Dagger Throw"],"picked":"SKIP","floor":5.0},{"not_picked":["Expertise","Flechettes"],"picked":"Backstab","floor":6.0},{"not_picked":["Prepared","Blade Dance"],"picked":"Slice","floor":8.0},{"not_picked":["Acrobatics","Bane"],"picked":"Dodge and Roll","floor":10.0},{"not_picked":["Blade Dance","Envenom"],"picked":"Deadly Poison","floor":11.0},{"not_picked":["Quick Slash","Sucker Punch","Blade Dance+1"],"picked":"SKIP","floor":18.0},{"not_picked":["Poisoned Stab","Concentrate"],"picked":"PiercingWail","floor":20.0},{"not_picked":["Quick Slash+1","Masterful Stab+1"],"picked":"Deflect","floor":22.0},{"not_picked":["Calculated Gamble+1","Expertise"],"picked":"Escape Plan+1","floor":24.0},{"not_picked":["Outmaneuver+1","Underhanded Strike","Escape Plan"],"picked":"SKIP","floor":29.0},{"not_picked":["Deflect","Underhanded Strike","Dash"],"picked":"SKIP","floor":30.0},{"not_picked":["Deadly Poison+1","Malaise"],"picked":"PiercingWail+1","floor":31.0},{"not_picked":["Endless Agony+1","Slice"],"picked":"Footwork+1","floor":35.0},{"not_picked":["Sucker Punch+1","Outmaneuver","Dash"],"picked":"SKIP","floor":37.0},{"not_picked":["Blade Dance","Dodge and Roll+1","Crippling Poison"],"picked":"SKIP","floor":41.0},{"not_picked":["Poisoned Stab+1","Crippling Poison"],"picked":"Catalyst","floor":46.0},{"not_picked":["Eviscerate","Acrobatics","Blade Dance+1"],"picked":"SKIP","floor":48}],"player_experience":480155,"relics_obtained":[{"floor":9.0,"key":"Ornamental Fan"},{"floor":10.0,"key":"Odd Mushroom"},{"floor":26.0,"key":"Blue Candle"},{"floor":43.0,"key":"Dodecahedron"},{"floor":45.0,"key":"Blood Vial"}],"event_choices":[{"damage_healed":0.0,"max_hp_gain":0.0,"max_hp_loss":0.0,"gold_gain":0.0,"event_name":"FaceTrader","player_choice":"Trade","floor":4.0,"gold_loss":0.0,"damage_taken":0.0,"relics_obtained":["CultistMask"]},{"damage_healed":0.0,"max_hp_gain":0.0,"max_hp_loss":0.0,"gold_gain":0.0,"event_name":"Mushrooms","player_choice":"Fought Mushrooms","floor":10.0,"gold_loss":0.0,"damage_taken":0.0},{"damage_healed":0.0,"max_hp_gain":0.0,"max_hp_loss":0.0,"gold_gain":0.0,"event_name":"Scrap Ooze","player_choice":"Success","floor":12.0,"gold_loss":0.0,"damage_taken":3.0,"relics_obtained":["Bronze Scales"]},{"damage_healed":0.0,"max_hp_gain":0.0,"max_hp_loss":0.0,"gold_gain":100.0,"event_name":"Golden Shrine","player_choice":"Pray","floor":14.0,"gold_loss":0.0,"damage_taken":0.0},{"damage_healed":0.0,"max_hp_gain":0.0,"max_hp_loss":0.0,"gold_gain":0.0,"event_name":"Addict","player_choice":"Obtained Relic","floor":19.0,"gold_loss":85.0,"damage_taken":0.0,"relics_obtained":["Omamori"]},{"damage_healed":0.0,"max_hp_gain":0.0,"max_hp_loss":0.0,"gold_gain":0.0,"event_name":"Lab","player_choice":"Got Potions","floor":21.0,"gold_loss":0.0,"damage_taken":0.0},{"damage_healed":0.0,"max_hp_gain":0.0,"max_hp_loss":0.0,"gold_gain":0.0,"event_name":"The Woman in Blue","player_choice":"Bought 0 Potions","floor":36.0,"gold_loss":0.0,"damage_taken":0.0},{"damage_healed":0.0,"max_hp_gain":0.0,"max_hp_loss":0.0,"gold_gain":0.0,"event_name":"Winding Halls","player_choice":"Embrace Madness","floor":39.0,"gold_loss":0.0,"damage_taken":9.0,"cards_obtained":["Madness","Madness"]},{"damage_healed":0.0,"max_hp_gain":0.0,"max_hp_loss":0.0,"gold_gain":0.0,"event_name":"SensoryStone","player_choice":"Memory 1","floor":42.0,"gold_loss":0.0,"damage_taken":0.0}],"is_beta":true,"boss_relics":[{"not_picked":["Runic Dome","Pandora\u0027s Box"],"picked":"Astrolabe"},{"not_picked":["SlaversCollar","Calling Bell"],"picked":"Cursed Key"}],"items_purged_floors":[13,38],"is_endless":false,"potions_floor_spawned":[5,6,10,11,16,18,20,29,30,31,33,35,37,41,46,47,48],"ascension_level":0}