{"gold_per_floor":[18,31,81,99,110,110,35,53,53,84,84,110,110,124,124,196,196,207,207,207],"floor_reached":20,"playtime":1428,"items_purged":["Defend_R"],"score":348,"play_id":"6cdab6de-5955-4fbe-9d7e-7bcbc4da2603","local_time":"20190917235223","is_ascension_mode":true,"campfire_choices":[{"data":"Whirlwind","floor":6.0,"key":"SMITH"},{"data":"Armaments","floor":11.0,"key":"SMITH"},{"floor":15.0,"key":"REST"}],"neow_cost":"NO_GOLD","seed_source_timestamp":559910133876378,"circlet_count":0,"master_deck":["AscendersBane","Strike_R","Strike_R","Strike_R","Strike_R","Strike_R","Defend_R","Defend_R","Defend_R","Bash","Feed","Armaments+1","Whirlwind+1","Corruption","Demon Form","Carnage"],"special_seed":0,"relics":["Burning Blood","Oddly Smooth Stone","Red Skull","Odd Mushroom","Sozu","Enchiridion"],"potions_floor_usage":[],"damage_taken":[{"damage":7.0,"enemies":"Cultist","floor":1.0,"turns":4.0},{"damage":12.0,"enemies":"Small Slimes","floor":2.0,"turns":6.0},{"damage":0.0,"enemies":"2 Louse","floor":4.0,"turns":3.0},{"damage":16.0,"enemies":"Large Slime","floor":5.0,"turns":7.0},{"damage":19.0,"enemies":"Exordium Thugs","floor":8.0,"turns":4.0},{"damage":30.0,"enemies":"3 Sentries","floor":10.0,"turns":4.0},{"damage":3.0,"enemies":"The Mushroom Lair","floor":12.0,"turns":3.0},{"damage":8.0,"enemies":"3 Louse","floor":14.0,"turns":2.0},{"damage":25.0,"enemies":"Slime Boss","floor":16.0,"turns":9.0},{"damage":29.0,"enemies":"Spheric Guardian","floor":18.0,"turns":4.0},{"damage":35,"enemies":"Shell Parasite","floor":20,"turns":3}],"seed_played":"-6268971476235687381","potions_obtained":[{"floor":1.0,"key":"Strength Potion"},{"floor":4.0,"key":"Ancient Potion"},{"floor":5.0,"key":"GamblersBrew"},{"floor":12.0,"key":"SkillPotion"}],"is_trial":false,"path_per_floor":["M","M","?","M","M","R","$","M","T","E","R","?","?","M","R","B",null,"M","?","M"],"character_chosen":"IRONCLAD","items_purchased":[],"campfire_rested":1,"item_purchase_floors":[],"current_hp_per_floor":[70,64,57,66,59,59,59,46,46,22,22,28,28,29,56,37,77,54,33,0],"gold":207,"neow_bonus":"THREE_RARE_CARDS","is_prod":false,"is_daily":false,"chose_seed":false,"campfire_upgraded":2,"win_rate":0,"timestamp":1568782343,"path_taken":["M","M","?","M","?","R","$","M","T","E","R","?","?","M","R","BOSS","M","?","M"],"build_version":"2019-07-17","purchased_purges":1,"victory":false,"max_hp_per_floor":[78,78,78,81,84,84,84,84,84,84,84,87,87,90,90,90,90,90,90,90],"card_choices":[{"not_picked":["Double Tap","Demon Form"],"picked":"Feed","floor":0.0},{"not_picked":["Infernal Blade","Clash","True Grit"],"picked":"SKIP","floor":1.0},{"not_picked":["Feel No Pain","Thunderclap","Perfected Strike"],"picked":"SKIP","floor":2.0},{"not_picked":["True Grit","Thunderclap"],"picked":"Armaments","floor":4.0},{"not_picked":["Dual Wield","Body Slam"],"picked":"Whirlwind","floor":5.0},{"not_picked":["Fire Breathing","Headbutt","Armaments"],"picked":"SKIP","floor":8.0},{"not_picked":["Searing Blow","Warcry","Intimidate"],"picked":"SKIP","floor":10.0},{"not_picked":["Sever Soul","Cleave"],"picked":"Corruption","floor":12.0},{"not_picked":["Rupture","Sword Boomerang","Clothesline"],"picked":"SKIP","floor":14.0},{"not_picked":["Brutality","Barricade"],"picked":"Demon Form","floor":16.0},{"not_picked":["Twin Strike+1","Anger"],"picked":"Carnage","floor":18.0}],"player_experience":1341683,"relics_obtained":[{"floor":9.0,"key":"Oddly Smooth Stone"},{"floor":10.0,"key":"Red Skull"},{"floor":12.0,"key":"Odd Mushroom"},{"floor":19,"key":"Enchiridion"}],"event_choices":[{"damage_healed":0.0,"max_hp_gain":0.0,"max_hp_loss":0.0,"gold_gain":50.0,"event_name":"FaceTrader","player_choice":"Touch","floor":3.0,"gold_loss":0.0,"damage_taken":7.0},{"damage_healed":0.0,"max_hp_gain":0.0,"max_hp_loss":0.0,"gold_gain":0.0,"event_name":"Mushrooms","player_choice":"Fought Mushrooms","floor":12.0,"gold_loss":0.0,"damage_taken":0.0},{"damage_healed":0.0,"max_hp_gain":0.0,"max_hp_loss":0.0,"gold_gain":0.0,"event_name":"Liars Game","player_choice":"Ignored","floor":13.0,"gold_loss":0.0,"damage_taken":0.0},{"damage_healed":0,"gold_gain":0,"player_choice":"Obtained Book","damage_taken":21,"max_hp_gain":0,"max_hp_loss":0,"event_name":"Cursed Tome","floor":19,"gold_loss":0}],"is_beta":false,"boss_relics":[{"not_picked":["Snecko Eye","Astrolabe"],"picked":"Sozu"}],"items_purged_floors":[7],"is_endless":false,"potions_floor_spawned":[1,4,5,12,18],"killed_by":"Shell Parasite","ascension_level":20}