{"gold_per_floor":[117,117,192,5,19,19,53,69,69,69,69],"floor_reached":11,"playtime":308,"items_purged":[],"score":168,"play_id":"2deadb5f-373f-428e-a240-93262d652fff","local_time":"20190831212505","is_ascension_mode":true,"campfire_choices":[{"data":"Genetic Algorithm","floor":10,"key":"SMITH"}],"neow_cost":"NONE","seed_source_timestamp":1253352519466407,"circlet_count":0,"master_deck":["AscendersBane","Strike_B","Strike_B","Strike_B","Strike_B","Defend_B","Defend_B","Defend_B","Zap","Dualcast","Hologram","Genetic Algorithm+1","Reinforced Body","Defragment","Storm"],"relics":["Cracked Core","NeowsBlessing","Juzu Bracelet","Dodecahedron","Singing Bowl"],"potions_floor_usage":[],"damage_taken":[{"damage":0,"enemies":"Cultist","floor":1,"turns":1},{"damage":0,"enemies":"Jaw Worm","floor":5,"turns":1},{"damage":0,"enemies":"Lagavulin","floor":7,"turns":2},{"damage":0,"enemies":"2 Louse","floor":8,"turns":2},{"damage":57,"enemies":"3 Sentries","floor":11,"turns":7}],"seed_played":"-8543386388260895385","potions_obtained":[{"floor":1,"key":"FearPotion"},{"floor":5,"key":"SteroidPotion"}],"is_trial":false,"path_per_floor":["M","?","?","$","M","?","E","M","T","R","E"],"character_chosen":"DEFECT","items_purchased":["Genetic Algorithm","Juzu Bracelet"],"campfire_rested":0,"item_purchase_floors":[4,4],"current_hp_per_floor":[64,69,58,58,58,51,51,51,51,51,0],"gold":69,"neow_bonus":"THREE_ENEMY_KILL","is_prod":false,"is_daily":false,"chose_seed":false,"campfire_upgraded":1,"win_rate":0,"timestamp":1567304705,"path_taken":["M","?","?","$","M","?","E","M","T","R","E"],"build_version":"2019-07-17","purchased_purges":0,"victory":false,"max_hp_per_floor":[71,76,76,76,76,76,76,76,76,76,76],"card_choices":[{"not_picked":["Aggregate","Barrage"],"picked":"Hologram","floor":1},{"not_picked":["Ball Lightning","Go for the Eyes"],"picked":"Reinforced Body","floor":5},{"not_picked":["Go for the Eyes","Sweeping Beam"],"picked":"Defragment","floor":7},{"not_picked":["Streamline","Rebound"],"picked":"Storm","floor":8}],"player_experience":1023950,"relics_obtained":[{"floor":7,"key":"Dodecahedron"},{"floor":9,"key":"Singing Bowl"}],"event_choices":[{"damage_healed":0,"gold_gain":0,"player_choice":"Donut","damage_taken":0,"max_hp_gain":5,"max_hp_loss":0,"event_name":"Big Fish","floor":2,"gold_loss":0},{"damage_healed":0,"gold_gain":75,"player_choice":"Gather Gold","damage_taken":11,"max_hp_gain":0,"max_hp_loss":0,"event_name":"World of Goop","floor":3,"gold_loss":0},{"cards_removed":["Defend_B"],"damage_healed":0,"gold_gain":0,"player_choice":"Card Removal","damage_taken":7,"max_hp_gain":0,"max_hp_loss":0,"event_name":"Golden Wing","floor":6,"gold_loss":0}],"is_beta":false,"boss_relics":[],"items_purged_floors":[],"is_endless":false,"potions_floor_spawned":[1,5],"killed_by":"3 Sentries","ascension_level":15}