{"gold_per_floor":[109,120,120,68,68,99,122,160,160,174,174,190,206,244,244,367,367,392,137,151,169,169],"floor_reached":22,"playtime":715,"items_purged":[],"score":268,"play_id":"7a110cc7-03d0-4fb9-b1f6-55a697cac3f0","local_time":"20190504082207","is_ascension_mode":true,"campfire_choices":[{"data":"1","floor":11.0,"key":"LIFT"},{"floor":15.0,"key":"REST"}],"neow_cost":"NONE","seed_source_timestamp":0,"circlet_count":0,"master_deck":["Strike_R","Strike_R","Strike_R","Strike_R","Strike_R","Defend_R","Defend_R","Defend_R","Defend_R","Bash","Armaments","Twin Strike","Inflame","Dual Wield","Twin Strike","Sword Boomerang+1","Rampage+1","Armaments","Demon Form","Limit Break","Shrug It Off+1","Armaments+1"],"special_seed":0,"relics":["Burning Blood","NeowsBlessing","Golden Idol","Orichalcum","Girya","Molten Egg 2","Pantograph","Cursed Key","Toxic Egg 2"],"potions_floor_usage":[],"damage_taken":[{"damage":0.0,"enemies":"2 Louse","floor":1.0,"turns":1.0},{"damage":0.0,"enemies":"Jaw Worm","floor":2.0,"turns":1.0},{"damage":0.0,"enemies":"Gremlin Nob","floor":6.0,"turns":1.0},{"damage":1.0,"enemies":"Cultist","floor":7.0,"turns":3.0},{"damage":28.0,"enemies":"Lagavulin","floor":8.0,"turns":6.0},{"damage":19.0,"enemies":"Large Slime","floor":10.0,"turns":7.0},{"damage":23.0,"enemies":"Gremlin Gang","floor":12.0,"turns":4.0},{"damage":4.0,"enemies":"Lots of Slimes","floor":13.0,"turns":4.0},{"damage":23.0,"enemies":"3 Sentries","floor":14.0,"turns":6.0},{"damage":39.0,"enemies":"The Guardian","floor":16.0,"turns":7.0},{"damage":10.0,"enemies":"Shell Parasite","floor":18.0,"turns":4.0},{"damage":18.0,"enemies":"3 Byrds","floor":20.0,"turns":6.0},{"damage":40.0,"enemies":"Snecko","floor":21.0,"turns":6.0},{"damage":0,"enemies":"Shelled Parasite and Fungi","floor":22,"turns":1}],"seed_played":"-6100558493764821053","potions_obtained":[{"floor":6.0,"key":"GamblersBrew"},{"floor":7.0,"key":"Poison Potion"},{"floor":12.0,"key":"SkillPotion"},{"floor":13.0,"key":"Energy Potion"},{"floor":14.0,"key":"Strength Potion"},{"floor":20.0,"key":"Swift Potion"}],"is_trial":false,"path_per_floor":["M","M","?","$","?","E","M","E","T","M","R","M","M","E","R","B",null,"M","$","M","M","M"],"character_chosen":"IRONCLAD","items_purchased":["Twin Strike","Toxic Egg 2"],"campfire_rested":1,"item_purchase_floors":[4,19],"current_hp_per_floor":[80,80,80,80,73,79,80,58,58,45,45,28,30,13,37,29,80,76,76,64,30,30],"gold":169,"neow_bonus":"THREE_ENEMY_KILL","is_prod":false,"is_daily":false,"chose_seed":false,"campfire_upgraded":0,"win_rate":0,"timestamp":1556976127,"path_taken":["M","M","?","$","?","E","M","E","T","?","R","M","?","E","R","BOSS","M","$","M","M","M"],"build_version":"2019-01-23","purchased_purges":0,"victory":false,"max_hp_per_floor":[80,80,80,80,80,80,80,80,80,80,80,80,80,80,80,80,80,80,80,80,80,80],"card_choices":[{"not_picked":["True Grit","Entrench"],"picked":"Armaments","floor":1.0},{"not_picked":["Heavy Blade","Sentinel","Headbutt"],"picked":"SKIP","floor":2.0},{"not_picked":["Flame Barrier","Warcry"],"picked":"Inflame","floor":6.0},{"not_picked":["Battle Trance","Power Through"],"picked":"Dual Wield","floor":7.0},{"not_picked":["Fire Breathing","Iron Wave"],"picked":"Twin Strike","floor":8.0},{"not_picked":["Havoc","Heavy Blade+1"],"picked":"Sword Boomerang+1","floor":10.0},{"not_picked":["Hemokinesis+1","Iron Wave+1"],"picked":"Rampage+1","floor":12.0},{"not_picked":["Sentinel","Wild Strike+1"],"picked":"Armaments","floor":13.0},{"not_picked":["Metallicize","Hemokinesis+1"],"picked":"Demon Form","floor":14.0},{"not_picked":["Dark Embrace","Impervious"],"picked":"Limit Break","floor":16.0},{"not_picked":["Shockwave","Reckless Charge+1"],"picked":"Shrug It Off+1","floor":18.0},{"not_picked":["Anger+1","Clash+1"],"picked":"Armaments+1","floor":20.0},{"not_picked":["Headbutt+1","Armaments+1","Body Slam+1"],"picked":"SKIP","floor":21.0}],"player_experience":126466,"relics_obtained":[{"floor":6.0,"key":"Orichalcum"},{"floor":8.0,"key":"Girya"},{"floor":9.0,"key":"Molten Egg 2"},{"floor":14.0,"key":"Pantograph"}],"event_choices":[{"damage_healed":0.0,"max_hp_gain":0.0,"max_hp_loss":0.0,"gold_gain":0.0,"event_name":"Golden Idol","player_choice":"Take Wound","floor":3.0,"gold_loss":0.0,"damage_taken":0.0,"relics_obtained":["Golden Idol"],"cards_obtained":["Injury"]},{"cards_removed":["Injury"],"damage_healed":0.0,"max_hp_gain":0.0,"max_hp_loss":0.0,"gold_gain":0.0,"event_name":"Golden Wing","player_choice":"Card Removal","floor":5.0,"gold_loss":0.0,"damage_taken":7.0}],"is_beta":false,"boss_relics":[{"not_picked":["Ectoplasm","Tiny House"],"picked":"Cursed Key"}],"items_purged_floors":[],"is_endless":false,"potions_floor_spawned":[6,7,12,13,14,20],"killed_by":"Shelled Parasite and Fungi","ascension_level":3}