{"gold_per_floor":[114,129,144,159,174,204,234,234,259,289,214,244,274,304,304,404,404,419,434,434],"floor_reached":20,"playtime":725,"items_purged":["Strike_R"],"score":224,"play_id":"fe702a11-2bc5-4065-81f1-2b967507feca","local_time":"20190503101531","daily_mods":["Heirloom","Flight","Elite Swarm"],"is_ascension_mode":false,"campfire_choices":[{"data":"Limit Break","floor":8,"key":"SMITH"},{"floor":15,"key":"REST"}],"neow_cost":"","seed_source_timestamp":0,"circlet_count":0,"master_deck":["Strike_R","Strike_R","Defend_R","Defend_R","Defend_R","Defend_R","Bash","Uppercut","Iron Wave","Uppercut","Shrug It Off","Cleave","Limit Break+1","Impervious","Demon Form","Bludgeon","Limit Break","Reaper","Berserk"],"special_seed":18019,"relics":["Burning Blood","Thread and Needle","Meat on the Bone","Boot","Regal Pillow","Paper Frog","Du-Vu Doll","Torii","Smiling Mask","Empty Cage"],"potions_floor_usage":[10,10,20,20],"damage_taken":[{"damage":7,"enemies":"Jaw Worm","floor":1,"turns":2},{"damage":4,"enemies":"2 Louse","floor":2,"turns":3},{"damage":2,"enemies":"Cultist","floor":3,"turns":3},{"damage":10,"enemies":"3 Louse","floor":4,"turns":4},{"damage":12,"enemies":"Lots of Slimes","floor":5,"turns":5},{"damage":21,"enemies":"3 Sentries","floor":6,"turns":6},{"damage":13,"enemies":"Gremlin Nob","floor":7,"turns":4},{"damage":9,"enemies":"Lagavulin","floor":10,"turns":3},{"damage":36,"enemies":"3 Sentries","floor":12,"turns":6},{"damage":2,"enemies":"Gremlin Nob","floor":13,"turns":3},{"damage":52,"enemies":"Lagavulin","floor":14,"turns":7},{"damage":22,"enemies":"Slime Boss","floor":16,"turns":7},{"damage":10,"enemies":"Chosen","floor":18,"turns":6},{"damage":59,"enemies":"Shell Parasite","floor":19,"turns":7},{"damage":40,"enemies":"3 Cultists","floor":20,"turns":3}],"seed_played":"-420758477785995413","potions_obtained":[{"floor":1,"key":"SpeedPotion"},{"floor":2,"key":"SkillPotion"},{"floor":4,"key":"SteroidPotion"},{"floor":7,"key":"SteroidPotion"},{"floor":12,"key":"GamblersBrew"},{"floor":13,"key":"EssenceOfSteel"}],"is_trial":false,"path_per_floor":["M","M","M","M","M","E","E","R","T","E","$","E","E","E","R","B",null,"M","M","M"],"character_chosen":"IRONCLAD","items_purchased":[],"campfire_rested":1,"item_purchase_floors":[],"current_hp_per_floor":[79,80,80,76,70,55,48,48,48,57,57,39,55,21,60,80,80,76,38,0],"gold":434,"neow_bonus":"","is_prod":false,"is_daily":true,"chose_seed":false,"campfire_upgraded":1,"win_rate":0,"timestamp":1556896531,"path_taken":["M","M","M","M","M","E","E","R","T","E","$","E","E","E","R","BOSS","M","M","M"],"build_version":"2019-01-23","purchased_purges":1,"victory":false,"max_hp_per_floor":[80,80,80,80,80,80,80,80,80,80,80,80,80,80,80,80,80,80,80,80],"card_choices":[{"not_picked":["Sentinel","Sever Soul"],"picked":"Uppercut","floor":1},{"not_picked":["Perfected Strike","Warcry"],"picked":"Iron Wave","floor":2},{"not_picked":["Pommel Strike","Thunderclap"],"picked":"Uppercut","floor":3},{"not_picked":["Wild Strike","Headbutt"],"picked":"Shrug It Off","floor":4},{"not_picked":["Bludgeon","Sentinel"],"picked":"Cleave","floor":5},{"not_picked":["Demon Form","Dark Embrace"],"picked":"Limit Break","floor":6},{"not_picked":["Dark Embrace","Fiend Fire"],"picked":"Impervious","floor":7},{"not_picked":["Brutality","Berserk"],"picked":"Demon Form","floor":10},{"not_picked":["Demon Form","Juggernaut"],"picked":"Bludgeon","floor":12},{"not_picked":["Demon Form","Immolate"],"picked":"Limit Break","floor":13},{"not_picked":["Juggernaut","Exhume"],"picked":"Reaper","floor":14},{"not_picked":["Juggernaut","Immolate"],"picked":"Berserk","floor":16},{"not_picked":["Feel No Pain+1","Disarm","Anger+1"],"picked":"SKIP","floor":18},{"not_picked":["True Grit+1","Perfected Strike","Thunderclap"],"picked":"SKIP","floor":19}],"player_experience":120380,"relics_obtained":[{"floor":6,"key":"Meat on the Bone"},{"floor":7,"key":"Boot"},{"floor":9,"key":"Regal Pillow"},{"floor":10,"key":"Paper Frog"},{"floor":12,"key":"Du-Vu Doll"},{"floor":13,"key":"Torii"},{"floor":14,"key":"Smiling Mask"}],"event_choices":[],"is_beta":false,"boss_relics":[{"not_picked":["Lizard Tail","Fusion Hammer"],"picked":"Empty Cage"}],"items_purged_floors":[11],"is_endless":false,"potions_floor_spawned":[1,2,4,7,12,13,18],"killed_by":"3 Cultists","ascension_level":0}