{"gold_per_floor":[117,129,129,141,72,72,103,103,129,161,111,111,125,142,142,242,242,259,279,133,153,163,163,180,510,537,537,343,354,366,366,366,366],"floor_reached":33,"playtime":3930,"items_purged":[],"score":279,"play_id":"7bbf7c74-d177-43f0-ac96-f22c51192644","local_time":"20190916234551","is_ascension_mode":false,"campfire_choices":[{"data":"Pommel Strike","floor":6,"key":"SMITH"},{"data":"Anger","floor":8,"key":"SMITH"},{"data":"Anger","floor":12,"key":"SMITH"},{"floor":15,"key":"REST"},{"data":"Shrug It Off","floor":23,"key":"SMITH"},{"data":"Shockwave","floor":27,"key":"SMITH"},{"data":"Flex","floor":32,"key":"SMITH"}],"neow_cost":"","seed_source_timestamp":437210117902300,"circlet_count":0,"master_deck":["Strike_R","Strike_R","Strike_R","Strike_R","Defend_R","Defend_R","Defend_R","Bash","Battle Trance","True Grit","Cleave","Anger+1","Pommel Strike+1","Anger+1","Juggernaut","Flex+1","Shrug It Off+1","Body Slam+1","Shockwave+1","Clash","Twin Strike+1"],"relics":["Burning Blood","Vajra","Regal Pillow","Boot","Sozu","Happy Flower","Old Coin","Potion Belt","Lee\u0027s Waffle","Gremlin Horn"],"potions_floor_usage":[16,16],"damage_taken":[{"damage":1,"enemies":"Cultist","floor":1,"turns":3},{"damage":13,"enemies":"Jaw Worm","floor":2,"turns":4},{"damage":3,"enemies":"Small Slimes","floor":4,"turns":4},{"damage":28,"enemies":"3 Sentries","floor":7,"turns":6},{"damage":14,"enemies":"Gremlin Nob","floor":10,"turns":3},{"damage":0,"enemies":"Blue Slaver","floor":13,"turns":2},{"damage":3,"enemies":"Looter","floor":14,"turns":2},{"damage":64,"enemies":"The Guardian","floor":16,"turns":7},{"damage":15,"enemies":"2 Thieves","floor":18,"turns":3},{"damage":0,"enemies":"Chosen","floor":19,"turns":4},{"damage":20,"enemies":"3 Cultists","floor":21,"turns":5},{"damage":3,"enemies":"Cultist and Chosen","floor":22,"turns":5},{"damage":20,"enemies":"Snake Plant","floor":24,"turns":4},{"damage":16,"enemies":"Gremlin Leader","floor":25,"turns":5},{"damage":0,"enemies":"Snecko","floor":29,"turns":4},{"damage":7,"enemies":"Centurion and Healer","floor":30,"turns":5},{"damage":88,"enemies":"Champ","floor":33,"turns":9}],"seed_played":"-4244429345643506330","potions_obtained":[{"floor":1,"key":"Energy Potion"},{"floor":2,"key":"SkillPotion"},{"floor":7,"key":"Swift Potion"}],"is_trial":false,"path_per_floor":["M","M","?","M","$","R","E","R","T","E","?","R","M","M","R","B",null,"M","M","$","M","M","R","M","E","T","R","$","M","M","?","R","B"],"character_chosen":"IRONCLAD","items_purchased":["Anger","Pommel Strike","Happy Flower","Lee\u0027s Waffle"],"campfire_rested":1,"item_purchase_floors":[5,5,20,28],"current_hp_per_floor":[80,73,73,76,76,76,54,54,54,46,46,46,52,55,80,22,80,71,77,77,63,66,66,52,42,42,42,87,87,86,86,86,0],"gold":366,"neow_bonus":"","is_prod":false,"is_daily":false,"chose_seed":false,"campfire_upgraded":6,"win_rate":0.0,"timestamp":1568688351,"path_taken":["M","?","?","M","?","R","E","R","T","E","?","R","?","M","R","BOSS","M","M","$","M","M","R","M","E","T","R","$","M","M","?","R","BOSS"],"build_version":"2019-07-17","purchased_purges":0,"victory":false,"max_hp_per_floor":[80,80,80,80,80,80,80,80,80,80,80,80,80,80,80,80,80,80,80,80,80,80,80,80,80,80,80,87,87,87,87,87,87],"card_choices":[{"not_picked":["Searing Blow","Body Slam"],"picked":"Battle Trance","floor":1},{"not_picked":["Blood for Blood","Flex"],"picked":"True Grit","floor":2},{"not_picked":["Fire Breathing","True Grit"],"picked":"Cleave","floor":4},{"not_picked":["Flame Barrier","Headbutt","Sword Boomerang"],"picked":"SKIP","floor":7},{"not_picked":["Battle Trance","Reckless Charge"],"picked":"Anger","floor":10},{"not_picked":["Offering","Sword Boomerang","Shrug It Off"],"picked":"SKIP","floor":13},{"not_picked":["Body Slam","Twin Strike","Pommel Strike"],"picked":"SKIP","floor":14},{"not_picked":["Brutality","Berserk"],"picked":"Juggernaut","floor":16},{"not_picked":["Pommel Strike","Body Slam","Sword Boomerang"],"picked":"SKIP","floor":18},{"not_picked":["Thunderclap","Warcry+1"],"picked":"Flex","floor":19},{"not_picked":["Warcry","Pommel Strike+1"],"picked":"Shrug It Off","floor":21},{"not_picked":["True Grit","Thunderclap"],"picked":"Body Slam+1","floor":22},{"not_picked":["Demon Form","Thunderclap"],"picked":"Shockwave","floor":24},{"not_picked":["Anger","Entrench+1"],"picked":"Clash","floor":25},{"not_picked":["Flex","Carnage","Sever Soul"],"picked":"SKIP","floor":29},{"not_picked":["Dropkick","Shrug It Off"],"picked":"Twin Strike+1","floor":30}],"player_experience":0,"relics_obtained":[{"floor":7,"key":"Vajra"},{"floor":9,"key":"Regal Pillow"},{"floor":10,"key":"Boot"},{"floor":25,"key":"Old Coin"},{"floor":26,"key":"Potion Belt"}],"event_choices":[{"cards_removed":["Defend_R"],"damage_healed":0,"gold_gain":0,"player_choice":"Purged","damage_taken":0,"max_hp_gain":0,"max_hp_loss":0,"event_name":"Purifier","floor":3,"gold_loss":0},{"cards_removed":["Strike_R"],"damage_healed":0,"gold_gain":0,"player_choice":"Card Removal","damage_taken":0,"max_hp_gain":0,"max_hp_loss":0,"event_name":"The Cleric","floor":11,"gold_loss":50},{"damage_healed":0,"gold_gain":0,"player_choice":"Opened","damage_taken":0,"relics_obtained":["Gremlin Horn"],"max_hp_gain":0,"max_hp_loss":0,"event_name":"The Mausoleum","floor":31,"gold_loss":0}],"is_beta":false,"boss_relics":[{"not_picked":["Cursed Key","Snecko Eye"],"picked":"Sozu"}],"items_purged_floors":[],"is_endless":false,"potions_floor_spawned":[1,2,7,14,18,24,25,30],"killed_by":"Champ","ascension_level":0}