{"gold_per_floor":[109,109,120,135,60,60,5,5,53,53,113,163,182,197,197,197],"floor_reached":16,"playtime":9142,"items_purged":["Writhe"],"score":200,"play_id":"b9af8f8a-b0f9-4e64-a6e5-fb279ccdfe07","local_time":"20190917133900","is_ascension_mode":true,"campfire_choices":[{"data":"Body Slam","floor":6,"key":"SMITH"},{"data":"Armaments","floor":8,"key":"SMITH"},{"floor":15,"key":"REST"}],"neow_cost":"CURSE","seed_source_timestamp":519560165771135,"circlet_count":0,"master_deck":["AscendersBane","Strike_R","Strike_R","Strike_R","Strike_R","Strike_R","Defend_R","Defend_R","Defend_R","Defend_R","Bash+1","Sentinel","Body Slam+1","Armaments+1","Pommel Strike"],"special_seed":0,"relics":["Burning Blood","Incense Burner","Pen Nib","Tiny Chest"],"potions_floor_usage":[16,16],"damage_taken":[{"damage":6.0,"enemies":"Small Slimes","floor":1.0,"turns":4.0},{"damage":2.0,"enemies":"Cultist","floor":3.0,"turns":4.0},{"damage":9,"enemies":"2 Louse","floor":4,"turns":4},{"damage":36,"enemies":"Lagavulin","floor":11,"turns":7},{"damage":17,"enemies":"Looter","floor":13,"turns":3},{"damage":15,"enemies":"Lots of Slimes","floor":14,"turns":7},{"damage":46,"enemies":"Slime Boss","floor":16,"turns":8}],"seed_played":"-3416105392150465094","potions_obtained":[{"floor":11,"key":"Energy Potion"},{"floor":13,"key":"Ancient Potion"}],"is_trial":false,"path_per_floor":["M","?","M","M","$","R","$","R","T","?","E","?","M","M","R","B"],"character_chosen":"IRONCLAD","items_purchased":["Armaments"],"campfire_rested":1,"item_purchase_floors":[7],"current_hp_per_floor":[68,68,72,69,69,69,69,69,69,69,39,39,28,19,41,0],"gold":197,"neow_bonus":"ONE_RARE_RELIC","is_prod":false,"is_daily":false,"chose_seed":false,"campfire_upgraded":2,"win_rate":0,"timestamp":1568745540,"path_taken":["M","?","M","?","$","R","$","R","T","?","E","?","M","?","R","BOSS"],"build_version":"2019-07-17","purchased_purges":1,"victory":false,"max_hp_per_floor":[75,75,75,75,75,75,75,75,75,75,75,75,75,75,75,75],"card_choices":[{"not_picked":["True Grit","Clothesline","Flex"],"picked":"SKIP","floor":1.0},{"not_picked":["Burning Pact","Inflame"],"picked":"Sentinel","floor":3.0},{"not_picked":["Havoc","Heavy Blade"],"picked":"Body Slam","floor":4},{"not_picked":["Warcry","Cleave","Twin Strike"],"picked":"SKIP","floor":11},{"not_picked":["Reckless Charge","Feel No Pain","Clothesline"],"picked":"SKIP","floor":13},{"not_picked":["Searing Blow","Havoc"],"picked":"Pommel Strike","floor":14}],"player_experience":1312318,"relics_obtained":[{"floor":9,"key":"Pen Nib"},{"floor":11,"key":"Tiny Chest"}],"event_choices":[{"damage_healed":0.0,"max_hp_gain":0.0,"max_hp_loss":0.0,"gold_gain":0.0,"event_name":"Accursed Blacksmith","player_choice":"Forge","floor":2.0,"gold_loss":0.0,"damage_taken":0.0,"cards_upgraded":["Bash"]},{"damage_healed":0,"gold_gain":0,"player_choice":"Leave","damage_taken":0,"max_hp_gain":0,"max_hp_loss":0,"event_name":"The Cleric","floor":10,"gold_loss":0},{"damage_healed":0,"gold_gain":50,"player_choice":"Pray","damage_taken":0,"max_hp_gain":0,"max_hp_loss":0,"event_name":"Golden Shrine","floor":12,"gold_loss":0}],"is_beta":false,"boss_relics":[],"items_purged_floors":[5],"is_endless":false,"potions_floor_spawned":[11,13,14],"killed_by":"Slime Boss","ascension_level":20}