{"gold_per_floor":[114,132,207,217,33,33,44,56,133,152,184,206,176,193,193,293,293,313,330,33,0,10,10,10,23,102,115,115,29,49,59,59,157,157,175,34,46,64,0,0,10,10,10,10],"floor_reached":44,"playtime":5201,"items_purged":[],"score":441,"play_id":"3535f2ae-994c-4470-9dc4-fde1ae247ac6","local_time":"20190920013133","is_ascension_mode":false,"campfire_choices":[{"floor":6,"key":"REST"},{"floor":15,"key":"REST"},{"floor":23,"key":"REST"},{"floor":28,"key":"REST"},{"floor":32,"key":"REST"},{"floor":40,"key":"REST"}],"neow_cost":"NONE","seed_source_timestamp":872077533090008,"circlet_count":0,"master_deck":["Strike_B","Strike_B","Strike_B","Defend_B","Defend_B","Defend_B","Defend_B","Zap","Dualcast","Doom and Gloom","Lockon","Rebound","Sunder","Cold Snap","Conserve Battery","Rebound","Fusion","Go for the Eyes","Streamline","Buffer","Gash","Beam Cell","FTL","Sweeping Beam","Necronomicurse","Beam Cell+1","Hello World+1","Double Energy","Stack","Scrape","Reprogram","Reboot","Self Repair","Static Discharge","Scrape","Gash+1","Rebound+1","Redo"],"relics":["Cracked Core","Blood Vial","Kunai","Girya","Odd Mushroom","Fusion Hammer","Bottled Lightning","Necronomicon","Letter Opener","SacredBark","Red Mask","MealTicket"],"potions_floor_usage":[11,12,12,14,16,22,22,27,31,38,38],"damage_taken":[{"damage":0,"enemies":"2 Louse","floor":1,"turns":2},{"damage":17,"enemies":"Small Slimes","floor":2,"turns":3},{"damage":0,"enemies":"Cultist","floor":4,"turns":2},{"damage":14,"enemies":"3 Louse","floor":7,"turns":3},{"damage":6,"enemies":"Exordium Wildlife","floor":8,"turns":3},{"damage":10,"enemies":"Looter","floor":10,"turns":2},{"damage":25,"enemies":"Lagavulin","floor":11,"turns":4},{"damage":12,"enemies":"The Mushroom Lair","floor":12,"turns":3},{"damage":6,"enemies":"Large Slime","floor":14,"turns":3},{"damage":19,"enemies":"Slime Boss","floor":16,"turns":7},{"damage":18,"enemies":"2 Thieves","floor":18,"turns":4},{"damage":10,"enemies":"Spheric Guardian","floor":19,"turns":3},{"damage":16,"enemies":"Shelled Parasite and Fungi","floor":22,"turns":4},{"damage":0,"enemies":"Snecko","floor":25,"turns":4},{"damage":26,"enemies":"Centurion and Healer","floor":27,"turns":5},{"damage":21,"enemies":"Snake Plant","floor":30,"turns":3},{"damage":0,"enemies":"3 Cultists","floor":31,"turns":4},{"damage":12,"enemies":"Collector","floor":33,"turns":8},{"damage":24,"enemies":"3 Shapes","floor":35,"turns":2},{"damage":37,"enemies":"3 Darklings","floor":37,"turns":6},{"damage":26,"enemies":"Spire Growth","floor":38,"turns":4},{"damage":25,"enemies":"4 Shapes","floor":41,"turns":3},{"damage":17,"enemies":"Jaw Worm Horde","floor":44,"turns":1}],"seed_played":"-4505871037941936940","potions_obtained":[{"floor":1,"key":"Explosive Potion"},{"floor":2,"key":"FearPotion"},{"floor":11,"key":"LiquidBronze"},{"floor":13,"key":"Energy Potion"},{"floor":13,"key":"Swift Potion"},{"floor":14,"key":"Swift Potion"},{"floor":16,"key":"Strength Potion"},{"floor":18,"key":"LiquidBronze"},{"floor":27,"key":"AttackPotion"},{"floor":31,"key":"Dexterity Potion"},{"floor":35,"key":"Swift Potion"}],"is_trial":false,"path_per_floor":["M","M","?","M","$","R","M","M","T","M","E","?","?","M","R","B",null,"M","M","$","?","M","R","?","M","T","M","R","$","M","M","R","B",null,"M","$","M","M","?","R","M","?","T","M"],"character_chosen":"DEFECT","items_purchased":["Blood Vial","Sunder","Bottled Lightning","FTL","Double Energy","Stack","Static Discharge","Scrape"],"campfire_rested":6,"item_purchase_floors":[5,5,20,20,29,29,36,36],"current_hp_per_floor":[82,65,54,54,54,78,66,62,62,54,31,21,21,17,41,24,82,64,56,56,56,42,66,50,52,52,28,52,52,33,35,59,49,82,58,58,30,6,6,30,14,14,14,0],"gold":10,"neow_bonus":"TEN_PERCENT_HP_BONUS","is_prod":false,"is_daily":false,"chose_seed":false,"campfire_upgraded":0,"win_rate":0.0,"timestamp":1568907093,"path_taken":["M","M","?","M","$","R","M","M","T","M","E","?","?","M","R","BOSS","M","M","$","?","M","R","?","M","T","M","R","?","M","M","R","BOSS","M","$","M","M","?","R","M","?","T","M"],"build_version":"2019-09-18","purchased_purges":0,"victory":false,"max_hp_per_floor":[82,82,82,82,82,82,82,82,82,82,82,82,82,82,82,82,82,82,82,82,82,82,82,82,82,82,82,82,82,82,82,82,82,82,82,82,82,82,82,82,82,82,82,82],"card_choices":[{"not_picked":["Barrage","Ball Lightning"],"picked":"Doom and Gloom","floor":1},{"not_picked":["Cold Snap","Compile Driver"],"picked":"Lockon","floor":2},{"not_picked":["FTL","Force Field"],"picked":"Rebound","floor":4},{"not_picked":["Go for the Eyes","Undo"],"picked":"Cold Snap","floor":7},{"not_picked":["Storm","Turbo"],"picked":"Conserve Battery","floor":8},{"not_picked":["Conserve Battery","Cold Snap"],"picked":"Rebound","floor":10},{"not_picked":["Leap","Sunder"],"picked":"Fusion","floor":11},{"not_picked":["Gash","Stack"],"picked":"Go for the Eyes","floor":12},{"not_picked":["Amplify","Gash"],"picked":"Streamline","floor":14},{"not_picked":["Rainbow","Biased Cognition"],"picked":"Buffer","floor":16},{"not_picked":["Scrape","Sweeping Beam"],"picked":"Gash","floor":18},{"not_picked":["Go for the Eyes","Conserve Battery"],"picked":"Beam Cell","floor":19},{"not_picked":["Cold Snap","Steam"],"picked":"Sweeping Beam","floor":22},{"not_picked":["Fusion","Gash+1"],"picked":"Beam Cell+1","floor":25},{"not_picked":["Compile Driver","Gash+1"],"picked":"Hello World+1","floor":27},{"not_picked":["Auto Shields","Storm"],"picked":"Scrape","floor":30},{"not_picked":["Coolheaded","Undo"],"picked":"Reprogram","floor":31},{"not_picked":["Meteor Strike","Multi-Cast"],"picked":"Reboot","floor":33},{"not_picked":["Cold Snap+1","Rip and Tear"],"picked":"Self Repair","floor":35},{"not_picked":["Conserve Battery","Tempest+1"],"picked":"Gash+1","floor":37},{"not_picked":["Turbo","Compile Driver"],"picked":"Rebound+1","floor":38},{"not_picked":["Scrape+1","Leap+1"],"picked":"Redo","floor":41}],"player_experience":47002,"relics_obtained":[{"floor":9,"key":"Kunai"},{"floor":11,"key":"Girya"},{"floor":12,"key":"Odd Mushroom"},{"floor":24,"key":"Necronomicon"},{"floor":26,"key":"Letter Opener"},{"floor":43,"key":"MealTicket"}],"event_choices":[{"damage_healed":0,"gold_gain":75,"player_choice":"Gather Gold","damage_taken":11,"max_hp_gain":0,"max_hp_loss":0,"event_name":"World of Goop","floor":3,"gold_loss":0},{"damage_healed":0,"gold_gain":0,"player_choice":"Fought Mushrooms","damage_taken":0,"max_hp_gain":0,"max_hp_loss":0,"event_name":"Mushrooms","floor":12,"gold_loss":0},{"damage_healed":0,"gold_gain":0,"player_choice":"Bought 2 Potions","damage_taken":0,"max_hp_gain":0,"max_hp_loss":0,"event_name":"The Woman in Blue","floor":13,"gold_loss":0},{"damage_healed":0,"gold_gain":0,"player_choice":"Paid Fearfully","damage_taken":0,"max_hp_gain":0,"max_hp_loss":0,"event_name":"Masked Bandits","floor":21,"gold_loss":33},{"damage_healed":0,"gold_gain":0,"player_choice":"Obtained Book","damage_taken":16,"max_hp_gain":0,"max_hp_loss":0,"event_name":"Cursed Tome","floor":24,"gold_loss":0},{"damage_healed":0,"gold_gain":0,"player_choice":"Paid","damage_taken":0,"relics_obtained":["Red Mask"],"max_hp_gain":0,"max_hp_loss":0,"event_name":"Tomb of Lord Red Mask","floor":39,"gold_loss":64},{"cards_removed":["Strike_B"],"damage_healed":0,"gold_gain":0,"player_choice":"Removed Attack","damage_taken":0,"max_hp_gain":0,"max_hp_loss":0,"event_name":"Falling","floor":42,"gold_loss":0}],"is_beta":true,"boss_relics":[{"not_picked":["Sozu","Velvet Choker"],"picked":"Fusion Hammer"},{"not_picked":["Runic Dome","Philosopher\u0027s Stone"],"picked":"SacredBark"}],"items_purged_floors":[],"is_endless":false,"potions_floor_spawned":[1,2,11,14,16,18,27,31,35],"killed_by":"Jaw Worm Horde","ascension_level":0}