{"gold_per_floor":[114,133,145,145,145,145,71,89,116,126,146,165,165,43,43,138,138],"floor_reached":17,"playtime":539,"items_purged":[],"score":149,"play_id":"0050e0fd-c93b-4c49-8392-f2e7b8acac35","local_time":"20190912002419","is_ascension_mode":false,"campfire_choices":[{"data":"Blade Dance","floor":6.0,"key":"SMITH"},{"data":"Blade Dance","floor":13,"key":"SMITH"},{"floor":15,"key":"REST"}],"neow_cost":"NONE","seed_source_timestamp":305014501104037,"circlet_count":0,"master_deck":["Strike_G","Strike_G","Strike_G","Defend_G","Defend_G","Defend_G","Defend_G","Survivor","Neutralize","Blade Dance+1","Blade Dance+1","Accuracy","Cloak And Dagger","Backflip","Accuracy","Envenom","Deflect+1","Backstab+1","Flechettes+1"],"special_seed":0,"relics":["Ring of the Snake","Astrolabe"],"potions_floor_usage":[12,16,16],"damage_taken":[{"damage":0.0,"enemies":"Cultist","floor":1.0,"turns":4.0},{"damage":3.0,"enemies":"Jaw Worm","floor":2.0,"turns":4.0},{"damage":0.0,"enemies":"2 Louse","floor":3.0,"turns":3.0},{"damage":24.0,"enemies":"Exordium Thugs","floor":8.0,"turns":5.0},{"damage":2,"enemies":"Blue Slaver","floor":10,"turns":3},{"damage":11,"enemies":"Exordium Wildlife","floor":11,"turns":4},{"damage":4,"enemies":"3 Louse","floor":12,"turns":2},{"damage":6,"enemies":"Slime Boss","floor":16,"turns":7}],"seed_played":"-4004232973140964184","potions_obtained":[{"floor":1.0,"key":"FearPotion"},{"floor":10,"key":"Dexterity Potion"},{"floor":11,"key":"SteroidPotion"},{"floor":16,"key":"Energy Potion"}],"is_trial":false,"path_per_floor":["M","M","M","?","?","R","$","M","T","M","M","M","R","$","R","B",null],"character_chosen":"THE_SILENT","items_purchased":["Accuracy","Backflip","Accuracy"],"campfire_rested":1,"item_purchase_floors":[7,14,14],"current_hp_per_floor":[77,74,74,74,74,74,74,50,50,48,37,33,33,33,56,50,77],"gold":138,"neow_bonus":"TEN_PERCENT_HP_BONUS","is_prod":false,"is_daily":false,"chose_seed":false,"campfire_upgraded":2,"win_rate":0,"timestamp":1568265859,"path_taken":["M","M","?","?","?","R","$","M","T","M","M","M","R","$","R","BOSS"],"build_version":"2019-07-17","purchased_purges":0,"victory":false,"max_hp_per_floor":[77,77,77,77,77,77,77,77,77,77,77,77,77,77,77,77,77],"card_choices":[{"not_picked":["Reflex","Quick Slash","Outmaneuver"],"picked":"SKIP","floor":1.0},{"not_picked":["Underhanded Strike","Quick Slash","Sucker Punch"],"picked":"SKIP","floor":2.0},{"not_picked":["Slice","Concentrate"],"picked":"Blade Dance","floor":3.0},{"not_picked":["Prepared","Outmaneuver","Poisoned Stab"],"picked":"SKIP","floor":8.0},{"not_picked":["Outmaneuver","Slice","Dodge and Roll"],"picked":"SKIP","floor":10},{"not_picked":["Quick Slash","Dagger Throw"],"picked":"Cloak And Dagger","floor":11},{"not_picked":["Finisher","Reflex","Flechettes"],"picked":"SKIP","floor":12},{"not_picked":["Malaise","Burst"],"picked":"Envenom","floor":16}],"player_experience":1211345,"relics_obtained":[],"event_choices":[{"damage_healed":0.0,"max_hp_gain":0.0,"max_hp_loss":0.0,"gold_gain":0.0,"event_name":"Liars Game","player_choice":"Ignored","floor":4.0,"gold_loss":0.0,"damage_taken":0.0},{"damage_healed":0.0,"max_hp_gain":0.0,"max_hp_loss":0.0,"gold_gain":0.0,"event_name":"Match and Keep!","player_choice":"1 cards matched","floor":5.0,"gold_loss":0.0,"damage_taken":0.0,"cards_obtained":["Blade Dance"]}],"is_beta":false,"boss_relics":[{"not_picked":["Calling Bell","Cursed Key"],"picked":"Astrolabe"}],"items_purged_floors":[],"is_endless":false,"potions_floor_spawned":[1,10,11,16],"ascension_level":0}