{"gold_per_floor":[362,113,130,130,12,12,26,36,90,90,107,118,131,131,131,233,233,249,174,174,185,205,205,205],"floor_reached":24,"playtime":1221,"items_purged":["Chill"],"score":190,"play_id":"829b8185-668a-4dc3-8aef-dfc69be5c162","local_time":"20190422032328","is_ascension_mode":false,"campfire_choices":[{"data":"Defragment","floor":6.0,"key":"SMITH"},{"data":"Defragment","floor":10.0,"key":"SMITH"},{"floor":15.0,"key":"REST"},{"data":"Defragment","floor":23,"key":"SMITH"}],"neow_cost":"PERCENT_DAMAGE","seed_source_timestamp":0,"circlet_count":0,"master_deck":["Zap","Dualcast","Coolheaded","Defragment+1","Coolheaded","Double Energy","Leap","Defragment+1","Redo","Defragment+1","Streamline","Leap","Coolheaded","Reboot","Fission","Self Repair","Undo","FTL","Turbo","Lockon","Conserve Battery","Streamline"],"special_seed":0,"relics":["Cracked Core","Pen Nib","Orichalcum","Pandora\u0027s Box","Shuriken"],"potions_floor_usage":[],"damage_taken":[{"damage":0.0,"enemies":"2 Louse","floor":1.0,"turns":3.0},{"damage":0.0,"enemies":"Cultist","floor":3.0,"turns":4.0},{"damage":3.0,"enemies":"Small Slimes","floor":7.0,"turns":3.0},{"damage":14.0,"enemies":"3 Louse","floor":8.0,"turns":4.0},{"damage":0.0,"enemies":"Exordium Thugs","floor":11.0,"turns":4.0},{"damage":9.0,"enemies":"2 Fungi Beasts","floor":12.0,"turns":3.0},{"damage":3.0,"enemies":"Looter","floor":13.0,"turns":4.0},{"damage":7.0,"enemies":"Slime Boss","floor":16.0,"turns":13.0},{"damage":17,"enemies":"3 Byrds","floor":18,"turns":6},{"damage":14,"enemies":"Spheric Guardian","floor":21,"turns":10},{"damage":6,"enemies":"Centurion and Healer","floor":22,"turns":14},{"damage":65,"enemies":"Gremlin Leader","floor":24,"turns":6}],"seed_played":"2799116099382241351","potions_obtained":[{"floor":3.0,"key":"EssenceOfSteel"},{"floor":8.0,"key":"Poison Potion"},{"floor":13.0,"key":"SteroidPotion"},{"floor":16.0,"key":"FocusPotion"},{"floor":18,"key":"Energy Potion"}],"is_trial":false,"path_per_floor":["M","$","M","?","$","R","M","M","T","R","M","M","M","?","R","B",null,"M","$","T","M","M","R","E"],"character_chosen":"DEFECT","items_purchased":["Defragment","Pen Nib","Coolheaded","Leap","Defragment"],"campfire_rested":1,"item_purchase_floors":[2,2,2,5,5],"current_hp_per_floor":[54,54,54,54,54,54,51,37,37,37,37,28,25,25,47,40,75,65,65,65,58,59,59,0],"gold":205,"neow_bonus":"TWO_FIFTY_GOLD","is_prod":false,"is_daily":false,"chose_seed":false,"campfire_upgraded":3,"win_rate":0.0,"timestamp":1555921408,"path_taken":["M","$","M","?","?","R","M","M","T","R","M","M","M","?","R","BOSS","M","$","?","M","M","R","E"],"build_version":"2019-01-23","purchased_purges":1,"victory":false,"max_hp_per_floor":[75,75,75,75,75,75,75,75,75,75,75,75,75,75,75,75,75,75,75,75,75,75,75,75],"card_choices":[{"not_picked":["Ball Lightning","Compile Driver"],"picked":"Coolheaded","floor":1.0},{"not_picked":["White Noise","Rebound"],"picked":"Double Energy","floor":3.0},{"not_picked":["Melter","Scrape"],"picked":"Redo","floor":7.0},{"not_picked":["Recycle","Sweeping Beam"],"picked":"Defragment","floor":8.0},{"not_picked":["Redo","Steam"],"picked":"Streamline","floor":11.0},{"not_picked":["Hello World","Tempest"],"picked":"Leap","floor":12.0},{"not_picked":["Hyperbeam","Consume"],"picked":"Coolheaded","floor":13.0},{"not_picked":["Rebound","Darkness"],"picked":"Conserve Battery","floor":18},{"not_picked":["Redo","Sweeping Beam","Consume"],"picked":"SKIP","floor":21},{"not_picked":["Sweeping Beam","Go for the Eyes"],"picked":"Streamline","floor":22}],"player_experience":72576,"relics_obtained":[{"floor":9.0,"key":"Orichalcum"},{"floor":20,"key":"Shuriken"}],"event_choices":[{"damage_healed":0.0,"max_hp_gain":0.0,"max_hp_loss":0.0,"gold_gain":0.0,"event_name":"NoteForYourself","player_choice":"Ignored","floor":4.0,"gold_loss":0.0,"damage_taken":0.0},{"damage_healed":0.0,"max_hp_gain":0.0,"max_hp_loss":0.0,"gold_gain":0.0,"cards_transformed":["Strike_B"],"event_name":"Transmorgrifier","player_choice":"Transformed","floor":14.0,"gold_loss":0.0,"damage_taken":0.0,"cards_obtained":["Reboot"]}],"is_beta":false,"boss_relics":[{"not_picked":["Philosopher\u0027s Stone","Empty Cage"],"picked":"Pandora\u0027s Box"}],"items_purged_floors":[19],"is_endless":false,"potions_floor_spawned":[3,8,13,16,18,21],"killed_by":"Gremlin Leader","ascension_level":0}