{"gold_per_floor":[116,129,140,140,140,173,138,138,138,179,179,179,222,235,235,235],"floor_reached":16,"playtime":702,"items_purged":[],"score":136,"play_id":"b041f2ab-1db6-46e4-896d-511d42144f61","local_time":"20190327075634","is_ascension_mode":true,"campfire_choices":[{"data":"Shrug It Off","floor":8,"key":"SMITH"},{"data":"True Grit","floor":15,"key":"SMITH"}],"neow_cost":"NONE","seed_source_timestamp":197057043612375,"circlet_count":0,"master_deck":["Strike_R","Strike_R","Strike_R","Strike_R","Strike_R","Defend_R","Defend_R","Defend_R","Defend_R","Bash","Clothesline","True Grit+1","Shrug It Off+1","Pommel Strike+1","Reaper+1","Headbutt+1"],"relics":["Burning Blood","Bird Faced Urn","Golden Idol","Boot","Kunai","Molten Egg 2","Matryoshka","Bag of Marbles"],"potions_floor_usage":[10,13,16],"damage_taken":[{"damage":1,"enemies":"2 Louse","floor":1,"turns":3},{"damage":10,"enemies":"Small Slimes","floor":2,"turns":4},{"damage":4,"enemies":"Jaw Worm","floor":3,"turns":4},{"damage":53,"enemies":"3 Sentries","floor":6,"turns":13},{"damage":14,"enemies":"Gremlin Nob","floor":10,"turns":4},{"damage":20,"enemies":"3 Sentries","floor":13,"turns":7},{"damage":14,"enemies":"3 Louse","floor":14,"turns":2},{"damage":52,"enemies":"Hexaghost","floor":16,"turns":14}],"seed_played":"-8689965053298183112","potions_obtained":[{"floor":2,"key":"SteroidPotion"},{"floor":6,"key":"Explosive Potion"},{"floor":10,"key":"Dexterity Potion"}],"is_trial":false,"path_per_floor":["M","M","M","?","?","E","?","R","T","E","?","T","E","M","R","B"],"character_chosen":"IRONCLAD","items_purchased":[],"campfire_rested":0,"item_purchase_floors":[],"current_hp_per_floor":[88,84,86,79,79,32,52,52,52,44,44,44,30,43,43,0],"gold":235,"neow_bonus":"TEN_PERCENT_HP_BONUS","is_prod":false,"is_daily":false,"chose_seed":false,"campfire_upgraded":2,"win_rate":0,"timestamp":1553691394,"path_taken":["M","M","M","?","?","E","?","R","T","E","?","?","E","M","R","BOSS"],"build_version":"2019-01-23","purchased_purges":0,"victory":false,"max_hp_per_floor":[88,88,88,88,81,81,81,81,81,81,81,81,81,81,81,81],"card_choices":[{"not_picked":["Rage","Iron Wave"],"picked":"Clothesline","floor":1},{"not_picked":["Fire Breathing","Feel No Pain","Heavy Blade"],"picked":"SKIP","floor":2},{"not_picked":["Body Slam","Clash"],"picked":"True Grit","floor":3},{"not_picked":["Havoc","Entrench"],"picked":"Shrug It Off","floor":6},{"not_picked":["Evolve","Burning Pact"],"picked":"Pommel Strike","floor":10},{"not_picked":["Anger+1","Clothesline+1"],"picked":"Reaper+1","floor":13},{"not_picked":["Carnage+1","Reckless Charge+1"],"picked":"Headbutt+1","floor":14}],"player_experience":339885,"relics_obtained":[{"floor":6,"key":"Boot"},{"floor":9,"key":"Kunai"},{"floor":10,"key":"Molten Egg 2"},{"floor":12,"key":"Matryoshka"},{"floor":13,"key":"Bag of Marbles"}],"event_choices":[{"damage_healed":0,"gold_gain":0,"player_choice":"Success","damage_taken":7,"relics_obtained":["Bird Faced Urn"],"max_hp_gain":0,"max_hp_loss":0,"event_name":"Scrap Ooze","floor":4,"gold_loss":0},{"damage_healed":0,"gold_gain":0,"player_choice":"Lose Max HP","damage_taken":0,"relics_obtained":["Golden Idol"],"max_hp_gain":0,"max_hp_loss":7,"event_name":"Golden Idol","floor":5,"gold_loss":0},{"damage_healed":20,"gold_gain":0,"player_choice":"Healed","damage_taken":0,"max_hp_gain":0,"max_hp_loss":0,"event_name":"The Cleric","floor":7,"gold_loss":35},{"damage_healed":0,"gold_gain":0,"player_choice":"Ignored","damage_taken":0,"max_hp_gain":0,"max_hp_loss":0,"event_name":"Liars Game","floor":11,"gold_loss":0}],"is_beta":false,"boss_relics":[],"items_purged_floors":[],"is_endless":false,"potions_floor_spawned":[2,6,10],"killed_by":"Hexaghost","ascension_level":3}