{"gold_per_floor":[117,117,132,144,27,27,27,0,0,0,0],"floor_reached":11,"playtime":343,"items_purged":["Decay"],"score":122,"play_id":"63666fee-0fde-43d6-8da2-5d1d357bba09","local_time":"20190918140525","is_ascension_mode":true,"campfire_choices":[{"data":"Coolheaded","floor":6,"key":"SMITH"},{"data":"Static Discharge","floor":10,"key":"SMITH"}],"neow_cost":"NONE","seed_source_timestamp":577592138385557,"circlet_count":0,"master_deck":["AscendersBane","Strike_B","Strike_B","Strike_B","Strike_B","Defend_B","Defend_B","Defend_B","Zap","Dualcast","Coolheaded+1","Gash","Static Discharge+1","Gash"],"special_seed":0,"relics":["Inserter","Question Card"],"potions_floor_usage":[],"damage_taken":[{"damage":4.0,"enemies":"Jaw Worm","floor":1.0,"turns":5.0},{"damage":10,"enemies":"Cultist","floor":3,"turns":5},{"damage":19,"enemies":"Small Slimes","floor":4,"turns":4},{"damage":0,"enemies":"Looter","floor":8,"turns":4},{"damage":25,"enemies":"Large Slime","floor":11,"turns":2}],"seed_played":"6397149629305470577","potions_obtained":[{"floor":4,"key":"Weak Potion"}],"is_trial":false,"path_per_floor":["M","?","M","M","$","R","?","M","T","R","M"],"character_chosen":"DEFECT","items_purchased":["Static Discharge"],"campfire_rested":0,"item_purchase_floors":[5],"current_hp_per_floor":[60,60,50,31,31,31,24,24,24,24,0],"gold":0,"neow_bonus":"BOSS_RELIC","is_prod":false,"is_daily":false,"chose_seed":false,"campfire_upgraded":2,"win_rate":0,"timestamp":1568833525,"path_taken":["M","?","?","M","$","R","?","M","T","R","M"],"build_version":"2019-07-17","purchased_purges":1,"victory":false,"max_hp_per_floor":[71,71,71,71,71,71,71,71,71,71,71],"card_choices":[{"not_picked":["Scrape","Barrage"],"picked":"Coolheaded","floor":1.0},{"not_picked":["Auto Shields","Leap"],"picked":"Gash","floor":3},{"not_picked":["Sweeping Beam","Force Field","Compile Driver"],"picked":"SKIP","floor":4},{"not_picked":["Streamline","Skim"],"picked":"Gash","floor":8}],"player_experience":1352653,"relics_obtained":[{"floor":9,"key":"Question Card"}],"event_choices":[{"damage_healed":0,"gold_gain":0,"player_choice":"Cursed","damage_taken":0,"max_hp_gain":0,"max_hp_loss":0,"event_name":"Wheel of Change","floor":2,"gold_loss":0,"cards_obtained":["Decay"]},{"cards_removed":["Defend_B"],"damage_healed":0,"gold_gain":0,"player_choice":"Card Removal","damage_taken":7,"max_hp_gain":0,"max_hp_loss":0,"event_name":"Golden Wing","floor":7,"gold_loss":0}],"is_beta":false,"boss_relics":[],"items_purged_floors":[5],"is_endless":false,"potions_floor_spawned":[4],"killed_by":"Large Slime","ascension_level":20}