{"gold_per_floor":[118,135,146,163,238,238,16,49,49,73,73,93,93,48,48,149,149,164,164,19,39,49,49],"floor_reached":23,"playtime":1102,"items_purged":["Strike_B","Defend_B"],"score":201,"play_id":"ef482206-2544-4719-8b32-65a6768bf71f","local_time":"20190915162926","is_ascension_mode":true,"campfire_choices":[{"floor":6.0,"key":"DIG"},{"floor":11.0,"key":"DIG"},{"floor":13.0,"key":"DIG"},{"floor":15.0,"key":"REST"}],"neow_cost":"TEN_PERCENT_HP_LOSS","seed_source_timestamp":436178766004843,"circlet_count":0,"master_deck":["Strike_B","Strike_B","Strike_B","Defend_B","Defend_B","Defend_B","Zap","Dualcast","Cold Snap","Gash","Consume","Conserve Battery","Conserve Battery+1","Capacitor","Leap+1","Echo Form","Defragment","Consume+1","Gash","White Noise+1"],"special_seed":0,"relics":["Cracked Core","Shovel","Art of War","Orichalcum","Toxic Egg 2","Boot","Centennial Puzzle","Pen Nib","Inserter"],"potions_floor_usage":[],"damage_taken":[{"damage":1.0,"enemies":"Cultist","floor":1.0,"turns":3.0},{"damage":1.0,"enemies":"Jaw Worm","floor":2.0,"turns":3.0},{"damage":0.0,"enemies":"Small Slimes","floor":3.0,"turns":3.0},{"damage":27.0,"enemies":"Exordium Wildlife","floor":4.0,"turns":5.0},{"damage":18.0,"enemies":"Lagavulin","floor":8.0,"turns":8.0},{"damage":0.0,"enemies":"Looter","floor":12.0,"turns":3.0},{"damage":7.0,"enemies":"The Guardian","floor":16.0,"turns":16.0},{"damage":6.0,"enemies":"Chosen","floor":18.0,"turns":6.0},{"damage":4.0,"enemies":"3 Byrds","floor":21.0,"turns":5.0},{"damage":12.0,"enemies":"Shelled Parasite and Fungi","floor":22.0,"turns":8.0},{"damage":33,"enemies":"Book of Stabbing","floor":23,"turns":8}],"seed_played":"7904416918182485832","potions_obtained":[{"floor":2.0,"key":"LiquidBronze"},{"floor":4.0,"key":"Swift Potion"},{"floor":12.0,"key":"Poison Potion"},{"floor":18.0,"key":"Fruit Juice"}],"is_trial":false,"path_per_floor":["M","M","M","M","?","R","$","E","T","T","R","M","R","$","R","B",null,"M","?","$","M","M","E"],"character_chosen":"DEFECT","items_purchased":["Orichalcum","Leap+1","Gash"],"campfire_rested":1,"item_purchase_floors":[7,14,20],"current_hp_per_floor":[67,66,66,39,28,28,28,10,10,10,10,10,10,10,30,23,68,62,62,62,63,51,18],"gold":49,"neow_bonus":"ONE_RARE_RELIC","is_prod":false,"is_daily":false,"chose_seed":false,"campfire_upgraded":0,"win_rate":0,"timestamp":1568582966,"path_taken":["M","M","?","?","?","R","$","E","T","?","R","M","R","?","R","BOSS","M","?","$","?","M","E"],"build_version":"2019-07-17","purchased_purges":2,"victory":false,"max_hp_per_floor":[68,68,68,68,68,68,68,68,68,68,68,68,68,68,68,68,68,68,68,68,73,73,73],"card_choices":[{"not_picked":["Rebound","Barrage"],"picked":"Cold Snap","floor":1.0},{"not_picked":["Defragment","Genetic Algorithm"],"picked":"Gash","floor":2.0},{"not_picked":["Steam","Double Energy"],"picked":"Consume","floor":3.0},{"not_picked":["Stack","Consume"],"picked":"Conserve Battery","floor":4.0},{"not_picked":["Compile Driver","Rebound"],"picked":"Conserve Battery","floor":8.0},{"not_picked":["Rebound","Fusion+1"],"picked":"Capacitor","floor":12.0},{"not_picked":["Amplify+1","Thunder Strike"],"picked":"Echo Form","floor":16.0},{"not_picked":["Stack+1","Force Field+1"],"picked":"Defragment","floor":18.0},{"not_picked":["Compile Driver","Cold Snap","Aggregate+1"],"picked":"SKIP","floor":21.0},{"not_picked":["Lockon","Leap+1"],"picked":"White Noise+1","floor":22.0}],"player_experience":1278261,"relics_obtained":[{"floor":6.0,"key":"Art of War"},{"floor":8.0,"key":"Toxic Egg 2"},{"floor":9.0,"key":"Boot"},{"floor":11.0,"key":"Centennial Puzzle"},{"floor":13.0,"key":"Pen Nib"}],"event_choices":[{"damage_healed":0.0,"max_hp_gain":0.0,"max_hp_loss":0.0,"gold_gain":75.0,"event_name":"World of Goop","player_choice":"Gather Gold","floor":5.0,"gold_loss":0.0,"damage_taken":11.0},{"damage_healed":0.0,"max_hp_gain":0.0,"max_hp_loss":0.0,"gold_gain":0.0,"event_name":"Duplicator","player_choice":"Copied","floor":19.0,"gold_loss":0.0,"damage_taken":0.0,"cards_obtained":["Consume"]}],"is_beta":false,"boss_relics":[{"not_picked":["Black Star","Runic Dome"],"picked":"Inserter"}],"items_purged_floors":[7,20],"is_endless":false,"potions_floor_spawned":[2,4,12,18],"killed_by":"Book of Stabbing","ascension_level":1}