{"gold_per_floor":[112,112,36,55,55,75,75,128,128,163,1,16,34,48,48,48],"floor_reached":16,"playtime":869,"items_purged":[],"score":102,"play_id":"a3743f83-0d6d-442c-9051-8f1ae647aaa3","local_time":"20180729180008","is_ascension_mode":false,"campfire_choices":[{"floor":7,"key":"REST"},{"floor":15,"key":"REST"}],"neow_cost":"","seed_source_timestamp":12580286346569,"circlet_count":0,"master_deck":["Strike_B","Strike_B","Strike_B","Strike_B+1","Defend_B","Defend_B","Defend_B","Defend_B","Zap+1","Dualcast+1","Cold Snap+1","Doom and Gloom","Leap","Reprogram","Sweeping Beam","Aggregate","Cold Snap","Blizzard","Cold Snap","Coolheaded","Coolheaded","Redo"],"relics":["Cracked Core","Golden Idol","Whetstone","Dream Catcher","Mummified Hand"],"potions_floor_usage":[],"damage_taken":[{"damage":0,"enemies":"2 Louse","floor":1,"turns":2},{"damage":0,"enemies":"Jaw Worm","floor":4,"turns":2},{"damage":0,"enemies":"Small Slimes","floor":6,"turns":2},{"damage":23,"enemies":"Gremlin Nob","floor":10,"turns":4},{"damage":0,"enemies":"2 Fungi Beasts","floor":12,"turns":2},{"damage":13,"enemies":"3 Louse","floor":13,"turns":2},{"damage":8,"enemies":"Blue Slaver","floor":14,"turns":3},{"damage":43,"enemies":"Hexaghost","floor":16,"turns":11}],"seed_played":"-3272963427125957204","potions_obtained":[{"floor":4,"key":"Swift Potion"},{"floor":6,"key":"Block Potion"},{"floor":13,"key":"Strength Potion"},{"floor":14,"key":"AttackPotion"}],"is_trial":false,"path_per_floor":["M","?","$","M","?","M","R","T","T","E","$","M","M","M","R"],"character_chosen":"DEFECT","items_purchased":["Doom and Gloom","Aggregate","Cold Snap","Blizzard"],"campfire_rested":2,"item_purchase_floors":[3,11,11,11],"current_hp_per_floor":[75,60,60,60,42,42,64,64,64,41,41,41,28,20,42,0],"gold":48,"neow_bonus":"","is_prod":false,"is_daily":false,"chose_seed":false,"campfire_upgraded":0,"win_rate":0.0,"timestamp":1532905208,"path_taken":["M","?","$","M","?","M","R","?","T","E","$","M","M","M","R","BOSS"],"build_version":"2018-07-26","purchased_purges":0,"victory":false,"max_hp_per_floor":[75,75,75,75,75,75,75,75,75,75,75,75,75,75,75,75],"card_choices":[{"not_picked":["Blizzard","Defragment"],"picked":"Cold Snap","floor":1},{"not_picked":["Hologram","Cold Snap"],"picked":"Leap","floor":4},{"not_picked":["Stack","Reinforced Body"],"picked":"Reprogram","floor":6},{"not_picked":["Leap","Lockon"],"picked":"Sweeping Beam","floor":10},{"not_picked":["Genetic Algorithm","Static Discharge"],"picked":"Cold Snap","floor":12},{"not_picked":["Force Field","Fusion"],"picked":"Coolheaded","floor":13},{"not_picked":["Cold Snap","Rip and Tear"],"picked":"Coolheaded","floor":14},{"not_picked":["Steam","Hologram"],"picked":"Redo","floor":15}],"player_experience":3975,"relics_obtained":[{"floor":8,"key":"Whetstone"},{"floor":9,"key":"Dream Catcher"},{"floor":10,"key":"Mummified Hand"}],"event_choices":[{"event_name":"Shining Light","player_choice":"Entered Light","floor":2,"damage_taken":0},{"event_name":"Golden Idol","player_choice":"Take Damage","floor":5,"damage_taken":0}],"is_beta":false,"boss_relics":[],"items_purged_floors":[],"is_endless":false,"potions_floor_spawned":[4,6,13,14],"killed_by":"Hexaghost","ascension_level":0}