{"gold_per_floor":[109,124,140,159,177,212,212,238,238,238,188,206,221,253,253,356,356,366,366,366,366,386,386,416,432,432,442,461,491,491,13,13,113,113,131,131,142,162,178,178,203,203,203,203,221,255,83,111,111,111,111,111,111,138,138],"floor_reached":56,"playtime":8698,"items_purged":["Strike_B+1","Strike_B+1"],"score":1508,"play_id":"c0215e68-6328-400b-bf3f-e74acb4e45a3","local_time":"20190919001902","is_ascension_mode":true,"campfire_choices":[{"data":"Gash","floor":7.0,"key":"SMITH"},{"data":"Hologram","floor":15.0,"key":"SMITH"},{"data":"Skim","floor":23.0,"key":"SMITH"},{"data":"FTL","floor":30.0,"key":"SMITH"},{"data":"Master of Strategy","floor":32.0,"key":"SMITH"},{"data":"Machine Learning","floor":40.0,"key":"SMITH"},{"data":"FTL","floor":42.0,"key":"SMITH"},{"floor":49.0,"key":"RECALL"},{"data":"Skim","floor":52.0,"key":"SMITH"}],"neow_cost":"NONE","seed_source_timestamp":0,"circlet_count":0,"master_deck":["Defend_B+1","Defend_B+1","Defend_B+1","Defend_B+1","Zap","Dualcast","Gash+1","Rebound","Hologram+1","Leap","Beam Cell","Skim+1","Go for the Eyes","Recycle","All For One","FTL+1","Go for the Eyes","Go for the Eyes+1","Master of Strategy+1","Machine Learning+1","FTL+1","Gash","Madness","Madness","Skim+1","Gash"],"special_seed":0,"relics":["Cracked Core","Gremlin Horn","Pantograph","Bottled Lightning","Pear","Nuclear Battery","MutagenicStrength","Shuriken","Nunchaku","Ornamental Fan","Bottled Flame","Sozu","Bag of Preparation","Unceasing Top","Bag of Marbles","Centennial Puzzle"],"potions_floor_usage":[55,55,55],"damage_taken":[{"damage":0.0,"enemies":"2 Louse","floor":1.0,"turns":2.0},{"damage":2.0,"enemies":"Small Slimes","floor":2.0,"turns":4.0},{"damage":4.0,"enemies":"Jaw Worm","floor":3.0,"turns":4.0},{"damage":4.0,"enemies":"Blue Slaver","floor":4.0,"turns":3.0},{"damage":11.0,"enemies":"Lots of Slimes","floor":5.0,"turns":6.0},{"damage":5.0,"enemies":"Gremlin Nob","floor":6.0,"turns":3.0},{"damage":32.0,"enemies":"Lagavulin","floor":8.0,"turns":6.0},{"damage":23.0,"enemies":"Exordium Thugs","floor":12.0,"turns":7.0},{"damage":0.0,"enemies":"2 Fungi Beasts","floor":13.0,"turns":2.0},{"damage":13.0,"enemies":"Gremlin Nob","floor":14.0,"turns":4.0},{"damage":51.0,"enemies":"Slime Boss","floor":16.0,"turns":14.0},{"damage":0.0,"enemies":"Chosen","floor":18.0,"turns":3.0},{"damage":2.0,"enemies":"3 Byrds","floor":22.0,"turns":4.0},{"damage":0.0,"enemies":"Gremlin Leader","floor":24.0,"turns":4.0},{"damage":2.0,"enemies":"Cultist and Chosen","floor":25.0,"turns":4.0},{"damage":6.0,"enemies":"3 Cultists","floor":27.0,"turns":4.0},{"damage":10.0,"enemies":"Shelled Parasite and Fungi","floor":28.0,"turns":3.0},{"damage":14.0,"enemies":"Slavers","floor":29.0,"turns":3.0},{"damage":2.0,"enemies":"Champ","floor":33.0,"turns":6.0},{"damage":0.0,"enemies":"3 Shapes","floor":35.0,"turns":2.0},{"damage":4.0,"enemies":"Orb Walker","floor":37.0,"turns":3.0},{"damage":19.0,"enemies":"Spire Growth","floor":38.0,"turns":3.0},{"damage":7.0,"enemies":"3 Darklings","floor":39.0,"turns":2.0},{"damage":0.0,"enemies":"Giant Head","floor":41.0,"turns":3.0},{"damage":0.0,"enemies":"4 Shapes","floor":45.0,"turns":3.0},{"damage":0.0,"enemies":"Reptomancer","floor":46.0,"turns":2.0},{"damage":0.0,"enemies":"Giant Head","floor":48.0,"turns":3.0},{"damage":0.0,"enemies":"Donu and Deca","floor":50.0,"turns":2.0},{"damage":0.0,"enemies":"Shield and Spear","floor":54.0,"turns":3.0},{"damage":62,"enemies":"The Heart","floor":55,"turns":5}],"seed_played":"-1335072898930199151","potions_obtained":[{"floor":2.0,"key":"GamblersBrew"},{"floor":5.0,"key":"Regen Potion"},{"floor":6.0,"key":"Regen Potion"},{"floor":13.0,"key":"Fire Potion"},{"floor":14.0,"key":"Fire Potion"},{"floor":16.0,"key":"Dexterity Potion"},{"floor":25.0,"key":"FearPotion"},{"floor":29.0,"key":"Fire Potion"}],"is_trial":false,"path_per_floor":["M","M","M","M","M","E","R","E","T","?","?","M","M","E","R","B",null,"M","?","?","?","M","R","E","M","T","M","M","E","R","$","R","B",null,"M","?","M","M","M","R","E","R","T","?","M","E","$","E","R","B",null,"R","$","E","B",null],"character_chosen":"DEFECT","items_purchased":["Bottled Flame","Master of Strategy","Skim"],"campfire_rested":0,"item_purchase_floors":[31,31,47],"current_hp_per_floor":[82,80,76,72,61,56,56,24,24,24,24,46,46,43,43,17,92,92,92,92,92,90,90,90,88,88,82,72,58,58,58,58,81,92,92,92,88,69,62,62,62,62,62,50,50,50,50,50,50,75,92,92,92,92,30],"gold":138,"neow_bonus":"TEN_PERCENT_HP_BONUS","is_prod":false,"is_daily":false,"chose_seed":false,"campfire_upgraded":8,"win_rate":0,"timestamp":1568866742,"path_taken":["M","M","M","M","M","E","R","E","T","?","?","M","M","E","R","BOSS","M","?","?","?","M","R","E","?","T","M","?","E","R","?","R","BOSS","M","?","M","M","?","R","E","R","T","?","M","E","?","E","R","BOSS","R","$","E","BOSS"],"build_version":"2019-07-17","purchased_purges":2,"victory":true,"max_hp_per_floor":[82,82,82,82,82,82,82,82,82,82,82,82,82,92,92,92,92,92,92,92,92,92,92,92,92,92,92,92,92,92,92,92,92,92,92,92,92,92,92,92,92,92,92,92,92,92,92,92,92,92,92,92,92,92,92],"card_choices":[{"not_picked":["Rebound","Ball Lightning"],"picked":"Gash","floor":1.0},{"not_picked":["Barrage","Skim"],"picked":"Rebound","floor":2.0},{"not_picked":["Blizzard","Melter"],"picked":"Hologram","floor":3.0},{"not_picked":["Sweeping Beam","Cold Snap"],"picked":"Leap","floor":4.0},{"not_picked":["White Noise","Stack"],"picked":"Beam Cell","floor":5.0},{"not_picked":["Tempest","Blizzard","Consume"],"picked":"SKIP","floor":6.0},{"not_picked":["Doom and Gloom","Blizzard","Rip and Tear"],"picked":"SKIP","floor":8.0},{"not_picked":["Doom and Gloom","Blizzard","Rip and Tear"],"picked":"SKIP","floor":8.0},{"not_picked":["Reinforced Body","Turbo"],"picked":"Skim","floor":12.0},{"not_picked":["Cold Snap","Storm"],"picked":"Go for the Eyes","floor":13.0},{"not_picked":["Electrodynamics","Ball Lightning"],"picked":"Recycle","floor":14.0},{"not_picked":["Multi-Cast","Biased Cognition"],"picked":"All For One","floor":16.0},{"not_picked":["Ball Lightning","Sweeping Beam","Conserve Battery"],"picked":"SKIP","floor":18.0},{"not_picked":["Conserve Battery","Tempest"],"picked":"FTL","floor":22.0},{"not_picked":["Ball Lightning","Redo"],"picked":"Go for the Eyes","floor":24.0},{"not_picked":["Coolheaded","Turbo"],"picked":"Go for the Eyes+1","floor":25.0},{"not_picked":["Compile Driver+1","Ball Lightning","Defragment"],"picked":"SKIP","floor":27.0},{"not_picked":["Chaos","Static Discharge","Chill+1"],"picked":"SKIP","floor":28.0},{"not_picked":["Doom and Gloom","Stack","Rip and Tear"],"picked":"SKIP","floor":29.0},{"not_picked":["Reboot","Hyperbeam"],"picked":"Machine Learning","floor":33.0},{"not_picked":["Cold Snap","Hologram"],"picked":"FTL","floor":35.0},{"not_picked":["Sweeping Beam+1","Compile Driver+1","Force Field+1"],"picked":"SKIP","floor":37.0},{"not_picked":["Ball Lightning+1","Sweeping Beam+1"],"picked":"Gash","floor":38.0},{"not_picked":["Genetic Algorithm+1","Barrage+1","Leap+1"],"picked":"SKIP","floor":39.0},{"not_picked":["Sweeping Beam","Beam Cell","Barrage"],"picked":"SKIP","floor":41.0},{"not_picked":["Lockon","Coolheaded+1","Tempest"],"picked":"SKIP","floor":45.0},{"not_picked":["Barrage","Auto Shields+1","Conserve Battery+1"],"picked":"SKIP","floor":46.0},{"not_picked":["Force Field","Sweeping Beam"],"picked":"Gash","floor":48.0},{"not_picked":["Hyperbeam","Reinforced Body+1","Stack"],"picked":"SKIP","floor":54.0}],"player_experience":222944,"relics_obtained":[{"floor":6.0,"key":"Gremlin Horn"},{"floor":8.0,"key":"Pantograph"},{"floor":9.0,"key":"Bottled Lightning"},{"floor":14.0,"key":"Pear"},{"floor":24.0,"key":"Shuriken"},{"floor":26.0,"key":"Nunchaku"},{"floor":29.0,"key":"Ornamental Fan"},{"floor":41.0,"key":"Bag of Preparation"},{"floor":46.0,"key":"Unceasing Top"},{"floor":48.0,"key":"Bag of Marbles"},{"floor":54.0,"key":"Centennial Puzzle"}],"event_choices":[{"damage_healed":0.0,"max_hp_gain":0.0,"max_hp_loss":0.0,"gold_gain":0.0,"event_name":"Liars Game","player_choice":"Ignored","floor":10.0,"gold_loss":0.0,"damage_taken":0.0},{"cards_removed":["Strike_B"],"damage_healed":0.0,"max_hp_gain":0.0,"max_hp_loss":0.0,"gold_gain":0.0,"event_name":"The Cleric","player_choice":"Card Removal","floor":11.0,"gold_loss":50.0,"damage_taken":0.0},{"damage_healed":0.0,"max_hp_gain":0.0,"max_hp_loss":0.0,"gold_gain":0.0,"event_name":"Back to Basics","player_choice":"Simplicity","floor":19.0,"gold_loss":0.0,"damage_taken":0.0,"cards_upgraded":["Strike_B","Strike_B","Strike_B","Defend_B","Defend_B","Defend_B","Defend_B"]},{"damage_healed":0.0,"max_hp_gain":0.0,"max_hp_loss":0.0,"gold_gain":0.0,"event_name":"Vampires","player_choice":"Ignored","floor":20.0,"gold_loss":0.0,"damage_taken":0.0},{"damage_healed":0.0,"max_hp_gain":0.0,"max_hp_loss":0.0,"gold_gain":0.0,"event_name":"Drug Dealer","player_choice":"Inject Mutagens","floor":21.0,"gold_loss":0.0,"damage_taken":0.0,"relics_obtained":["MutagenicStrength"]},{"cards_removed":["Strike_B"],"damage_healed":0.0,"max_hp_gain":0.0,"max_hp_loss":0.0,"gold_gain":0.0,"event_name":"Purifier","player_choice":"Purged","floor":36.0,"gold_loss":0.0,"damage_taken":0.0},{"damage_healed":0.0,"max_hp_gain":0.0,"max_hp_loss":0.0,"gold_gain":0.0,"event_name":"Winding Halls","player_choice":"Embrace Madness","floor":44.0,"gold_loss":0.0,"damage_taken":12.0,"cards_obtained":["Madness","Madness"]}],"is_beta":false,"boss_relics":[{"not_picked":["Ectoplasm","FrozenCore"],"picked":"Nuclear Battery"},{"not_picked":["White Beast Statue","Busted Crown"],"picked":"Sozu"}],"items_purged_floors":[31,47],"is_endless":false,"potions_floor_spawned":[2,5,6,13,14,16,18,25,29,35,37,39,41,46,54],"ascension_level":1}