{"gold_per_floor":[111,123,133,133,153,179,192,142,142,142,142],"floor_reached":11,"playtime":747,"items_purged":[],"score":75,"play_id":"41db3d2e-254e-4440-b457-c1cf9c823941","local_time":"20190915113558","is_ascension_mode":false,"campfire_choices":[{"data":"Whirlwind","floor":10,"key":"SMITH"}],"neow_cost":"NONE","seed_source_timestamp":568155332544248,"circlet_count":0,"master_deck":["Strike_R","Strike_R","Strike_R","Strike_R","Defend_R","Defend_R","Defend_R","Defend_R","Bash","Uppercut","Whirlwind+1"],"relics":["Burning Blood","Shuriken","Anchor"],"potions_floor_usage":[6,6,11],"damage_taken":[{"damage":10,"enemies":"Cultist","floor":1,"turns":4},{"damage":11,"enemies":"Jaw Worm","floor":2,"turns":2},{"damage":1,"enemies":"2 Louse","floor":3,"turns":2},{"damage":7,"enemies":"2 Fungi Beasts","floor":5,"turns":6},{"damage":40,"enemies":"Lagavulin","floor":6,"turns":6},{"damage":14,"enemies":"Blue Slaver","floor":7,"turns":4},{"damage":34,"enemies":"3 Sentries","floor":11,"turns":6}],"seed_played":"-6950718663498793394","potions_obtained":[{"floor":3,"key":"EssenceOfSteel"},{"floor":5,"key":"Strength Potion"},{"floor":7,"key":"GamblersBrew"}],"is_trial":false,"path_per_floor":["M","M","M","?","M","E","M","?","T","R","E"],"character_chosen":"IRONCLAD","items_purchased":[],"campfire_rested":0,"item_purchase_floors":[],"current_hp_per_floor":[76,71,76,76,75,41,33,33,33,33,0],"gold":142,"neow_bonus":"THREE_CARDS","is_prod":false,"is_daily":false,"chose_seed":false,"campfire_upgraded":1,"win_rate":0,"timestamp":1568561758,"path_taken":["M","M","M","?","M","E","?","?","T","R","E"],"build_version":"2019-07-17","purchased_purges":0,"victory":false,"max_hp_per_floor":[80,80,80,80,80,80,80,80,80,80,80],"card_choices":[{"not_picked":["Headbutt","Pommel Strike"],"picked":"Uppercut","floor":0},{"not_picked":["Shrug It Off","Corruption","Anger"],"picked":"SKIP","floor":1},{"not_picked":["Shrug It Off","Corruption","Anger"],"picked":"SKIP","floor":1},{"not_picked":["Pommel Strike","Warcry","Feel No Pain"],"picked":"SKIP","floor":2},{"not_picked":["Wild Strike","Thunderclap","Anger"],"picked":"SKIP","floor":3},{"not_picked":["Havoc","Warcry","Power Through"],"picked":"SKIP","floor":5},{"not_picked":["Clothesline","Bloodletting"],"picked":"Whirlwind","floor":6},{"not_picked":["Cleave","Rage","Flame Barrier"],"picked":"SKIP","floor":7}],"player_experience":114833,"relics_obtained":[{"floor":6,"key":"Shuriken"},{"floor":9,"key":"Anchor"}],"event_choices":[{"damage_healed":0,"gold_gain":0,"player_choice":"Bought 0 Potions","damage_taken":0,"max_hp_gain":0,"max_hp_loss":0,"event_name":"The Woman in Blue","floor":4,"gold_loss":0},{"cards_removed":["Strike_R"],"damage_healed":0,"gold_gain":0,"player_choice":"Card Removal","damage_taken":0,"max_hp_gain":0,"max_hp_loss":0,"event_name":"The Cleric","floor":8,"gold_loss":50}],"is_beta":false,"boss_relics":[],"items_purged_floors":[],"is_endless":false,"potions_floor_spawned":[3,5,7],"killed_by":"3 Sentries","ascension_level":0}