{"gold_per_floor":[119,119,137,137,150,150,182,182,182,182,182,182,31,62,62,162,162,173,173,14,14,14,14,14],"floor_reached":24,"playtime":857,"items_purged":["Strike_R"],"score":218,"play_id":"bb0cdef7-03bf-4cf5-9be6-7b27d2552ac7","local_time":"20190428041057","is_ascension_mode":true,"campfire_choices":[{"data":"Bash","floor":6,"key":"SMITH"},{"data":"Cleave","floor":10,"key":"SMITH"},{"floor":11,"key":"REST"},{"floor":12,"key":"REST"},{"data":"Uppercut","floor":15,"key":"SMITH"},{"data":"Demon Form","floor":23,"key":"SMITH"}],"neow_cost":"NONE","seed_source_timestamp":351010912085585,"circlet_count":0,"master_deck":["Strike_R","Strike_R","Strike_R","Strike_R","Defend_R","Defend_R+1","Defend_R+1","Defend_R+1","Bash+1","Shrug It Off+1","Clothesline+1","Cleave+1","Seeing Red","Uppercut+1","Demon Form+1","Clumsy","Clumsy","Shrug It Off+1","Impervious","Anger"],"relics":["Burning Blood","Bag of Preparation","War Paint","WingedGreaves","Matryoshka","Art of War","Calling Bell","Smiling Mask","The Courier","Ginger"],"potions_floor_usage":[16],"damage_taken":[{"damage":4,"enemies":"Jaw Worm","floor":1,"turns":4},{"damage":2,"enemies":"2 Louse","floor":3,"turns":4},{"damage":10,"enemies":"Small Slimes","floor":5,"turns":5},{"damage":13,"enemies":"Lagavulin","floor":7,"turns":8},{"damage":11,"enemies":"3 Sentries","floor":14,"turns":6},{"damage":48,"enemies":"Slime Boss","floor":16,"turns":11},{"damage":46,"enemies":"Spheric Guardian","floor":18,"turns":6},{"damage":43,"enemies":"Gremlin Leader","floor":24,"turns":2}],"seed_played":"6947480632317590607","potions_obtained":[{"floor":1,"key":"Fire Potion"},{"floor":14,"key":"SkillPotion"},{"floor":16,"key":"SteroidPotion"}],"is_trial":false,"path_per_floor":["M","?","M","?","M","R","E","?","T","R","R","R","$","E","R","B",null,"M","?","$","?","?","R","E"],"character_chosen":"IRONCLAD","items_purchased":["Seeing Red","Impervious","Anger"],"campfire_rested":2,"item_purchase_floors":[13,20,20],"current_hp_per_floor":[80,64,68,50,46,46,39,39,39,39,63,80,80,75,75,33,80,40,40,40,40,40,40,0],"gold":14,"neow_bonus":"RANDOM_COMMON_RELIC","is_prod":false,"is_daily":false,"chose_seed":false,"campfire_upgraded":4,"win_rate":0,"timestamp":1556442657,"path_taken":["M","?","M","?","M","R","E","?","T","R","R","R","$","E","R","BOSS","M","?","$","?","?","R","E"],"build_version":"2019-01-23","purchased_purges":1,"victory":false,"max_hp_per_floor":[80,80,80,80,80,80,80,80,80,80,80,80,80,80,80,80,80,80,80,80,80,80,80,80],"card_choices":[{"not_picked":["Shockwave","Sword Boomerang"],"picked":"Shrug It Off","floor":1},{"not_picked":["Evolve","Rampage"],"picked":"Clothesline","floor":3},{"not_picked":["Infernal Blade","Body Slam","Sentinel"],"picked":"SKIP","floor":5},{"not_picked":["Rage","Reckless Charge"],"picked":"Cleave","floor":7},{"not_picked":["Reckless Charge","Hemokinesis"],"picked":"Uppercut","floor":14},{"not_picked":["Feed","Fiend Fire"],"picked":"Demon Form","floor":16},{"not_picked":["Body Slam","Sword Boomerang"],"picked":"Shrug It Off+1","floor":18}],"player_experience":98012,"relics_obtained":[{"floor":7,"key":"WingedGreaves"},{"floor":9,"key":"Matryoshka"},{"floor":14,"key":"Art of War"},{"floor":17,"key":"Smiling Mask"},{"floor":17,"key":"The Courier"},{"floor":17,"key":"Ginger"}],"event_choices":[{"damage_healed":0,"gold_gain":0,"player_choice":"Entered Light","damage_taken":16,"max_hp_gain":0,"max_hp_loss":0,"event_name":"Shining Light","floor":2,"gold_loss":0,"cards_upgraded":["Defend_R","Defend_R"]},{"damage_healed":0,"gold_gain":0,"player_choice":"Success","damage_taken":18,"relics_obtained":["War Paint"],"max_hp_gain":0,"max_hp_loss":0,"event_name":"Scrap Ooze","floor":4,"gold_loss":0},{"damage_healed":0,"gold_gain":0,"player_choice":"Grow","damage_taken":0,"max_hp_gain":0,"max_hp_loss":0,"event_name":"Living Wall","floor":8,"gold_loss":0,"cards_upgraded":["Clothesline"]},{"damage_healed":0,"gold_gain":0,"player_choice":"Ignored","damage_taken":0,"max_hp_gain":0,"max_hp_loss":0,"event_name":"Ghosts","floor":19,"gold_loss":0},{"damage_healed":0,"gold_gain":0,"player_choice":"Ignored","damage_taken":0,"max_hp_gain":0,"max_hp_loss":0,"event_name":"Vampires","floor":21,"gold_loss":0},{"cards_removed":["Doubt"],"damage_healed":0,"gold_gain":0,"player_choice":"Elegance","damage_taken":0,"max_hp_gain":0,"max_hp_loss":0,"event_name":"Back to Basics","floor":22,"gold_loss":0}],"is_beta":false,"boss_relics":[{"not_picked":["Empty Cage","Philosopher\u0027s Stone"],"picked":"Calling Bell"}],"items_purged_floors":[13],"is_endless":false,"potions_floor_spawned":[1,14,16],"killed_by":"Gremlin Leader","ascension_level":2}