{"gold_per_floor":[116,127,127,8,19,46,62,62,88,88,51,63,63,63,63,187,187,172,193,193,207,62,62],"floor_reached":23,"playtime":1062,"items_purged":[],"score":210,"play_id":"4ad30f6a-2c3e-41f0-8188-017c150e9dfa","local_time":"20190303224126","is_ascension_mode":true,"campfire_choices":[{"data":"Zap","floor":8.0,"key":"SMITH"},{"floor":10.0,"key":"REST"},{"data":"Defragment","floor":15.0,"key":"SMITH"}],"neow_cost":"PERCENT_DAMAGE","seed_source_timestamp":0,"circlet_count":0,"master_deck":["Strike_B","Strike_B","Strike_B","Strike_B","Defend_B","Defend_B","Defend_B","Defend_B","Zap+1","Dualcast","Coolheaded","FTL","Defragment+1","Storm","Injury","Machine Learning","Go for the Eyes+1"],"special_seed":0,"relics":["Cracked Core","Bag of Marbles","Centennial Puzzle","Golden Idol","Black Star","Vajra","Regal Pillow"],"potions_floor_usage":[23,23],"damage_taken":[{"damage":2.0,"enemies":"Jaw Worm","floor":1.0,"turns":3.0},{"damage":1.0,"enemies":"Cultist","floor":2.0,"turns":4.0},{"damage":8.0,"enemies":"2 Louse","floor":5.0,"turns":4.0},{"damage":16.0,"enemies":"Lagavulin","floor":6.0,"turns":7.0},{"damage":3.0,"enemies":"Blue Slaver","floor":7.0,"turns":4.0},{"damage":1.0,"enemies":"Exordium Thugs","floor":12.0,"turns":4.0},{"damage":43.0,"enemies":"Hexaghost","floor":16.0,"turns":11.0},{"damage":28,"enemies":"2 Thieves","floor":18,"turns":4},{"damage":18,"enemies":"Shell Parasite","floor":19,"turns":10},{"damage":23,"enemies":"Cultist and Chosen","floor":21,"turns":6},{"damage":30,"enemies":"Slavers","floor":23,"turns":3}],"seed_played":"-6359434291929893172","potions_obtained":[{"floor":5.0,"key":"Poison Potion"},{"floor":6.0,"key":"Poison Potion"},{"floor":12.0,"key":"Block Potion"},{"floor":19,"key":"FocusPotion"}],"is_trial":false,"path_per_floor":["M","M","?","$","M","E","M","R","T","R","$","M","$","?","R","B",null,"M","M","?","M","$","E"],"character_chosen":"DEFECT","items_purchased":["Coolheaded","FTL","Defragment","Regal Pillow"],"campfire_rested":1,"item_purchase_floors":[4,4,11,22],"current_hp_per_floor":[66,65,65,65,57,41,38,38,38,64,64,63,63,63,63,20,89,61,43,43,20,20,0],"gold":62,"neow_bonus":"TWENTY_PERCENT_HP_BONUS","is_prod":false,"is_daily":false,"chose_seed":false,"campfire_upgraded":2,"win_rate":0,"timestamp":1551674486,"path_taken":["M","M","?","$","?","E","M","R","T","R","?","M","?","?","R","BOSS","M","M","?","M","$","E"],"build_version":"2019-01-23","purchased_purges":0,"victory":false,"max_hp_per_floor":[89,89,89,89,89,89,89,89,89,89,89,89,89,89,89,89,89,89,89,89,89,89,89],"card_choices":[{"not_picked":["Steam","Turbo","Streamline"],"picked":"SKIP","floor":1.0},{"not_picked":["Static Discharge","Undo","Turbo"],"picked":"SKIP","floor":2.0},{"not_picked":["Hologram","Redo","Turbo"],"picked":"SKIP","floor":5.0},{"not_picked":["Doom and Gloom","Sunder","Rebound"],"picked":"SKIP","floor":6.0},{"not_picked":["Barrage","Leap","Gash"],"picked":"SKIP","floor":7.0},{"not_picked":["Gash","Redo"],"picked":"Storm","floor":12.0},{"not_picked":["All For One","Multi-Cast"],"picked":"Machine Learning","floor":16.0},{"not_picked":["Consume","Stack","Melter+1"],"picked":"SKIP","floor":18},{"not_picked":["Leap","Turbo"],"picked":"Go for the Eyes+1","floor":19},{"not_picked":["Barrage+1","Rip and Tear","Streamline+1"],"picked":"SKIP","floor":21}],"player_experience":331572,"relics_obtained":[{"floor":6.0,"key":"Bag of Marbles"},{"floor":9.0,"key":"Centennial Puzzle"}],"event_choices":[{"damage_healed":0.0,"max_hp_gain":0.0,"max_hp_loss":0.0,"gold_gain":0.0,"event_name":"The Woman in Blue","player_choice":"Bought 0 Potions","floor":3.0,"gold_loss":0.0,"damage_taken":0.0},{"damage_healed":0.0,"max_hp_gain":0.0,"max_hp_loss":0.0,"gold_gain":0.0,"event_name":"Golden Idol","player_choice":"Take Wound","floor":14.0,"gold_loss":0.0,"damage_taken":0.0,"relics_obtained":["Golden Idol"],"cards_obtained":["Injury"]},{"damage_healed":0,"gold_gain":0,"player_choice":"Opened","damage_taken":0,"relics_obtained":["Vajra"],"max_hp_gain":0,"max_hp_loss":0,"event_name":"The Mausoleum","floor":20,"gold_loss":0}],"is_beta":false,"boss_relics":[{"not_picked":["Astrolabe","Coffee Dripper"],"picked":"Black Star"}],"items_purged_floors":[],"is_endless":false,"potions_floor_spawned":[5,6,12,19],"killed_by":"Slavers","ascension_level":2}