{"gold_per_floor":[213,213,163,88,98,132,132,144,224,253,253,271,271,290,290,290],"floor_reached":16,"playtime":572,"items_purged":["Defend_G"],"score":110,"play_id":"9c471f69-5a52-4aed-a5cb-2f2a296da041","local_time":"20190910212304","is_ascension_mode":false,"campfire_choices":[{"floor":7,"key":"REST"},{"floor":11,"key":"REST"},{"data":"Backflip","floor":13,"key":"SMITH"},{"floor":15,"key":"REST"}],"neow_cost":"NONE","seed_source_timestamp":256001938795420,"circlet_count":0,"master_deck":["Strike_G","Strike_G","Strike_G","Strike_G","Defend_G","Defend_G","Defend_G","Survivor","Neutralize","Acrobatics","Backflip+1","Well Laid Plans","Flying Knee"],"special_seed":0,"relics":["Ring of the Snake","Boot","Bottled Lightning","Bag of Preparation"],"potions_floor_usage":[10,12,14],"damage_taken":[{"damage":5.0,"enemies":"2 Louse","floor":1.0,"turns":3.0},{"damage":9,"enemies":"Small Slimes","floor":5,"turns":4},{"damage":49,"enemies":"Gremlin Nob","floor":6,"turns":6},{"damage":1,"enemies":"Cultist","floor":8,"turns":3},{"damage":24,"enemies":"Lagavulin","floor":10,"turns":8},{"damage":4,"enemies":"3 Louse","floor":12,"turns":2},{"damage":2,"enemies":"2 Fungi Beasts","floor":14,"turns":2},{"damage":0,"enemies":"The Guardian","floor":16,"turns":1}],"seed_played":"-2956863787804719801","potions_obtained":[{"floor":8,"key":"Energy Potion"},{"floor":10,"key":"Fire Potion"},{"floor":12,"key":"AttackPotion"},{"floor":14,"key":"Poison Potion"}],"is_trial":false,"path_per_floor":["M","?","?","$","M","E","R","M","T","E","R","M","R","M","R","B"],"character_chosen":"THE_SILENT","items_purchased":[],"campfire_rested":3,"item_purchase_floors":[],"current_hp_per_floor":[65,65,65,65,56,7,28,27,27,3,24,20,20,18,39,39],"gold":290,"neow_bonus":"HUNDRED_GOLD","is_prod":false,"is_daily":false,"chose_seed":false,"campfire_upgraded":1,"win_rate":0,"timestamp":1568168584,"path_taken":["M","?","?","$","M","E","R","M","T","E","R","M","R","M","R","BOSS"],"build_version":"2019-07-17","purchased_purges":1,"victory":false,"max_hp_per_floor":[70,70,70,70,70,70,70,70,70,70,70,70,70,70,70,70],"card_choices":[{"not_picked":["Bane","Flying Knee"],"picked":"Acrobatics","floor":1.0},{"not_picked":["Caltrops","Sucker Punch","Dagger Spray"],"picked":"SKIP","floor":5},{"not_picked":["Terror","PiercingWail","Noxious Fumes"],"picked":"SKIP","floor":6},{"not_picked":["Dagger Spray","Storm of Steel"],"picked":"Backflip","floor":8},{"not_picked":["Tactician","All Out Attack"],"picked":"Well Laid Plans","floor":10},{"not_picked":["Cloak And Dagger","PiercingWail","Bane"],"picked":"SKIP","floor":12},{"not_picked":["Tactician","Catalyst"],"picked":"Flying Knee","floor":14}],"player_experience":1179590,"relics_obtained":[{"floor":6,"key":"Boot"},{"floor":9,"key":"Bottled Lightning"},{"floor":10,"key":"Bag of Preparation"}],"event_choices":[{"cards_removed":["Defend_G"],"damage_healed":0,"gold_gain":0,"player_choice":"Forget","damage_taken":0,"max_hp_gain":0,"max_hp_loss":0,"event_name":"Living Wall","floor":2,"gold_loss":0},{"cards_removed":["Strike_G"],"damage_healed":0,"gold_gain":0,"player_choice":"Card Removal","damage_taken":0,"max_hp_gain":0,"max_hp_loss":0,"event_name":"The Cleric","floor":3,"gold_loss":50}],"is_beta":false,"boss_relics":[],"items_purged_floors":[4],"is_endless":false,"potions_floor_spawned":[8,10,12,14],"killed_by":"The Guardian","ascension_level":0}