{"path_per_floor":["M","M","?","$","M","R","M","?","T","M","R","E","?","M","R","B",null,"M","?","?","M","$","E","?","?","T","R","M","M","M","E","R","B",null,"M","M","M","?","M","E","R","M","T","R","?","$","?","M","R","B"],"character_chosen":"IRONCLAD","items_purchased":["Master of Strategy","Inflame","Block Potion"],"gold_per_floor":[119,139,139,139,152,152,169,169,169,179,179,205,205,220,220,351,351,351,351,351,321,60,60,60,60,60,60,60,60,60,60,60,60,60,60,60,60,60,60,60,60,60,60,60,60,11,11,11,11,11],"floor_reached":51,"campfire_rested":5,"playtime":1813,"current_hp_per_floor":[80,80,80,80,78,78,75,68,68,64,64,72,50,56,83,60,90,90,90,90,82,82,66,66,66,66,66,67,63,55,46,75,56,97,97,97,76,76,55,37,66,63,63,92,92,92,80,67,96,33],"items_purged":[],"gold":11,"score":769,"play_id":"c152c177-62a3-4a7e-a560-e6300d492131","local_time":"20180321192738","is_prod":false,"is_daily":false,"is_ascension_mode":false,"campfire_upgraded":3,"timestamp":1521678458,"path_taken":["M","?","?","?","M","R","M","?","T","M","R","E","?","M","R","BOSS","M","?","?","M","$","E","?","?","T","R","?","M","M","E","R","BOSS","M","?","M","?","M","E","R","M","T","R","?","?","?","M","R","BOSS"],"build_version":"2018-03-15v3","purchased_purges":0,"victory":true,"master_deck":["Strike_R","Defend_R","Defend_R","Defend_R","Inflame+1","Pommel Strike","Flex+1","Headbutt","Sword Boomerang","Spot Weakness+1","Offering","Cleave","Brutality","Master of Strategy","Inflame","Sword Boomerang","Master of Strategy","Headbutt","Spot Weakness","Spot Weakness+1","Pummel+1","Sword Boomerang+1","Pommel Strike","Flex+1","Madness","Madness"],"max_hp_per_floor":[80,80,80,80,80,80,80,80,80,80,80,90,90,90,90,90,90,90,90,90,90,90,97,97,97,97,97,97,97,97,97,97,97,97,97,97,97,97,97,97,97,97,97,97,97,97,97,97,97,97],"relics":["Black Blood","Ice Cream","Pear","Golden Idol","Ectoplasm","Strawberry","Orichalcum","Darkstone Periapt","Du-Vu Doll","Mercury Hourglass"],"card_choices":[{"not_picked":["Armaments","Headbutt"],"picked":"Inflame"},{"not_picked":["Warcry","Headbutt"],"picked":"Pommel Strike"},{"not_picked":["Corruption","Wild Strike"],"picked":"Flex"},{"not_picked":["Warcry","Burning Pact"],"picked":"Headbutt"},{"not_picked":["Pommel Strike","Disarm"],"picked":"Sword Boomerang"},{"not_picked":["Sentinel","Carnage"],"picked":"Spot Weakness"},{"not_picked":["Feed","Fiend Fire"],"picked":"Offering"},{"not_picked":["Thunderclap","True Grit"],"picked":"Cleave"},{"not_picked":["Clothesline","Combust"],"picked":"Brutality"},{"not_picked":["Combust","Disarm"],"picked":"Sword Boomerang"},{"not_picked":["Thunderclap","Twin Strike"],"picked":"Headbutt"},{"not_picked":["Anger","Second Wind"],"picked":"Spot Weakness"},{"not_picked":["Uppercut","Ghostly Armor"],"picked":"Spot Weakness"},{"not_picked":["Anger","Wild Strike"],"picked":"Pummel"},{"not_picked":["Second Wind","Searing Blow"],"picked":"Sword Boomerang"},{"not_picked":["Burning Pact","Battle Trance"],"picked":"Pommel Strike"},{"not_picked":["Thunderclap","Feel No Pain"],"picked":"Flex"}],"player_experience":48468,"potions_floor_usage":[16,16,33,33,40,50,50,50],"damage_taken":[{"damage":1,"enemies":"Cultist","floor":1,"turns":3},{"damage":2,"enemies":"2 Louse","floor":2,"turns":2},{"damage":8,"enemies":"Small Slimes","floor":5,"turns":3},{"damage":9,"enemies":"Blue Slaver","floor":7,"turns":3},{"damage":10,"enemies":"3 Louse","floor":10,"turns":4},{"damage":8,"enemies":"Gremlin Nob","floor":12,"turns":3},{"damage":0,"enemies":"Large Slime","floor":14,"turns":3},{"damage":29,"enemies":"Slime Boss","floor":16,"turns":7},{"damage":5,"enemies":"Spheric Guardian","floor":18,"turns":3},{"damage":14,"enemies":"2 Thieves","floor":21,"turns":3},{"damage":29,"enemies":"Book of Stabbing","floor":23,"turns":3},{"damage":5,"enemies":"Chosen and Byrds","floor":28,"turns":2},{"damage":10,"enemies":"Centurion and Healer","floor":29,"turns":2},{"damage":14,"enemies":"Snecko","floor":30,"turns":3},{"damage":15,"enemies":"Slavers","floor":31,"turns":3},{"damage":25,"enemies":"Champ","floor":33,"turns":3},{"damage":4,"enemies":"Orb Walker","floor":35,"turns":1},{"damage":7,"enemies":"3 Darklings","floor":36,"turns":3},{"damage":31,"enemies":"Sphere and 2 Shapes","floor":37,"turns":3},{"damage":31,"enemies":"Maw","floor":39,"turns":5},{"damage":28,"enemies":"Nemesis","floor":40,"turns":3},{"damage":13,"enemies":"4 Shapes","floor":42,"turns":4},{"damage":23,"enemies":"Sphere and 2 Shapes","floor":48,"turns":3},{"damage":73,"enemies":"Time Eater","floor":50,"turns":5}],"event_choices":[{"event_name":"Liars Game","player_choice":"disagreed","floor":3,"damage_taken":0},{"event_name":"Golden Wing","player_choice":"Card Removal","floor":8,"damage_taken":0},{"event_name":"Golden Idol","player_choice":"Take Damage","floor":13,"damage_taken":0},{"event_name":"Back to Basics","player_choice":"Elegance","floor":19,"damage_taken":0},{"event_name":"The Woman in Blue","player_choice":"Bought 0 Potions","floor":20,"damage_taken":0},{"event_name":"Bonfire Elementals","player_choice":"BASIC","floor":24,"damage_taken":0},{"event_name":"Duplicator","player_choice":"One dupe","floor":25,"damage_taken":0},{"event_name":"Purifier","player_choice":"One Purge","floor":45,"damage_taken":0},{"event_name":"Winding Halls","player_choice":"Embrace Madness","floor":47,"damage_taken":0}],"boss_relics":[{"not_picked":["Lizard Tail","Philosopher\u0027s Stone"],"picked":"Ectoplasm"},{"not_picked":["Velvet Choker","Calling Bell"],"picked":"Black Blood"}],"potions_floor_spawned":[7,12,14,30,31,33,36,39,42],"seed_played":"4357012154665552195","ascension_level":0,"is_trial":false}