{"path_per_floor":["M","M","?","?","T","E","M","R","T","R","M","M","M","M","R"],"character_chosen":"THE_SILENT","items_purchased":[],"gold_per_floor":[114,129,129,129,129,159,174,174,174,174,189,204,219,234,234,234],"floor_reached":16,"campfire_rested":1,"playtime":862,"current_hp_per_floor":[66,66,71,71,71,34,33,70,70,70,70,66,66,54,54,0],"items_purged":[],"gold":234,"score":154,"play_id":"4d50aa84-a844-4c56-9ba2-2ba21c955fcf","local_time":"20180427235508","daily_mods":["Insanity","Time Dilation","Night Terrors"],"is_prod":false,"is_daily":true,"chose_seed":false,"is_ascension_mode":false,"campfire_upgraded":2,"timestamp":1524891308,"path_taken":["M","?","?","?","?","E","M","R","T","R","M","M","M","M","R","BOSS"],"build_version":"2018-04-26","seed_source_timestamp":0,"purchased_purges":0,"victory":false,"master_deck":["After Image","Well Laid Plans","A Thousand Cuts","Expertise","Bane","After Image","Cloak And Dagger","Quick Slash","Envenom","Riddle With Holes","Heel Hook","Night Terror","A Thousand Cuts","Phantasmal Killer","Calculated Gamble","Corpse Explosion","Corpse Explosion","Unload","Prepared","Deflect","Finisher","Leg Sweep","Storm of Steel","Well Laid Plans","Outmaneuver","Tools of the Trade","Flying Knee+1","Backstab+1","Blade Dance+1","Phantasmal Killer","PiercingWail","Masterful Stab","Blur","Dagger Spray","Unload","All Out Attack","Setup","Noxious Fumes","Corpse Explosion","Predator","A Thousand Cuts","Quick Slash","Tactician","Deflect","Setup","Noxious Fumes","Bane","Tools of the Trade","Skewer","Neutralize","Flying Knee","Concentrate"],"max_hp_per_floor":[70,70,75,75,75,75,75,70,70,70,70,70,70,70,70,70],"relics":["Ring of the Snake","Bottled Flame","Torii","Smiling Mask"],"card_choices":[{"not_picked":["Finisher","Backflip"],"picked":"Flying Knee","floor":1},{"not_picked":["Expertise","Night Terror"],"picked":"Concentrate","floor":6}],"player_experience":2592,"potions_floor_usage":[13,16],"damage_taken":[{"damage":4,"enemies":"Cultist","floor":1,"turns":3},{"damage":0,"enemies":"2 Louse","floor":2,"turns":1},{"damage":37,"enemies":"Gremlin Nob","floor":6,"turns":5},{"damage":1,"enemies":"Small Slimes","floor":7,"turns":2},{"damage":0,"enemies":"Blue Slaver","floor":11,"turns":1},{"damage":4,"enemies":"Lots of Slimes","floor":12,"turns":3},{"damage":0,"enemies":"Large Slime","floor":13,"turns":2},{"damage":12,"enemies":"Blue Slaver","floor":14,"turns":2},{"damage":55,"enemies":"The Guardian","floor":16,"turns":6}],"event_choices":[{"event_name":"Big Fish","player_choice":"Donut","floor":3,"damage_taken":0},{"event_name":"Upgrade Shrine","player_choice":"Upgraded","floor":4,"damage_taken":0}],"boss_relics":[],"potions_floor_spawned":[1,2,11],"seed_played":"8797904352761270822","killed_by":"The Guardian","ascension_level":0,"is_trial":false}