{"gold_per_floor":[116,191,191,191,201,236,236,251,278,278,197,197,182,201,201,306,306,324,66,66,66,66,66,66],"floor_reached":24,"playtime":696,"items_purged":[],"score":242,"play_id":"9defe0fd-8349-43ea-87be-38c420b34c4d","local_time":"20190423032036","is_ascension_mode":false,"campfire_choices":[{"data":"Loop","floor":7,"key":"SMITH"},{"data":"Loop","floor":10,"key":"SMITH"},{"floor":15,"key":"REST"},{"data":"Defragment","floor":23,"key":"SMITH"}],"neow_cost":"CURSE","seed_source_timestamp":526096505716989,"circlet_count":0,"master_deck":["Strike_B","Strike_B","Strike_B","Strike_B","Defend_B","Defend_B","Defend_B","Defend_B","Zap","Dualcast","Clumsy","Loop+1","Loop+1","Steam","Core Surge","Loop+1","Streamline","Defragment+1","Lockon+1","Shame"],"relics":["Cracked Core","Thread and Needle","Oddly Smooth Stone","Bag of Preparation","Eternal Feather","Bottled Tornado","Ornamental Fan","Symbiotic Virus"],"potions_floor_usage":[16,16],"damage_taken":[{"damage":0,"enemies":"Small Slimes","floor":1,"turns":3},{"damage":3,"enemies":"Jaw Worm","floor":5,"turns":4},{"damage":30,"enemies":"Lagavulin","floor":6,"turns":7},{"damage":0,"enemies":"Cultist","floor":8,"turns":3},{"damage":13,"enemies":"Exordium Thugs","floor":13,"turns":5},{"damage":0,"enemies":"3 Louse","floor":14,"turns":3},{"damage":0,"enemies":"The Guardian","floor":16,"turns":9},{"damage":16,"enemies":"Spheric Guardian","floor":18,"turns":4},{"damage":75,"enemies":"Gremlin Leader","floor":24,"turns":5}],"seed_played":"4774502530843204991","potions_obtained":[{"floor":3,"key":"FearPotion"},{"floor":3,"key":"Dexterity Potion"},{"floor":3,"key":"SneckoOil"},{"floor":6,"key":"SpeedPotion"},{"floor":14,"key":"SpeedPotion"},{"floor":16,"key":"Explosive Potion"}],"is_trial":false,"path_per_floor":["M","?","?","$","M","E","R","M","T","R","$","?","M","M","R","B",null,"M","$","?","T","$","R","E"],"character_chosen":"DEFECT","items_purchased":["Loop","Bottled Tornado"],"campfire_rested":1,"item_purchase_floors":[11,19],"current_hp_per_floor":[75,64,64,64,61,31,31,31,31,31,31,31,18,18,40,40,75,59,59,59,59,59,71,0],"gold":66,"neow_bonus":"ONE_RARE_RELIC","is_prod":false,"is_daily":false,"chose_seed":false,"campfire_upgraded":3,"win_rate":0.0,"timestamp":1556007636,"path_taken":["M","?","?","$","M","E","R","?","T","R","$","?","M","M","R","BOSS","M","$","?","?","$","R","E"],"build_version":"2019-01-23","purchased_purges":0,"victory":false,"max_hp_per_floor":[75,75,75,75,75,75,75,75,75,75,75,75,75,75,75,75,75,75,75,75,75,75,75,75],"card_choices":[{"not_picked":["Compile Driver","Gash"],"picked":"Loop","floor":1},{"not_picked":["Lockon","Coolheaded"],"picked":"Loop","floor":5},{"not_picked":["Stack","Redo"],"picked":"Steam","floor":6},{"not_picked":["Auto Shields","Hologram"],"picked":"Core Surge","floor":8},{"not_picked":["Heatsinks","Hologram"],"picked":"Streamline","floor":13},{"not_picked":["Coolheaded","Compile Driver"],"picked":"Defragment","floor":14},{"not_picked":["Sunder","Hologram"],"picked":"Lockon+1","floor":18}],"player_experience":76890,"relics_obtained":[{"floor":6,"key":"Oddly Smooth Stone"},{"floor":9,"key":"Bag of Preparation"},{"floor":21,"key":"Symbiotic Virus"}],"event_choices":[{"damage_healed":0,"gold_gain":75,"player_choice":"Gather Gold","damage_taken":11,"max_hp_gain":0,"max_hp_loss":0,"event_name":"World of Goop","floor":2,"gold_loss":0},{"damage_healed":0,"gold_gain":0,"player_choice":"Got Potions","damage_taken":0,"max_hp_gain":0,"max_hp_loss":0,"event_name":"Lab","floor":3,"gold_loss":0},{"damage_healed":0,"gold_gain":0,"player_choice":"Grow","damage_taken":0,"max_hp_gain":0,"max_hp_loss":0,"event_name":"Living Wall","floor":12,"gold_loss":0,"cards_upgraded":["Loop"]},{"damage_healed":0,"gold_gain":0,"player_choice":"Stole Relic","damage_taken":0,"relics_obtained":["Ornamental Fan"],"max_hp_gain":0,"max_hp_loss":0,"event_name":"Addict","floor":20,"gold_loss":0,"cards_obtained":["Shame"]}],"is_beta":false,"boss_relics":[{"not_picked":["Fusion Hammer","White Beast Statue"],"picked":"Eternal Feather"}],"items_purged_floors":[],"is_endless":false,"potions_floor_spawned":[5,6,14,16],"killed_by":"Gremlin Leader","ascension_level":0}