{"path_per_floor":["M","M","M","M","$","E","M","M","T","M","M","?","$","M","R"],"character_chosen":"IRONCLAD","items_purchased":["Feel No Pain","Blood Vial"],"gold_per_floor":[139,157,168,184,31,90,110,125,148,165,176,176,20,45,45,45],"floor_reached":16,"campfire_rested":1,"playtime":738,"current_hp_per_floor":[84,84,87,74,74,46,46,38,38,29,13,13,13,15,56,0],"items_purged":["Strike_R"],"gold":45,"score":108,"play_id":"8903d6fb-f20c-482e-bfda-5d46327547a3","local_time":"20180409094633","is_prod":false,"is_daily":false,"is_ascension_mode":false,"campfire_upgraded":0,"timestamp":1523285193,"path_taken":["M","M","M","M","$","E","M","M","T","?","M","?","$","M","R","BOSS"],"build_version":"2018-04-05v2","purchased_purges":1,"victory":false,"master_deck":["Strike_R","Strike_R","Strike_R","Strike_R","Defend_R","Defend_R","Defend_R","Defend_R","Bash+1","Infernal Blade","Shrug It Off","Pommel Strike","Dark Embrace","Burning Pact","Feel No Pain","Warcry","Flex","Evolve","Power Through","Injury"],"max_hp_per_floor":[85,85,88,88,88,88,88,88,88,88,88,88,88,88,88,88],"relics":["Tiny House","Tiny Chest","Regal Pillow","Golden Idol","Blood Vial"],"card_choices":[{"not_picked":["Anger","Twin Strike"],"picked":"Infernal Blade","floor":0},{"not_picked":["Searing Blow","Disarm"],"picked":"Shrug It Off","floor":1},{"not_picked":["Havoc","Iron Wave"],"picked":"Pommel Strike","floor":2},{"not_picked":["Whirlwind","Anger"],"picked":"Dark Embrace","floor":3},{"not_picked":["Perfected Strike","Clash"],"picked":"Burning Pact","floor":4},{"not_picked":["Dropkick","Heavy Blade"],"picked":"Warcry","floor":6},{"not_picked":["Wild Strike","Thunderclap"],"picked":"Flex","floor":7},{"not_picked":["Havoc","Iron Wave"],"picked":"Evolve","floor":8},{"not_picked":["Twin Strike","Armaments"],"picked":"Power Through","floor":11}],"player_experience":154422,"potions_floor_usage":[6,7,11,14],"damage_taken":[{"damage":1,"enemies":"Cultist","floor":1,"turns":3},{"damage":0,"enemies":"Jaw Worm","floor":2,"turns":3},{"damage":0,"enemies":"2 Louse","floor":3,"turns":3},{"damage":13,"enemies":"Lots of Slimes","floor":4,"turns":5},{"damage":28,"enemies":"Gremlin Nob","floor":6,"turns":5},{"damage":0,"enemies":"3 Louse","floor":7,"turns":1},{"damage":8,"enemies":"2 Fungi Beasts","floor":8,"turns":4},{"damage":9,"enemies":"Blue Slaver","floor":10,"turns":6},{"damage":16,"enemies":"Exordium Wildlife","floor":11,"turns":5},{"damage":0,"enemies":"Looter","floor":14,"turns":3},{"damage":60,"enemies":"The Guardian","floor":16,"turns":17}],"event_choices":[{"event_name":"Golden Idol","player_choice":"Take Wound","floor":12,"damage_taken":0}],"boss_relics":[],"potions_floor_spawned":[1,7,8,10],"seed_played":"-421372709796776372","killed_by":"The Guardian","ascension_level":0,"is_trial":false}