{"gold_per_floor":[117,134,147,167,185,220,220,237,237,266,266,284,315,25,25,120,120,140,158,189,189,189,189,204,224,248,248,272,307,85,96,96,198,198,217,81,94,94,107,133,133,149,149,177,177,177,211,228,228,228,228,228,81,111,111],"floor_reached":56,"playtime":8056,"items_purged":["Strike_R","Strike_R"],"score":1675,"play_id":"bd025149-c749-4500-9678-d5b9a937f531","local_time":"20190920100503","is_ascension_mode":true,"campfire_choices":[{"data":"True Grit","floor":7.0,"key":"SMITH"},{"floor":11.0,"key":"REST"},{"data":"Armaments","floor":15.0,"key":"SMITH"},{"data":"Corruption","floor":23.0,"key":"SMITH"},{"data":"Heavy Blade","floor":27.0,"key":"SMITH"},{"data":"Inflame","floor":32.0,"key":"SMITH"},{"data":"Feel No Pain","floor":41,"key":"SMITH"},{"floor":45,"key":"RECALL"},{"data":"Shrug It Off","floor":49,"key":"SMITH"},{"data":"Shockwave","floor":52,"key":"SMITH"}],"neow_cost":"TEN_PERCENT_HP_LOSS","seed_source_timestamp":0,"circlet_count":0,"master_deck":["Strike_R","Strike_R","Defend_R","Defend_R","Defend_R","Defend_R","Bash","Heavy Blade+1","Headbutt","True Grit+1","Shockwave+1","Flex","Armaments+1","Double Tap","Shrug It Off+1","Fiend Fire+1","Impervious","Inflame+1","Corruption+1","Exhume","Feel No Pain+1","Battle Trance+1","Evolve"],"special_seed":0,"relics":["Burning Blood","Charon\u0027s Ashes","Shuriken","Molten Egg 2","Pocketwatch","Bronze Scales","Dead Branch","Philosopher\u0027s Stone","Red Mask","MutagenicStrength","Oddly Smooth Stone","Strawberry","Gambling Chip","Bag of Marbles","Busted Crown","Du-Vu Doll","Question Card","Meat on the Bone","Ice Cream"],"potions_floor_usage":[50,55,55,55,55,55],"damage_taken":[{"damage":6.0,"enemies":"Cultist","floor":1.0,"turns":3.0},{"damage":1.0,"enemies":"2 Louse","floor":2.0,"turns":3.0},{"damage":8.0,"enemies":"Small Slimes","floor":3.0,"turns":3.0},{"damage":10.0,"enemies":"Looter","floor":4.0,"turns":3.0},{"damage":8.0,"enemies":"Blue Slaver","floor":5.0,"turns":4.0},{"damage":27.0,"enemies":"Gremlin Nob","floor":6.0,"turns":5.0},{"damage":15.0,"enemies":"Exordium Thugs","floor":8.0,"turns":5.0},{"damage":25.0,"enemies":"3 Sentries","floor":10.0,"turns":8.0},{"damage":2.0,"enemies":"3 Louse","floor":12.0,"turns":3.0},{"damage":15.0,"enemies":"Lagavulin","floor":13.0,"turns":4.0},{"damage":18.0,"enemies":"Hexaghost","floor":16.0,"turns":4.0},{"damage":0.0,"enemies":"Shell Parasite","floor":18.0,"turns":2.0},{"damage":10.0,"enemies":"Chosen","floor":19.0,"turns":2.0},{"damage":8.0,"enemies":"Masked Bandits","floor":20.0,"turns":3.0},{"damage":5.0,"enemies":"Shelled Parasite and Fungi","floor":24.0,"turns":3.0},{"damage":0.0,"enemies":"Snake Plant","floor":25.0,"turns":2.0},{"damage":0.0,"enemies":"Gremlin Leader","floor":29.0,"turns":5.0},{"damage":6.0,"enemies":"Centurion and Healer","floor":31.0,"turns":2.0},{"damage":0.0,"enemies":"Champ","floor":33.0,"turns":3.0},{"damage":0.0,"enemies":"3 Shapes","floor":35.0,"turns":3.0},{"damage":0.0,"enemies":"Orb Walker","floor":37.0,"turns":2.0},{"damage":0.0,"enemies":"4 Shapes","floor":39.0,"turns":4.0},{"damage":1.0,"enemies":"Reptomancer","floor":40.0,"turns":2.0},{"damage":0,"enemies":"3 Darklings","floor":42,"turns":3},{"damage":0,"enemies":"Nemesis","floor":44,"turns":3},{"damage":0,"enemies":"Reptomancer","floor":47,"turns":1},{"damage":0,"enemies":"Jaw Worm Horde","floor":48,"turns":1},{"damage":54,"enemies":"Awakened One","floor":50,"turns":8},{"damage":8,"enemies":"Shield and Spear","floor":54,"turns":5},{"damage":5,"enemies":"The Heart","floor":55,"turns":5}],"seed_played":"-481496742237737403","potions_obtained":[{"floor":3.0,"key":"Dexterity Potion"},{"floor":6.0,"key":"BloodPotion"},{"floor":10.0,"key":"EntropicBrew"},{"floor":12.0,"key":"Strength Potion"},{"floor":13.0,"key":"Strength Potion"},{"floor":20.0,"key":"AttackPotion"},{"floor":29.0,"key":"Poison Potion"},{"floor":33.0,"key":"Fruit Juice"},{"floor":35.0,"key":"Ancient Potion"},{"floor":37.0,"key":"Swift Potion"}],"is_trial":false,"path_per_floor":["M","M","M","M","M","E","R","M","T","E","R","M","E","$","R","B",null,"M","M","?","?","?","R","M","M","T","R","T","E","$","M","R","B",null,"M","$","M","?","M","E","R","M","T","E","R","?","E","M","R","B",null,"R","$","E","B",null],"character_chosen":"IRONCLAD","items_purchased":["Dead Branch","Bag of Marbles","Feel No Pain","Ancient Potion","Evolve"],"campfire_rested":1,"item_purchase_floors":[14,30,36,53,53],"current_hp_per_floor":[72,72,70,66,64,43,43,52,52,33,54,58,49,49,49,37,72,72,68,66,66,66,66,67,72,72,72,79,79,79,79,79,79,79,84,84,84,80,80,80,80,80,80,80,80,80,80,80,80,44,80,80,80,78,79],"gold":111,"neow_bonus":"ONE_RARE_RELIC","is_prod":false,"is_daily":false,"chose_seed":false,"campfire_upgraded":8,"win_rate":0,"timestamp":1568941503,"path_taken":["M","M","M","M","?","E","R","M","T","E","R","M","E","$","R","BOSS","M","M","?","?","?","R","M","M","T","R","?","E","$","?","R","BOSS","M","$","M","?","M","E","R","M","T","E","R","?","E","M","R","BOSS","R","$","E","BOSS"],"build_version":"2019-07-17","purchased_purges":2,"victory":true,"max_hp_per_floor":[72,72,72,72,72,72,72,72,72,72,72,72,72,72,72,72,72,72,72,72,72,72,72,72,72,72,72,79,79,79,79,79,79,79,84,84,84,80,80,80,80,80,80,80,80,80,80,80,80,80,80,80,80,80,80],"card_choices":[{"not_picked":["Sword Boomerang","Havoc"],"picked":"Heavy Blade","floor":1.0},{"not_picked":["Perfected Strike","Havoc"],"picked":"Headbutt","floor":2.0},{"not_picked":["Dropkick","Feel No Pain"],"picked":"True Grit","floor":3.0},{"not_picked":["Clash","Havoc"],"picked":"Shockwave","floor":4.0},{"not_picked":["Iron Wave","Wild Strike","Clothesline"],"picked":"SKIP","floor":5.0},{"not_picked":["Uppercut","Warcry"],"picked":"Flex","floor":6.0},{"not_picked":["Headbutt","Wild Strike"],"picked":"Armaments","floor":8.0},{"not_picked":["Wild Strike+1","Perfected Strike+1"],"picked":"Double Tap","floor":10.0},{"not_picked":["Thunderclap+1","Havoc"],"picked":"Shrug It Off","floor":12.0},{"not_picked":["Combust","Thunderclap+1"],"picked":"Fiend Fire+1","floor":13.0},{"not_picked":["Bludgeon+1","Feed+1"],"picked":"Impervious","floor":16.0},{"not_picked":["Wild Strike+1","Clothesline+1","Armaments+1"],"picked":"SKIP","floor":18.0},{"not_picked":["Body Slam+1","Anger+1","Shrug It Off"],"picked":"SKIP","floor":19.0},{"not_picked":["Thunderclap+1","Cleave+1"],"picked":"Inflame","floor":20.0},{"not_picked":["Clash+1","Shrug It Off","Shockwave"],"picked":"SKIP","floor":24.0},{"not_picked":["Wild Strike+1","Uppercut+1","Thunderclap+1"],"picked":"SKIP","floor":25.0},{"not_picked":["Dark Embrace","Intimidate","Rampage+1"],"picked":"SKIP","floor":29.0},{"not_picked":["Metallicize","Armaments","Wild Strike+1"],"picked":"SKIP","floor":31.0},{"not_picked":["Immolate+1","Barricade"],"picked":"Exhume","floor":33.0},{"not_picked":["Havoc+1"],"picked":"SKIP","floor":35.0},{"not_picked":["Iron Wave+1"],"picked":"SKIP","floor":37.0},{"not_picked":["Shrug It Off"],"picked":"SKIP","floor":39.0},{"not_picked":["Anger+1"],"picked":"SKIP","floor":40.0},{"not_picked":["Warcry+1"],"picked":"SKIP","floor":42},{"not_picked":["Twin Strike+1"],"picked":"SKIP","floor":44},{"not_picked":["Clash+1"],"picked":"Battle Trance+1","floor":47},{"not_picked":["Body Slam+1","Havoc+1"],"picked":"SKIP","floor":48},{"not_picked":["Inflame+1","Havoc"],"picked":"SKIP","floor":54}],"player_experience":262211,"relics_obtained":[{"floor":6.0,"key":"Shuriken"},{"floor":9.0,"key":"Molten Egg 2"},{"floor":10.0,"key":"Pocketwatch"},{"floor":13.0,"key":"Bronze Scales"},{"floor":20.0,"key":"Red Mask"},{"floor":26.0,"key":"Oddly Smooth Stone"},{"floor":28.0,"key":"Strawberry"},{"floor":29.0,"key":"Gambling Chip"},{"floor":40.0,"key":"Du-Vu Doll"},{"floor":44,"key":"Question Card"},{"floor":47,"key":"Meat on the Bone"},{"floor":54,"key":"Ice Cream"}],"event_choices":[{"damage_healed":0.0,"max_hp_gain":0.0,"max_hp_loss":0.0,"gold_gain":0.0,"event_name":"Masked Bandits","player_choice":"Fought Bandits","floor":20.0,"gold_loss":0.0,"damage_taken":0.0},{"damage_healed":0.0,"max_hp_gain":0.0,"max_hp_loss":0.0,"gold_gain":0.0,"event_name":"The Library","player_choice":"Read","floor":21.0,"gold_loss":0.0,"damage_taken":0.0,"cards_obtained":["Corruption"]},{"damage_healed":0.0,"max_hp_gain":0.0,"max_hp_loss":0.0,"gold_gain":0.0,"event_name":"Drug Dealer","player_choice":"Inject Mutagens","floor":22.0,"gold_loss":0.0,"damage_taken":0.0,"relics_obtained":["MutagenicStrength"]},{"damage_healed":0.0,"max_hp_gain":0.0,"max_hp_loss":4.0,"gold_gain":0.0,"event_name":"Winding Halls","player_choice":"Max HP","floor":38.0,"gold_loss":0.0,"damage_taken":0.0},{"cards_removed":["Strike_R"],"damage_healed":0,"gold_gain":0,"player_choice":"Removed Attack","damage_taken":0,"max_hp_gain":0,"max_hp_loss":0,"event_name":"Falling","floor":46,"gold_loss":0}],"is_beta":false,"boss_relics":[{"not_picked":["Snecko Eye","White Beast Statue"],"picked":"Philosopher\u0027s Stone"},{"not_picked":["Runic Dome","Sozu"],"picked":"Busted Crown"}],"items_purged_floors":[30,36],"is_endless":false,"potions_floor_spawned":[3,6,10,12,13,20,29,33,35,37,40,47,54],"ascension_level":4}