{"gold_per_floor":[115,115,128,128,146,146,73,108,108,119,131,9,37,37,37,138,138,151,169,169,169,184,184,109,109,134,74,74,101,101,112,112,212,212,226,57,57],"floor_reached":37,"playtime":1137,"items_purged":["Regret"],"score":395,"play_id":"53fb25f1-fdf9-4049-af05-e1a5dd02d92c","local_time":"20190419221429","is_ascension_mode":false,"campfire_choices":[{"data":"Zap","floor":6,"key":"SMITH"},{"floor":15,"key":"REST"},{"floor":23,"key":"REST"},{"data":"Loop","floor":25,"key":"SMITH"},{"data":"Defragment","floor":28,"key":"SMITH"},{"floor":30,"key":"REST"},{"floor":32,"key":"REST"}],"neow_cost":"NONE","seed_source_timestamp":248087644209078,"circlet_count":0,"master_deck":["Strike_B","Defend_B","Defend_B","Defend_B","Defend_B","Zap+1","Dualcast","FTL","Tempest","Cold Snap","Defragment+1","Capacitor","Gash","Redo","Loop+1","Creative AI","Thunder Strike","Leap+1","Ball Lightning","Reinforced Body","Doom and Gloom","Meteor Strike","Storm+1","Heatsinks","Buffer","Cold Snap+1","Defragment"],"relics":["Cracked Core","NeowsBlessing","Torii","Bird Faced Urn","The Courier","Ice Cream","Anchor","Black Star","PreservedInsect","Happy Flower","Ancient Tea Set","Inserter","Lantern"],"potions_floor_usage":[33,33],"damage_taken":[{"damage":0,"enemies":"Cultist","floor":1,"turns":1},{"damage":0,"enemies":"2 Louse","floor":3,"turns":1},{"damage":0,"enemies":"Small Slimes","floor":5,"turns":1},{"damage":26,"enemies":"Gremlin Nob","floor":8,"turns":4},{"damage":13,"enemies":"Blue Slaver","floor":10,"turns":3},{"damage":8,"enemies":"Looter","floor":11,"turns":3},{"damage":12,"enemies":"Lagavulin","floor":13,"turns":6},{"damage":15,"enemies":"Hexaghost","floor":16,"turns":10},{"damage":32,"enemies":"Spheric Guardian","floor":18,"turns":5},{"damage":9,"enemies":"Chosen","floor":19,"turns":5},{"damage":40,"enemies":"Snecko","floor":22,"turns":6},{"damage":42,"enemies":"Book of Stabbing","floor":29,"turns":5},{"damage":21,"enemies":"Snake Plant","floor":31,"turns":3},{"damage":58,"enemies":"Collector","floor":33,"turns":7},{"damage":11,"enemies":"3 Shapes","floor":35,"turns":4},{"damage":88,"enemies":"2 Orb Walkers","floor":37,"turns":5}],"seed_played":"-9087990274254804652","potions_obtained":[{"floor":1,"key":"Explosive Potion"},{"floor":10,"key":"AttackPotion"},{"floor":11,"key":"Fire Potion"},{"floor":19,"key":"Regen Potion"},{"floor":33,"key":"Strength Potion"},{"floor":35,"key":"AttackPotion"}],"is_trial":false,"path_per_floor":["M","?","M","?","M","R","$","E","T","M","M","$","E","$","R","B",null,"M","M","?","?","M","R","?","R","T","?","R","E","R","M","R","B",null,"M","$","?"],"character_chosen":"DEFECT","items_purchased":["Defragment","Loop","Defragment","Lantern"],"campfire_rested":4,"item_purchase_floors":[7,12,36,36],"current_hp_per_floor":[75,75,75,75,75,75,75,51,51,42,38,38,32,32,54,59,75,51,56,47,47,23,45,45,45,45,45,45,9,31,18,40,5,75,69,69,0],"gold":57,"neow_bonus":"THREE_ENEMY_KILL","is_prod":false,"is_daily":false,"chose_seed":false,"campfire_upgraded":3,"win_rate":0.0,"timestamp":1555730069,"path_taken":["M","?","M","?","?","R","$","E","T","M","M","$","E","$","R","BOSS","M","M","?","?","M","R","?","R","T","?","R","E","R","M","R","BOSS","M","$","?"],"build_version":"2019-01-23","purchased_purges":1,"victory":false,"max_hp_per_floor":[75,75,75,75,75,75,75,75,75,75,75,75,75,75,75,75,75,75,75,75,75,75,75,75,75,75,75,75,75,75,75,75,75,75,75,75,75],"card_choices":[{"not_picked":["Chill","Rebound"],"picked":"FTL","floor":1},{"not_picked":["Scrape","Sunder"],"picked":"Tempest","floor":3},{"not_picked":["Coolheaded","Heatsinks"],"picked":"Cold Snap","floor":5},{"not_picked":["Meteor Strike","Beam Cell"],"picked":"Capacitor","floor":8},{"not_picked":["Go for the Eyes","Rebound"],"picked":"Gash","floor":10},{"not_picked":["Stack","Recycle"],"picked":"Redo","floor":11},{"not_picked":["Compile Driver","Heatsinks"],"picked":"Creative AI","floor":13},{"not_picked":["Multi-Cast","Biased Cognition"],"picked":"Thunder Strike","floor":16},{"not_picked":["Barrage","Doom and Gloom"],"picked":"Leap+1","floor":18},{"not_picked":["Hologram","Reboot"],"picked":"Ball Lightning","floor":19},{"not_picked":["Hologram","Chill"],"picked":"Reinforced Body","floor":22},{"not_picked":["All For One","Cold Snap"],"picked":"Storm+1","floor":29},{"not_picked":["Conserve Battery","Redo"],"picked":"Heatsinks","floor":31},{"not_picked":["Seek","Echo Form"],"picked":"Buffer","floor":33},{"not_picked":["Scrape","Capacitor+1"],"picked":"Cold Snap+1","floor":35}],"player_experience":65940,"relics_obtained":[{"floor":4,"key":"Bird Faced Urn"},{"floor":8,"key":"The Courier"},{"floor":9,"key":"Ice Cream"},{"floor":13,"key":"Anchor"},{"floor":26,"key":"PreservedInsect"},{"floor":29,"key":"Happy Flower"},{"floor":29,"key":"Ancient Tea Set"}],"event_choices":[{"damage_healed":0,"gold_gain":0,"player_choice":"Box","damage_taken":0,"relics_obtained":["Torii"],"max_hp_gain":0,"max_hp_loss":0,"event_name":"Big Fish","floor":2,"gold_loss":0,"cards_obtained":["Regret"]},{"damage_healed":0,"gold_gain":0,"player_choice":"Relic","damage_taken":0,"max_hp_gain":0,"max_hp_loss":0,"event_name":"Wheel of Change","floor":4,"gold_loss":0},{"damage_healed":0,"gold_gain":0,"player_choice":"Stopped","damage_taken":9,"max_hp_gain":0,"max_hp_loss":0,"event_name":"Cursed Tome","floor":20,"gold_loss":0},{"damage_healed":0,"gold_gain":0,"player_choice":"Ignored","damage_taken":0,"max_hp_gain":0,"max_hp_loss":0,"event_name":"Vampires","floor":21,"gold_loss":0},{"cards_removed":["Strike_B"],"damage_healed":0,"gold_gain":0,"player_choice":"Gave Gold","damage_taken":0,"max_hp_gain":0,"max_hp_loss":0,"event_name":"Beggar","floor":24,"gold_loss":75},{"damage_healed":0,"gold_gain":0,"cards_transformed":["Strike_B","Strike_B"],"player_choice":"Transformed Cards","damage_taken":0,"max_hp_gain":0,"max_hp_loss":0,"event_name":"Designer","floor":27,"gold_loss":60,"cards_obtained":["Doom and Gloom","Meteor Strike"]},{"damage_healed":0,"gold_gain":0,"player_choice":"Fight","damage_taken":0,"max_hp_gain":0,"max_hp_loss":0,"event_name":"Mysterious Sphere","floor":37,"gold_loss":0}],"is_beta":false,"boss_relics":[{"not_picked":["Sozu","Runic Pyramid"],"picked":"Black Star"},{"not_picked":["Runic Dome","White Beast Statue"],"picked":"Inserter"}],"items_purged_floors":[12],"is_endless":false,"potions_floor_spawned":[1,10,11,19,29,33,35],"killed_by":"2 Orb Walkers","ascension_level":0}