{"gold_per_floor":[113,143,143,161,172,172,205,223,248,248,274,274,303,83,83,188,188,201,201,218,237,64,64,64,64,114,144,157,171,184,195,195,290,340,355,137,137,137,150,250,270,270,324,349,361,391,403,415,427,439],"floor_reached":51,"playtime":2218,"items_purged":["Defend_G","Strike_G","Shame"],"score":764,"play_id":"f65d1d61-1e90-46b7-bb02-b6b9aef1368e","local_time":"20190919143556","is_ascension_mode":false,"campfire_choices":[{"data":"Catalyst","floor":6.0,"key":"SMITH"},{"data":"Leg Sweep","floor":10.0,"key":"SMITH"},{"floor":12.0,"key":"REST"},{"data":"Neutralize","floor":15.0,"key":"SMITH"},{"floor":23.0,"key":"REST"},{"data":"Wraith Form v2","floor":25.0,"key":"SMITH"},{"floor":32.0,"key":"REST"},{"data":"Burst","floor":45.0,"key":"SMITH"},{"data":"Venomology","floor":47,"key":"SMITH"},{"data":"Panacea","floor":49,"key":"SMITH"}],"neow_cost":"NONE","seed_source_timestamp":619137211723700,"circlet_count":0,"master_deck":["Strike_G","Strike_G","Strike_G","Defend_G","Defend_G","Defend_G+1","Defend_G","Survivor","Neutralize+1","Catalyst+1","Deadly Poison+1","Leg Sweep+1","Backflip","Deadly Poison","Deadly Poison","Dodge and Roll","Slice+1","Catalyst+1","Wraith Form v2+1","Bouncing Flask","Footwork","Backstab+1","Backstab+1","Venomology+1","Blur+1","Footwork","Panacea+1","Madness","Burst+1","Well Laid Plans+1"],"special_seed":0,"relics":["Ring of the Snake","Potion Belt","Tiny Chest","War Paint","Vajra","Dream Catcher","Mercury Hourglass","DollysMirror","Velvet Choker","Unceasing Top","PreservedInsect","Pen Nib","Tiny House","Du-Vu Doll","MawBank"],"potions_floor_usage":[46,48,50,50,50,50,50,50,50],"damage_taken":[{"damage":3.0,"enemies":"Jaw Worm","floor":1.0,"turns":6.0},{"damage":0.0,"enemies":"Small Slimes","floor":4.0,"turns":5.0},{"damage":3.0,"enemies":"2 Louse","floor":5.0,"turns":3.0},{"damage":1.0,"enemies":"Gremlin Nob","floor":7.0,"turns":6.0},{"damage":1.0,"enemies":"Blue Slaver","floor":8.0,"turns":4.0},{"damage":9.0,"enemies":"3 Sentries","floor":11.0,"turns":8.0},{"damage":9.0,"enemies":"Gremlin Nob","floor":13.0,"turns":5.0},{"damage":14.0,"enemies":"The Guardian","floor":16.0,"turns":6.0},{"damage":12.0,"enemies":"2 Thieves","floor":18.0,"turns":4.0},{"damage":0.0,"enemies":"3 Byrds","floor":20.0,"turns":4.0},{"damage":7.0,"enemies":"Cultist and Chosen","floor":21.0,"turns":6.0},{"damage":9.0,"enemies":"Slavers","floor":27.0,"turns":5.0},{"damage":10.0,"enemies":"Centurion and Healer","floor":28.0,"turns":7.0},{"damage":0.0,"enemies":"Chosen and Byrds","floor":29.0,"turns":6.0},{"damage":7.0,"enemies":"Snake Plant","floor":30.0,"turns":3.0},{"damage":0.0,"enemies":"Cultist and Chosen","floor":31.0,"turns":4.0},{"damage":3.0,"enemies":"Champ","floor":33.0,"turns":6.0},{"damage":0.0,"enemies":"3 Shapes","floor":35.0,"turns":3.0},{"damage":11.0,"enemies":"3 Darklings","floor":39.0,"turns":8.0},{"damage":4.0,"enemies":"Mind Bloom Boss Battle","floor":40.0,"turns":8.0},{"damage":0.0,"enemies":"Transient","floor":41.0,"turns":5.0},{"damage":5.0,"enemies":"Spire Growth","floor":44.0,"turns":4.0},{"damage":0,"enemies":"Sphere and 2 Shapes","floor":46,"turns":4},{"damage":0,"enemies":"Jaw Worm Horde","floor":48,"turns":1},{"damage":16,"enemies":"Awakened One","floor":50,"turns":13}],"seed_played":"-412758429145419222","potions_obtained":[{"floor":1.0,"key":"PowerPotion"},{"floor":5.0,"key":"Block Potion"},{"floor":11.0,"key":"Block Potion"},{"floor":13.0,"key":"Weak Potion"},{"floor":18.0,"key":"Energy Potion"},{"floor":27.0,"key":"Swift Potion"},{"floor":30.0,"key":"LiquidBronze"},{"floor":31.0,"key":"PowerPotion"},{"floor":34.0,"key":"GhostInAJar"},{"floor":39.0,"key":"Fruit Juice"}],"is_trial":false,"path_per_floor":["M","?","?","M","M","R","E","M","T","R","E","R","E","$","R","B",null,"M","?","M","M","$","R","?","R","T","E","M","M","M","M","R","B",null,"M","$","?","$","M","?","M","?","T","M","R","M","R","M","R","B",null],"character_chosen":"THE_SILENT","items_purchased":["DollysMirror","Footwork","Panacea"],"campfire_rested":3,"item_purchase_floors":[14,22,36],"current_hp_per_floor":[67,55,48,48,45,45,44,43,43,43,34,55,46,46,46,32,70,58,45,45,38,38,60,60,60,60,51,41,41,34,34,56,53,80,80,80,80,80,74,70,70,70,70,65,65,65,65,65,65,64],"gold":451,"neow_bonus":"RANDOM_COMMON_RELIC","is_prod":false,"is_daily":false,"chose_seed":false,"campfire_upgraded":7,"win_rate":0,"timestamp":1568871356,"path_taken":["M","?","?","M","M","R","E","M","T","R","E","R","E","$","R","BOSS","M","?","M","M","$","R","?","R","T","E","M","?","M","M","R","BOSS","M","$","?","$","M","?","M","?","T","M","R","M","R","M","R","BOSS"],"build_version":"2019-09-18","purchased_purges":3,"victory":true,"max_hp_per_floor":[70,70,70,70,70,70,70,70,70,70,70,70,70,70,70,70,70,70,75,75,75,75,75,75,75,75,75,75,75,75,75,75,75,80,80,80,80,80,85,85,85,85,85,85,85,85,85,85,85,85],"card_choices":[{"not_picked":["Infinite Blades","Setup"],"picked":"Catalyst","floor":1.0},{"not_picked":["Blade Dance","Choke"],"picked":"Deadly Poison","floor":4.0},{"not_picked":["Tactician","PiercingWail"],"picked":"Leg Sweep","floor":5.0},{"not_picked":["Distraction","Leg Sweep"],"picked":"Backflip","floor":7.0},{"not_picked":["Dodge and Roll","Dagger Spray"],"picked":"Deadly Poison","floor":8.0},{"not_picked":["Finisher","Quick Slash"],"picked":"Deadly Poison","floor":11.0},{"not_picked":["Prepared","Underhanded Strike"],"picked":"Dodge and Roll","floor":12.0},{"not_picked":["Acrobatics","Infinite Blades"],"picked":"Slice","floor":13.0},{"not_picked":["Night Terror","Glass Knife"],"picked":"Wraith Form v2","floor":16.0},{"not_picked":["Finisher+1","Backflip","Flying Knee"],"picked":"SKIP","floor":18.0},{"not_picked":["Underhanded Strike+1","Terror+1"],"picked":"Bouncing Flask","floor":20.0},{"not_picked":["Infinite Blades","Dodge and Roll","Quick Slash"],"picked":"SKIP","floor":21.0},{"not_picked":["Endless Agony","Leg Sweep"],"picked":"Backstab+1","floor":23.0},{"not_picked":["Malaise","All Out Attack+1","Cloak And Dagger"],"picked":"SKIP","floor":27.0},{"not_picked":["Tactician+1","Poisoned Stab+1","Flying Knee"],"picked":"SKIP","floor":28.0},{"not_picked":["Blade Dance","Outmaneuver","Backflip"],"picked":"SKIP","floor":29.0},{"not_picked":["Eviscerate+1","Terror","Prepared"],"picked":"SKIP","floor":30.0},{"not_picked":["Dagger Spray","Predator"],"picked":"Backstab+1","floor":31.0},{"not_picked":["Phantasmal Killer","Grand Finale"],"picked":"Venomology","floor":33.0},{"not_picked":["Poisoned Stab","Bane"],"picked":"Blur+1","floor":34.0},{"not_picked":["Quick Slash+1","Reflex+1"],"picked":"Footwork","floor":35.0},{"not_picked":["Swift Strike","PanicButton"],"picked":"Madness","floor":37.0},{"not_picked":["Deflect+1","Skewer","Sucker Punch+1"],"picked":"SKIP","floor":39.0},{"not_picked":["Quick Slash","Backflip+1"],"picked":"Burst","floor":41.0},{"not_picked":["Dagger Spray","Dagger Throw+1","Blade Dance"],"picked":"SKIP","floor":44.0},{"not_picked":["Prepared","Cloak And Dagger"],"picked":"Well Laid Plans+1","floor":46}],"player_experience":493946,"relics_obtained":[{"floor":7.0,"key":"War Paint"},{"floor":9.0,"key":"Vajra"},{"floor":11.0,"key":"Dream Catcher"},{"floor":13.0,"key":"Mercury Hourglass"},{"floor":26.0,"key":"PreservedInsect"},{"floor":27.0,"key":"Pen Nib"},{"floor":40.0,"key":"Du-Vu Doll"},{"floor":43.0,"key":"MawBank"}],"event_choices":[{"damage_healed":0.0,"max_hp_gain":0.0,"max_hp_loss":0.0,"gold_gain":0.0,"event_name":"Scrap Ooze","player_choice":"Success","floor":2.0,"gold_loss":0.0,"damage_taken":12.0,"relics_obtained":["Tiny Chest"]},{"cards_removed":["Strike_G"],"damage_healed":0.0,"max_hp_gain":0.0,"max_hp_loss":0.0,"gold_gain":0.0,"event_name":"Golden Wing","player_choice":"Card Removal","floor":3.0,"gold_loss":0.0,"damage_taken":7.0},{"damage_healed":0.0,"max_hp_gain":5.0,"max_hp_loss":0.0,"gold_gain":0.0,"event_name":"Forgotten Altar","player_choice":"Shed Blood","floor":19.0,"gold_loss":0.0,"damage_taken":18.0},{"damage_healed":0.0,"max_hp_gain":0.0,"max_hp_loss":0.0,"gold_gain":0.0,"event_name":"Addict","player_choice":"Stole Relic","floor":24.0,"gold_loss":0.0,"damage_taken":0.0,"relics_obtained":["Unceasing Top"],"cards_obtained":["Shame"]},{"damage_healed":0.0,"max_hp_gain":0.0,"max_hp_loss":0.0,"gold_gain":0.0,"event_name":"SensoryStone","player_choice":"Memory 1","floor":37.0,"gold_loss":0.0,"damage_taken":0.0},{"damage_healed":0.0,"max_hp_gain":0.0,"max_hp_loss":0.0,"gold_gain":0.0,"event_name":"MindBloom","player_choice":"Fight","floor":40.0,"gold_loss":0.0,"damage_taken":0.0},{"damage_healed":0.0,"max_hp_gain":0.0,"max_hp_loss":0.0,"gold_gain":0.0,"event_name":"Mysterious Sphere","player_choice":"Ignored","floor":42.0,"gold_loss":0.0,"damage_taken":0.0}],"is_beta":true,"boss_relics":[{"not_picked":["WristBlade","Sozu"],"picked":"Velvet Choker"},{"not_picked":["Runic Dome","Black Star"],"picked":"Tiny House"}],"items_purged_floors":[14,22,36],"is_endless":false,"potions_floor_spawned":[1,5,11,13,18,27,30,31,39,46,48],"ascension_level":0}