{"gold_per_floor":[111,122,122,139,139,139,214,214,214,230,230,273,198,40,40,138,138,151,169,182,182],"floor_reached":21,"playtime":652,"items_purged":[],"score":408,"play_id":"e49bee13-8617-46c3-b1f2-298458dcea6b","local_time":"20190917223527","is_ascension_mode":true,"campfire_choices":[{"floor":6.0,"key":"REST"},{"data":"Whirlwind","floor":8.0,"key":"SMITH"},{"floor":11.0,"key":"REST"},{"data":"Uppercut","floor":15.0,"key":"SMITH"}],"neow_cost":"NONE","seed_source_timestamp":556973569475531,"circlet_count":0,"master_deck":["AscendersBane","Strike_R","Strike_R","Defend_R","Defend_R","Defend_R","Bash","Sentinel+1","Offering+1","Exhume+1","Shrug It Off","Whirlwind+1","Flame Barrier","Offering","Clothesline","Carnage","Uppercut+1","Offering","Pommel Strike"],"special_seed":0,"relics":["Astrolabe","Unceasing Top","Golden Idol","Kunai","The Courier","Philosopher\u0027s Stone"],"potions_floor_usage":[20],"damage_taken":[{"damage":15.0,"enemies":"Jaw Worm","floor":1.0,"turns":6.0},{"damage":6.0,"enemies":"Cultist","floor":2.0,"turns":5.0},{"damage":18.0,"enemies":"Small Slimes","floor":4.0,"turns":2.0},{"damage":3.0,"enemies":"3 Louse","floor":10.0,"turns":3.0},{"damage":18.0,"enemies":"Gremlin Nob","floor":12.0,"turns":3.0},{"damage":38,"enemies":"Slime Boss","floor":16,"turns":7},{"damage":18,"enemies":"Chosen","floor":18,"turns":4},{"damage":12,"enemies":"Spheric Guardian","floor":19,"turns":1},{"damage":18,"enemies":"Cultist and Chosen","floor":20,"turns":3},{"damage":7,"enemies":"3 Cultists","floor":21,"turns":2}],"seed_played":"-5400688857382044959","potions_obtained":[{"floor":2.0,"key":"Poison Potion"},{"floor":10.0,"key":"BloodPotion"},{"floor":16,"key":"Explosive Potion"},{"floor":20,"key":"Fire Potion"}],"is_trial":false,"path_per_floor":["M","M","?","M","?","R","?","R","T","M","R","E","?","$","R","B",null,"M","M","M","M"],"character_chosen":"IRONCLAD","items_purchased":["Clothesline","Carnage","Uppercut"],"campfire_rested":2,"item_purchase_floors":[14,14,14],"current_hp_per_floor":[53,47,47,29,29,49,38,38,38,35,55,50,50,50,50,12,54,36,24,6,0],"gold":182,"neow_bonus":"BOSS_RELIC","is_prod":false,"is_daily":false,"chose_seed":false,"campfire_upgraded":2,"win_rate":0,"timestamp":1568777727,"path_taken":["M","M","?","?","?","R","?","R","T","M","R","E","?","$","R","BOSS","M","M","M","M"],"build_version":"2019-07-17","purchased_purges":0,"victory":false,"max_hp_per_floor":[75,75,75,75,68,68,68,68,68,68,68,68,68,68,68,68,68,68,68,68,68],"card_choices":[{"not_picked":["Ghostly Armor","Iron Wave"],"picked":"Shrug It Off","floor":1.0},{"not_picked":["Havoc","Warcry"],"picked":"Whirlwind","floor":2.0},{"not_picked":["Headbutt","Blood for Blood"],"picked":"Flame Barrier","floor":4.0},{"not_picked":["Anger","Twin Strike"],"picked":"Offering","floor":10.0},{"not_picked":["Battle Trance","Entrench","Bloodletting"],"picked":"SKIP","floor":12.0},{"not_picked":["Brutality","Berserk"],"picked":"Offering","floor":16},{"not_picked":["Clash","Twin Strike","Warcry+1"],"picked":"SKIP","floor":18},{"not_picked":["Perfected Strike","Rampage","True Grit"],"picked":"SKIP","floor":19},{"not_picked":["Evolve","Wild Strike"],"picked":"Pommel Strike","floor":20}],"player_experience":1339593,"relics_obtained":[{"floor":9.0,"key":"Kunai"},{"floor":12.0,"key":"The Courier"}],"event_choices":[{"damage_healed":0.0,"max_hp_gain":0.0,"max_hp_loss":0.0,"gold_gain":0.0,"event_name":"WeMeetAgain","player_choice":"Gave Potion","floor":3.0,"gold_loss":0.0,"damage_taken":0.0,"relics_obtained":["Unceasing Top"]},{"damage_healed":0.0,"max_hp_gain":0.0,"max_hp_loss":7.0,"gold_gain":0.0,"event_name":"Golden Idol","player_choice":"Lose Max HP","floor":5.0,"gold_loss":0.0,"damage_taken":0.0,"relics_obtained":["Golden Idol"]},{"damage_healed":0.0,"max_hp_gain":0.0,"max_hp_loss":0.0,"gold_gain":75.0,"event_name":"World of Goop","player_choice":"Gather Gold","floor":7.0,"gold_loss":0.0,"damage_taken":11.0},{"cards_removed":["Defend_R"],"damage_healed":0.0,"max_hp_gain":0.0,"max_hp_loss":0.0,"gold_gain":0.0,"event_name":"The Cleric","player_choice":"Card Removal","floor":13.0,"gold_loss":75.0,"damage_taken":0.0}],"is_beta":false,"boss_relics":[{"not_picked":["Runic Dome","Velvet Choker"],"picked":"Philosopher\u0027s Stone"}],"items_purged_floors":[],"is_endless":false,"potions_floor_spawned":[2,10,16,20],"killed_by":"3 Cultists","ascension_level":20}