{"gold_per_floor":[10,23,198,216,235,235,270,290,290,325,335,335,366,380,380,480,480,480,480,97,22,0,0,0,0,0,0,0,0,0,0,0,0,0,0,0,0,0,0,0,0,0,0,0,0,0,0,0,0,0],"floor_reached":50,"playtime":2624,"items_purged":["Doubt"],"score":620,"play_id":"3271b1fc-e27d-4038-9303-3f333e602460","local_time":"20190330231523","is_ascension_mode":true,"campfire_choices":[{"data":"Dualcast","floor":6.0,"key":"SMITH"},{"floor":15.0,"key":"REST"},{"data":"Seek","floor":23.0,"key":"SMITH"},{"floor":29.0,"key":"REST"},{"data":"Cold Snap","floor":32.0,"key":"SMITH"},{"data":"Rainbow","floor":40,"key":"SMITH"},{"data":"Cold Snap","floor":41,"key":"SMITH"},{"data":"Loop","floor":47,"key":"SMITH"},{"floor":49,"key":"REST"}],"neow_cost":"NO_GOLD","seed_source_timestamp":0,"circlet_count":0,"master_deck":["Strike_B","Strike_B","Strike_B","Strike_B","Defend_B","Defend_B","Zap","Dualcast+1","Leap","Leap","Loop","Machine Learning","Coolheaded","Seek+1","Coolheaded","Buffer","Cold Snap+1","Coolheaded+1","Coolheaded","Barrage+1","Seek","Cold Snap+1","Rainbow+1","Loop+1","Wraith","Hello World+1"],"special_seed":0,"relics":["Cracked Core","Calipers","Symbiotic Virus","construct:BoolHorns","Darkstone Periapt","WingedGreaves","Ectoplasm","Unceasing Top","Dodecahedron","Pen Nib","Orrery","Sundial","Mummified Hand"],"potions_floor_usage":[48],"damage_taken":[{"damage":7.0,"enemies":"Jaw Worm","floor":1.0,"turns":3.0},{"damage":0.0,"enemies":"2 Louse","floor":2.0,"turns":2.0},{"damage":1.0,"enemies":"Cultist","floor":4.0,"turns":4.0},{"damage":3.0,"enemies":"Blue Slaver","floor":5.0,"turns":5.0},{"damage":35.0,"enemies":"3 Sentries","floor":7.0,"turns":8.0},{"damage":9.0,"enemies":"3 Louse","floor":8.0,"turns":4.0},{"damage":0.0,"enemies":"Lagavulin","floor":10.0,"turns":5.0},{"damage":2.0,"enemies":"Red Slaver","floor":11.0,"turns":4.0},{"damage":0.0,"enemies":"3 Sentries","floor":13.0,"turns":10.0},{"damage":13.0,"enemies":"Gremlin Gang","floor":14.0,"turns":5.0},{"damage":10.0,"enemies":"Slime Boss","floor":16.0,"turns":10.0},{"damage":0.0,"enemies":"Chosen","floor":18.0,"turns":6.0},{"damage":0.0,"enemies":"Spheric Guardian","floor":19.0,"turns":3.0},{"damage":0.0,"enemies":"Chosen and Byrds","floor":25.0,"turns":7.0},{"damage":0.0,"enemies":"Sentry and Sphere","floor":27.0,"turns":6.0},{"damage":56.0,"enemies":"Cultist and Chosen","floor":28.0,"turns":11.0},{"damage":0.0,"enemies":"Snecko","floor":30.0,"turns":8.0},{"damage":11.0,"enemies":"Sentry and Sphere","floor":31.0,"turns":10.0},{"damage":10.0,"enemies":"Automaton","floor":33.0,"turns":16.0},{"damage":62.0,"enemies":"3 Darklings","floor":35.0,"turns":8.0},{"damage":5,"enemies":"Orb Walker","floor":37,"turns":3},{"damage":1,"enemies":"4 Shapes","floor":45,"turns":5},{"damage":22,"enemies":"Writhing Mass","floor":48,"turns":8},{"damage":71,"enemies":"Awakened One","floor":50,"turns":4}],"seed_played":"4880632207112591159","potions_obtained":[{"floor":1.0,"key":"construct:ShiftPotion"},{"floor":7.0,"key":"GamblersBrew"},{"floor":8.0,"key":"LiquidBronze"},{"floor":11.0,"key":"Energy Potion"},{"floor":12.0,"key":"SkillPotion"},{"floor":12.0,"key":"EssenceOfSteel"},{"floor":14.0,"key":"Weak Potion"},{"floor":19.0,"key":"Weak Potion"},{"floor":28.0,"key":"FocusPotion"},{"floor":33.0,"key":"AttackPotion"},{"floor":37,"key":"Block Potion"},{"floor":45,"key":"Poison Potion"}],"is_trial":false,"path_per_floor":["M","M","?","M","M","R","E","M","T","E","M","?","E","M","R","B",null,"M","M","$","?","?","R","T","M","T","M","M","R","M","M","R","B",null,"M","T","M","$","?","R","R","?","T","$","M","?","R","M","R","B"],"character_chosen":"DEFECT","items_purchased":["Unceasing Top"],"campfire_rested":3,"item_purchase_floors":[20],"current_hp_per_floor":[68,68,68,67,64,64,29,20,20,20,18,18,18,5,27,17,75,75,75,75,75,75,75,75,75,75,75,19,41,41,30,30,20,75,13,13,8,8,66,66,66,72,72,72,71,71,71,49,70,0],"gold":0,"neow_bonus":"ONE_RARE_RELIC","is_prod":false,"is_daily":false,"chose_seed":false,"campfire_upgraded":6,"win_rate":0,"timestamp":1554005723,"path_taken":["M","M","?","M","M","R","E","M","T","E","M","?","E","M","R","BOSS","M","?","$","?","?","R","?","M","T","?","?","R","M","M","R","BOSS","M","?","M","$","?","R","R","?","T","$","?","?","R","M","R","BOSS"],"build_version":"2019-01-23","purchased_purges":1,"victory":false,"max_hp_per_floor":[75,75,75,75,75,75,75,75,75,75,75,75,75,75,75,75,75,75,75,75,75,75,75,75,75,75,75,75,75,75,75,75,75,75,75,75,75,75,66,66,66,72,72,72,72,72,72,72,72,72],"card_choices":[{"not_picked":["Steam Power","Steam"],"picked":"Leap","floor":1.0},{"not_picked":["Streamline","Rebound"],"picked":"Leap","floor":2.0},{"not_picked":["Chaos","Reinforced Body"],"picked":"Loop","floor":4.0},{"not_picked":["Hologram","Sweeping Beam","Barrage"],"picked":"SKIP","floor":5.0},{"not_picked":["Steam","Ball Lightning"],"picked":"Machine Learning","floor":7.0},{"not_picked":["Streamline","Go for the Eyes","Conserve Battery"],"picked":"SKIP","floor":8.0},{"not_picked":["Leap","Conserve Battery"],"picked":"Coolheaded","floor":10.0},{"not_picked":["Rip and Tear","Heatsinks","Gash"],"picked":"SKIP","floor":11.0},{"not_picked":["Rip and Tear","Conserve Battery"],"picked":"Seek","floor":13.0},{"not_picked":["Conserve Battery","BootSequence"],"picked":"Coolheaded","floor":14.0},{"not_picked":["Hyperbeam","Fission"],"picked":"Buffer","floor":16.0},{"not_picked":["Sweeping Beam","Hologram","Compile Driver"],"picked":"SKIP","floor":18.0},{"not_picked":["Go for the Eyes","Double Energy+1"],"picked":"Cold Snap","floor":19.0},{"not_picked":["Scrape","Conserve Battery"],"picked":"Coolheaded+1","floor":25.0},{"not_picked":["Amplify","Aggregate","Reprogram"],"picked":"SKIP","floor":27.0},{"not_picked":["Stack","Genetic Algorithm"],"picked":"Coolheaded","floor":28.0},{"not_picked":["Beam Cell","Fusion"],"picked":"Barrage+1","floor":30.0},{"not_picked":["Leap","Sunder","Darkness"],"picked":"SKIP","floor":31.0},{"not_picked":["Thunder Strike","All For One"],"picked":"Seek","floor":33.0},{"not_picked":["Streamline","Sweeping Beam+1"],"picked":"Cold Snap","floor":34.0},{"not_picked":["Streamline+1","Compile Driver"],"picked":"Rainbow","floor":34.0},{"not_picked":["Self Repair","Stack"],"picked":"Loop","floor":34.0},{"not_picked":["Steam+1","Coolheaded","Barrage"],"picked":"SKIP","floor":35},{"not_picked":["Rebound+1","Sweeping Beam+1","Gash"],"picked":"SKIP","floor":37},{"not_picked":["Gash+1","Leap","Go for the Eyes+1"],"picked":"SKIP","floor":45},{"not_picked":["FTL","Darkness+1"],"picked":"Hello World+1","floor":48}],"player_experience":400945,"relics_obtained":[{"floor":7.0,"key":"Symbiotic Virus"},{"floor":9.0,"key":"construct:BoolHorns"},{"floor":10.0,"key":"Darkstone Periapt"},{"floor":13.0,"key":"WingedGreaves"},{"floor":24.0,"key":"Dodecahedron"},{"floor":26.0,"key":"Pen Nib"},{"floor":36,"key":"Sundial"},{"floor":43,"key":"Mummified Hand"}],"event_choices":[{"damage_healed":0.0,"max_hp_gain":0.0,"max_hp_loss":0.0,"gold_gain":175.0,"event_name":"Liars Game","player_choice":"AGREE","floor":3.0,"gold_loss":0.0,"damage_taken":0.0,"cards_obtained":["Doubt"]},{"damage_healed":0.0,"max_hp_gain":0.0,"max_hp_loss":0.0,"gold_gain":0.0,"event_name":"Lab","player_choice":"Got Potions","floor":12.0,"gold_loss":0.0,"damage_taken":0.0},{"cards_removed":["Defend_B"],"damage_healed":0.0,"max_hp_gain":0.0,"max_hp_loss":0.0,"gold_gain":0.0,"event_name":"Beggar","player_choice":"Gave Gold","floor":21.0,"gold_loss":75.0,"damage_taken":0.0},{"damage_healed":0.0,"max_hp_gain":0.0,"max_hp_loss":0.0,"gold_gain":0.0,"event_name":"Masked Bandits","player_choice":"Paid Fearfully","floor":22.0,"gold_loss":22.0,"damage_taken":0.0},{"damage_healed":66,"gold_gain":0,"player_choice":"Heal","damage_taken":0,"max_hp_gain":0,"max_hp_loss":9,"event_name":"The Moai Head","floor":39,"gold_loss":0},{"damage_healed":0,"gold_gain":0,"player_choice":"Ignored","damage_taken":0,"max_hp_gain":0,"max_hp_loss":0,"event_name":"OrinTheCat","floor":42,"gold_loss":0},{"cards_removed":["Defend_B"],"damage_healed":0,"gold_gain":0,"player_choice":"Removed Skill","damage_taken":0,"max_hp_gain":0,"max_hp_loss":0,"event_name":"Falling","floor":46,"gold_loss":0}],"is_beta":false,"boss_relics":[{"not_picked":["Sozu","Cursed Key"],"picked":"Ectoplasm"},{"not_picked":["Empty Cage","Pandora\u0027s Box"],"picked":"Orrery"}],"items_purged_floors":[20],"is_endless":false,"potions_floor_spawned":[1,7,8,11,14,19,28,33,37,45],"killed_by":"Awakened One","ascension_level":2}