{"path_per_floor":["M","?","?","$","?","E","R","M","T","R","E","M","$","M","R","B",null,"M","M","?","$","M","R","?","M","T","M","?","E","R","M","R","B",null,"M","?","M","M","T"],"character_chosen":"IRONCLAD","items_purchased":["Pommel Strike","Flex","Rampage","Strawberry","Dexterity Potion"],"gold_per_floor":[118,118,118,40,40,74,74,86,112,112,137,150,80,98,98,198,198,210,222,222,22,39,39,39,54,54,65,65,94,94,105,105,209,209,226,226,240,257,282],"floor_reached":40,"campfire_rested":0,"playtime":2338,"current_hp_per_floor":[70,54,54,54,80,70,70,76,76,76,68,74,74,80,80,69,80,74,70,56,63,47,47,47,53,53,54,54,71,71,71,71,49,71,56,56,52,45,45],"items_purged":[],"gold":282,"score":392,"play_id":"c5fc6088-5446-424d-9726-50996086355a","is_prod":false,"is_daily":false,"is_ascension_mode":false,"campfire_upgraded":6,"path_taken":["M","?","?","$","?","E","R","?","T","R","E","M","$","M","R","BOSS","M","M","?","$","M","R","?","M","T","M","?","E","R","M","R","BOSS","M","?","M","M","?","E"],"build_version":"2018-02-15-PROD1","purchased_purges":0,"victory":false,"master_deck":["Defend_R","Defend_R","Defend_R","Defend_R","Bash","Disarm+1","Pommel Strike+1","Flex+1","Metallicize+1","Flex+1","Flex","Body Slam","Rampage+1","Body Slam","Feed+1","Whirlwind+1","Headbutt","Bite","Bite","Bite","Bite","Bite","Iron Wave","Demon Form","Heavy Blade+1","Doubt"],"max_hp_per_floor":[80,80,80,80,80,80,80,80,80,80,80,80,80,80,80,80,80,80,80,56,63,63,63,63,67,67,67,67,71,71,71,71,71,71,75,75,75,79,79],"relics":["Burning Blood","Bag of Preparation","Pen Nib","Anchor","Kunai","Cursed Key","Strawberry","Dream Catcher","Regal Pillow","Mark of Pain","Bag of Marbles"],"card_choices":[{"not_picked":["Pummel","Combust"],"picked":"Disarm"},{"not_picked":["Uppercut","Armaments"],"picked":"Metallicize"},{"not_picked":["Clash","Blood for Blood"],"picked":"Flex"},{"not_picked":["Twin Strike","Perfected Strike"],"picked":"Flex"},{"not_picked":["Blood for Blood","Warcry"],"picked":"Body Slam"},{"not_picked":["Cleave","Dual Wield"],"picked":"Body Slam"},{"not_picked":["Double Tap","Bludgeon"],"picked":"Feed"},{"not_picked":["Perfected Strike","Dropkick"],"picked":"Whirlwind"},{"not_picked":["Body Slam","Clothesline"],"picked":"Headbutt"},{"not_picked":["Sword Boomerang","Body Slam"],"picked":"Iron Wave"},{"not_picked":["Impervious","Bludgeon"],"picked":"Demon Form"},{"not_picked":["Flex","Burning Pact"],"picked":"Heavy Blade"}],"player_experience":17771,"potions_floor_usage":[6,11,16,29,29,33,33,40,40,40],"damage_taken":[{"damage":16,"enemies":"Jaw Worm","floor":1,"turns":6},{"damage":31,"enemies":"3 Sentries","floor":6,"turns":9},{"damage":0,"enemies":"2 Louse","floor":8,"turns":3},{"damage":14,"enemies":"Lagavulin","floor":11,"turns":5},{"damage":0,"enemies":"Small Slimes","floor":12,"turns":2},{"damage":0,"enemies":"2 Fungi Beasts","floor":14,"turns":2},{"damage":17,"enemies":"Slime Boss","floor":16,"turns":10},{"damage":12,"enemies":"Spheric Guardian","floor":18,"turns":4},{"damage":10,"enemies":"2 Thieves","floor":19,"turns":4},{"damage":24,"enemies":"Chosen and Byrds","floor":22,"turns":5},{"damage":12,"enemies":"Snake Plant","floor":25,"turns":4},{"damage":13,"enemies":"Sentry and Sphere","floor":27,"turns":4},{"damage":3,"enemies":"Gremlin Leader","floor":29,"turns":8},{"damage":2,"enemies":"Centurion and Healer","floor":31,"turns":4},{"damage":52,"enemies":"Collector","floor":33,"turns":11},{"damage":27,"enemies":"3 Shapes","floor":35,"turns":6},{"damage":18,"enemies":"Orb Walker","floor":37,"turns":4},{"damage":21,"enemies":"4 Shapes","floor":38,"turns":8},{"damage":97,"enemies":"Giant Head","floor":40,"turns":8}],"event_choices":[{"event_name":"Shining Light","player_choice":"Entered Light","floor":2,"damage_taken":0},{"event_name":"Liars Game","player_choice":"disagreed","floor":3,"damage_taken":0},{"event_name":"Big Fish","player_choice":"Banana","floor":5,"damage_taken":0},{"event_name":"Vampires","player_choice":"Became a vampire","floor":20,"damage_taken":0},{"event_name":"Beggar","player_choice":"Ignored","floor":24,"damage_taken":0},{"event_name":"Fountain of Cleansing","player_choice":"Removed Curse","floor":28,"damage_taken":0},{"event_name":"Accursed Blacksmith","player_choice":"Ignore","floor":36,"damage_taken":0}],"boss_relics":[{"not_picked":["Astrolabe","Question Card"],"picked":"Cursed Key"},{"not_picked":["Calling Bell","Velvet Choker"],"picked":"Mark of Pain"}],"potions_floor_spawned":[1,6,14,19,27,29,33,37,38],"seed_played":"6325042051309448070","killed_by":"Giant Head","ascension_level":0,"is_trial":false}