{"gold_per_floor":[118,134,134,149,161,92,92,111,137,149,149,159,172,172,172,276,276,289,20,20,33,53,64,64],"floor_reached":24,"playtime":1464,"items_purged":["Strike_R"],"score":194,"play_id":"59d1488d-9b77-44d9-8214-bd73a47cf67a","local_time":"20181106155133","is_ascension_mode":false,"campfire_choices":[{"data":"Limit Break","floor":7,"key":"SMITH"},{"data":"Flex","floor":11,"key":"SMITH"},{"data":"Finesse","floor":15,"key":"SMITH"}],"neow_cost":"NONE","seed_source_timestamp":78557593940143,"circlet_count":0,"master_deck":["Strike_R","Strike_R","Defend_R","Defend_R","Defend_R","Defend_R","Bash+1","Finesse+1","Headbutt","Thunderclap","Limit Break+1","Warcry","Metallicize","Cleave","Flex+1","Disarm","Cleave","Double Tap","Seeing Red","Spot Weakness","Anger","Inflame"],"relics":["Burning Blood","Boot","Mummified Hand","Empty Cage","Vajra"],"potions_floor_usage":[18,22,22,24,24],"damage_taken":[{"damage":5,"enemies":"2 Louse","floor":1,"turns":4},{"damage":1,"enemies":"Cultist","floor":2,"turns":3},{"damage":9,"enemies":"Jaw Worm","floor":4,"turns":2},{"damage":9,"enemies":"Red Slaver","floor":5,"turns":5},{"damage":10,"enemies":"Looter","floor":8,"turns":3},{"damage":5,"enemies":"3 Louse","floor":10,"turns":4},{"damage":9,"enemies":"2 Fungi Beasts","floor":12,"turns":3},{"damage":14,"enemies":"Exordium Wildlife","floor":13,"turns":4},{"damage":17,"enemies":"Slime Boss","floor":16,"turns":8},{"damage":20,"enemies":"Shell Parasite","floor":18,"turns":4},{"damage":27,"enemies":"Spheric Guardian","floor":21,"turns":5},{"damage":34,"enemies":"Snake Plant","floor":22,"turns":7},{"damage":14,"enemies":"Centurion and Healer","floor":23,"turns":4},{"damage":16,"enemies":"Snecko","floor":24,"turns":3}],"seed_played":"9055139248320855461","potions_obtained":[{"floor":2,"key":"Dexterity Potion"},{"floor":4,"key":"Weak Potion"},{"floor":5,"key":"SpeedPotion"},{"floor":8,"key":"AttackPotion"},{"floor":18,"key":"Poison Potion"},{"floor":23,"key":"Energy Potion"}],"is_trial":false,"path_per_floor":["M","M","?","M","M","$","R","M","T","M","R","M","M","T","R","B",null,"M","$","$","M","M","M","M"],"character_chosen":"IRONCLAD","items_purchased":["Metallicize","Spot Weakness","Vajra"],"campfire_rested":0,"item_purchase_floors":[6,19,19],"current_hp_per_floor":[80,80,80,77,74,74,74,70,70,71,71,68,60,60,60,49,80,66,66,66,45,17,9,0],"gold":64,"neow_bonus":"RANDOM_COLORLESS","is_prod":false,"is_daily":false,"chose_seed":false,"campfire_upgraded":3,"win_rate":0,"timestamp":1541541093,"path_taken":["M","M","?","?","M","$","R","M","T","M","R","?","M","?","R","BOSS","M","?","$","M","M","M","M"],"build_version":"2018-11-01","purchased_purges":1,"victory":false,"max_hp_per_floor":[80,80,80,80,80,80,80,80,80,80,80,80,80,80,80,80,80,80,80,80,80,80,80,80],"card_choices":[{"not_picked":["Clothesline","Whirlwind"],"picked":"Headbutt","floor":1},{"not_picked":["Clash","Headbutt"],"picked":"Thunderclap","floor":2},{"not_picked":["Second Wind","Clothesline"],"picked":"Limit Break","floor":4},{"not_picked":["Carnage","Body Slam"],"picked":"Warcry","floor":5},{"not_picked":["Thunderclap","Heavy Blade"],"picked":"Cleave","floor":8},{"not_picked":["Battle Trance","Sword Boomerang"],"picked":"Flex","floor":10},{"not_picked":["Combust","Rupture"],"picked":"Disarm","floor":12},{"not_picked":["Carnage","Ghostly Armor"],"picked":"Cleave","floor":13},{"not_picked":["Fiend Fire","Offering"],"picked":"Double Tap","floor":16},{"not_picked":["Pommel Strike","Anger"],"picked":"Seeing Red","floor":18},{"not_picked":["Perfected Strike","Metallicize","Fire Breathing"],"picked":"SKIP","floor":21},{"not_picked":["Headbutt","True Grit"],"picked":"Anger","floor":22},{"not_picked":["Pummel","Bludgeon"],"picked":"Inflame","floor":23}],"player_experience":19493,"relics_obtained":[{"floor":9,"key":"Boot"},{"floor":14,"key":"Mummified Hand"}],"event_choices":[{"damage_healed":0,"gold_gain":0,"player_choice":"Forge","damage_taken":0,"max_hp_gain":0,"max_hp_loss":0,"event_name":"Accursed Blacksmith","floor":3,"gold_loss":0,"cards_upgraded":["Bash"]}],"is_beta":false,"boss_relics":[{"not_picked":["Ectoplasm","Runic Cube"],"picked":"Empty Cage"}],"items_purged_floors":[19],"is_endless":false,"potions_floor_spawned":[2,4,5,8,10,18,23],"killed_by":"Snecko","ascension_level":0}