{"gold_per_floor":[109,119,133,208,222,256,271,300,354,354,372,372,372,372],"floor_reached":14,"playtime":1364,"items_purged":[],"score":102,"play_id":"cf977d76-8c23-4474-8e3b-d0e8391df457","local_time":"20190915051704","is_ascension_mode":false,"campfire_choices":[{"data":"Armaments","floor":10,"key":"SMITH"}],"neow_cost":"PERCENT_DAMAGE","seed_source_timestamp":544804585786390,"circlet_count":0,"master_deck":["Strike_R","Strike_R","Strike_R","Strike_R+1","Strike_R+1","Defend_R","Defend_R","Defend_R+1","Bash","Armaments+1","Whirlwind","Spot Weakness+1","Rampage"],"relics":["Burning Blood","Nunchaku","Bag of Preparation","Happy Flower","War Paint"],"potions_floor_usage":[6,6,8],"damage_taken":[{"damage":6,"enemies":"Cultist","floor":1,"turns":3},{"damage":6,"enemies":"Jaw Worm","floor":2,"turns":5},{"damage":7,"enemies":"Small Slimes","floor":3,"turns":4},{"damage":3,"enemies":"2 Fungi Beasts","floor":5,"turns":3},{"damage":35,"enemies":"Lagavulin","floor":6,"turns":9},{"damage":0,"enemies":"3 Louse","floor":7,"turns":1},{"damage":13,"enemies":"Gremlin Nob","floor":8,"turns":4},{"damage":0,"enemies":"Looter","floor":11,"turns":3},{"damage":7,"enemies":"Blue Slaver","floor":14,"turns":2}],"seed_played":"-5223548052777729283","potions_obtained":[{"floor":2,"key":"Energy Potion"},{"floor":5,"key":"Dexterity Potion"},{"floor":6,"key":"Energy Potion"}],"is_trial":false,"path_per_floor":["M","M","M","?","M","E","M","E","T","R","M","?","?","M"],"character_chosen":"IRONCLAD","items_purchased":[],"campfire_rested":0,"item_purchase_floors":[],"current_hp_per_floor":[56,56,55,44,47,18,24,17,17,17,23,23,7,0],"gold":372,"neow_bonus":"ONE_RARE_RELIC","is_prod":false,"is_daily":false,"chose_seed":false,"campfire_upgraded":1,"win_rate":0,"timestamp":1568539024,"path_taken":["M","?","M","?","M","E","M","E","T","R","M","?","?","M"],"build_version":"2019-07-17","purchased_purges":0,"victory":false,"max_hp_per_floor":[80,80,80,80,80,80,80,80,80,80,80,80,80,80],"card_choices":[{"not_picked":["True Grit","Dropkick","Twin Strike"],"picked":"SKIP","floor":1},{"not_picked":["Pommel Strike","Second Wind","Body Slam"],"picked":"SKIP","floor":2},{"not_picked":["Carnage","Body Slam"],"picked":"Armaments","floor":3},{"not_picked":["Feel No Pain","Wild Strike"],"picked":"Whirlwind","floor":5},{"not_picked":["Thunderclap","Sever Soul"],"picked":"Spot Weakness","floor":6},{"not_picked":["Flex","Evolve","Fiend Fire"],"picked":"SKIP","floor":7},{"not_picked":["Iron Wave","Bloodletting"],"picked":"Rampage","floor":8},{"not_picked":["Burning Pact","Shrug It Off","Clothesline"],"picked":"SKIP","floor":11}],"player_experience":91652,"relics_obtained":[{"floor":6,"key":"Bag of Preparation"},{"floor":8,"key":"Happy Flower"},{"floor":9,"key":"War Paint"}],"event_choices":[{"damage_healed":0,"gold_gain":75,"player_choice":"Gather Gold","damage_taken":11,"max_hp_gain":0,"max_hp_loss":0,"event_name":"World of Goop","floor":4,"gold_loss":0},{"cards_removed":["Defend_R"],"damage_healed":0,"gold_gain":0,"player_choice":"Forget","damage_taken":0,"max_hp_gain":0,"max_hp_loss":0,"event_name":"Living Wall","floor":12,"gold_loss":0},{"damage_healed":0,"gold_gain":0,"player_choice":"Entered Light","damage_taken":16,"max_hp_gain":0,"max_hp_loss":0,"event_name":"Shining Light","floor":13,"gold_loss":0,"cards_upgraded":["Strike_R","Strike_R"]}],"is_beta":false,"boss_relics":[],"items_purged_floors":[],"is_endless":false,"potions_floor_spawned":[2,5,6],"killed_by":"Blue Slaver","ascension_level":0}