{"path_per_floor":["M","M","M","?","?","R","?","?","T","M","R","$","M","E","R","B",null,"M","M"],"character_chosen":"DEFECT","items_purchased":[],"gold_per_floor":[113,127,144,144,144,144,144,144,144,163,163,88,102,133,133,254,254,275,295,295],"floor_reached":20,"campfire_rested":2,"playtime":1004,"current_hp_per_floor":[36,33,33,33,33,55,55,48,48,39,61,61,61,38,38,16,75,75,75,62],"items_purged":["Decay"],"gold":295,"score":174,"play_id":"d99d38c1-2f30-4c84-b3a0-281967939ec7","local_time":"20180430170751","is_prod":false,"is_daily":false,"chose_seed":false,"is_ascension_mode":false,"campfire_upgraded":1,"timestamp":1525126071,"path_taken":["M","M","M","?","?","R","?","?","T","M","R","$","M","E","R","BOSS","M","M","M"],"build_version":"2018-04-27v3","seed_source_timestamp":433790188749360,"purchased_purges":1,"victory":false,"master_deck":["Strike_B","Defend_B","Defend_B","Defend_B","Defend_B","Zap","Dualcast","Ball Lightning","Coolheaded","Chill","Injury","Defragment+1","Leap","Biased Cognition","Ball Lightning"],"max_hp_per_floor":[75,75,75,75,75,75,75,75,75,75,75,75,75,75,75,75,75,75,75,75],"relics":["Cracked Core","Golden Idol","Blood Vial","Bottled Tornado","Nuclear Battery"],"card_choices":[{"not_picked":["Heatsinks","Sweeping Beam"],"picked":"Ball Lightning","floor":1},{"not_picked":["Beam Cell","Leap"],"picked":"Coolheaded","floor":2},{"not_picked":["Impulse","Machine Learning"],"picked":"Chill","floor":3},{"not_picked":["Gash","Impulse"],"picked":"Defragment","floor":13},{"not_picked":["Hologram","Skim"],"picked":"Leap","floor":14},{"not_picked":["Fusion","Seek"],"picked":"Biased Cognition","floor":16},{"not_picked":["Stack","Axe Kick"],"picked":"Ball Lightning","floor":18}],"player_experience":276315,"potions_floor_usage":[16,16,16],"damage_taken":[{"damage":2,"enemies":"Small Slimes","floor":1,"turns":4},{"damage":3,"enemies":"2 Louse","floor":2,"turns":3},{"damage":0,"enemies":"Cultist","floor":3,"turns":3},{"damage":11,"enemies":"3 Louse","floor":10,"turns":4},{"damage":2,"enemies":"Looter","floor":13,"turns":3},{"damage":25,"enemies":"Lagavulin","floor":14,"turns":7},{"damage":24,"enemies":"The Guardian","floor":16,"turns":14},{"damage":0,"enemies":"Spheric Guardian","floor":18,"turns":5},{"damage":0,"enemies":"3 Byrds","floor":19,"turns":5},{"damage":13,"enemies":"Centurion and Healer","floor":20,"turns":9}],"event_choices":[{"event_name":"Golden Idol","player_choice":"Take Wound","floor":4,"damage_taken":0},{"event_name":"Wheel of Change","player_choice":"Curse","floor":5,"damage_taken":0},{"event_name":"Dead Adventurer","player_choice":"Searched \u00270\u0027 times","floor":7,"damage_taken":0},{"event_name":"Golden Wing","player_choice":"Card Removal","floor":8,"damage_taken":0}],"boss_relics":[{"not_picked":["Lizard Tail","Eternal Feather"],"picked":"Nuclear Battery"}],"potions_floor_spawned":[1,13,14,16,18,19],"seed_played":"3829732301142811249","killed_by":"Centurion and Healer","ascension_level":0,"is_trial":false}