{"gold_per_floor":[114,189,199,217,12,12,22,22,45,89,101,113,136,168,180,269,281,304,329,109,24,34,34,63,63,63,89,89,99,99,149,149,149],"floor_reached":33,"playtime":1135,"items_purged":["Strike_R"],"score":570,"play_id":"5e58053f-dddc-4f28-a4e7-667d012b33eb","local_time":"20190918001433","is_ascension_mode":true,"campfire_choices":[{"data":"Shockwave","floor":6.0,"key":"SMITH"},{"data":"Bash","floor":8.0,"key":"SMITH"},{"floor":15.0,"key":"REST"},{"floor":23.0,"key":"REST"},{"floor":25.0,"key":"REST"},{"data":"Strike_R","floor":28.0,"key":"PURGE"},{"data":"Defend_R","floor":30,"key":"PURGE"},{"floor":32,"key":"REST"}],"neow_cost":"NONE","seed_source_timestamp":561582493396276,"circlet_count":0,"master_deck":["AscendersBane","Strike_R","Strike_R","Strike_R","Defend_R","Defend_R","Bash+1","Shockwave+1","Dropkick","Seeing Red","Spot Weakness","Immolate","Heavy Blade","Clothesline+1","Shrug It Off"],"special_seed":0,"relics":["Burning Blood","Regal Pillow","Vajra","MawBank","Pen Nib","Potion Belt","Fusion Hammer","Red Skull","Bag of Marbles","Bronze Scales","Peace Pipe","Juzu Bracelet"],"potions_floor_usage":[33],"damage_taken":[{"damage":14.0,"enemies":"2 Louse","floor":1.0,"turns":2.0},{"damage":6.0,"enemies":"Jaw Worm","floor":3.0,"turns":6.0},{"damage":8.0,"enemies":"Cultist","floor":4.0,"turns":4.0},{"damage":6.0,"enemies":"Red Slaver","floor":7.0,"turns":3.0},{"damage":6.0,"enemies":"Gremlin Nob","floor":10.0,"turns":3.0},{"damage":21.0,"enemies":"3 Louse","floor":13.0,"turns":4.0},{"damage":22.0,"enemies":"Gremlin Gang","floor":14.0,"turns":4.0},{"damage":44.0,"enemies":"Hexaghost","floor":16.0,"turns":9.0},{"damage":19.0,"enemies":"2 Thieves","floor":18.0,"turns":3.0},{"damage":1.0,"enemies":"3 Byrds","floor":19.0,"turns":4.0},{"damage":35.0,"enemies":"Cultist and Chosen","floor":22.0,"turns":5.0},{"damage":51.0,"enemies":"Book of Stabbing","floor":24.0,"turns":5.0},{"damage":24.0,"enemies":"Gremlin Leader","floor":27.0,"turns":5.0},{"damage":7,"enemies":"Chosen and Byrds","floor":29,"turns":5},{"damage":76,"enemies":"Champ","floor":33,"turns":8}],"seed_played":"7309046366805405871","potions_obtained":[{"floor":3.0,"key":"Swift Potion"},{"floor":4.0,"key":"AttackPotion"},{"floor":10.0,"key":"Regen Potion"},{"floor":16.0,"key":"Energy Potion"},{"floor":19.0,"key":"Block Potion"},{"floor":24.0,"key":"SkillPotion"},{"floor":27.0,"key":"Weak Potion"}],"is_trial":false,"path_per_floor":["M","?","M","M","$","R","M","R","T","E","?","?","M","M","R","B",null,"M","M","$","?","M","R","E","R","T","E","R","M","R","?","R","B"],"character_chosen":"IRONCLAD","items_purchased":["Dropkick","Vajra","Red Skull"],"campfire_rested":4,"item_purchase_floors":[5,5,20],"current_hp_per_floor":[60,49,49,47,47,47,47,47,47,47,40,40,37,21,58,20,61,48,53,53,53,24,61,16,53,53,35,35,34,34,34,71,0],"gold":149,"neow_bonus":"RANDOM_COMMON_RELIC","is_prod":false,"is_daily":false,"chose_seed":false,"campfire_upgraded":2,"win_rate":0,"timestamp":1568783673,"path_taken":["M","?","M","M","$","R","M","R","T","E","?","?","M","?","R","BOSS","M","M","$","?","M","R","E","R","T","E","R","M","R","?","R","BOSS"],"build_version":"2019-07-17","purchased_purges":1,"victory":false,"max_hp_per_floor":[75,75,75,75,75,75,75,75,75,75,75,75,75,75,75,75,75,75,75,75,75,75,75,75,75,75,75,75,75,75,75,75,75],"card_choices":[{"not_picked":["Twin Strike","Havoc","Flex"],"picked":"SKIP","floor":1.0},{"not_picked":["Carnage","Dual Wield"],"picked":"Shockwave","floor":3.0},{"not_picked":["Wild Strike","Pummel","Entrench"],"picked":"SKIP","floor":4.0},{"not_picked":["Iron Wave","Warcry"],"picked":"Seeing Red","floor":7.0},{"not_picked":["Evolve","Fiend Fire"],"picked":"Spot Weakness","floor":10.0},{"not_picked":["True Grit","Perfected Strike","Second Wind"],"picked":"SKIP","floor":13.0},{"not_picked":["Havoc","Thunderclap","Clothesline"],"picked":"SKIP","floor":14.0},{"not_picked":["Bludgeon","Impervious"],"picked":"Immolate","floor":16.0},{"not_picked":["Rupture","Fire Breathing"],"picked":"Heavy Blade","floor":18.0},{"not_picked":["Flex","Iron Wave"],"picked":"Clothesline+1","floor":19.0},{"not_picked":["Perfected Strike","Iron Wave"],"picked":"Shrug It Off","floor":22.0},{"not_picked":["Juggernaut","True Grit","Burning Pact"],"picked":"SKIP","floor":24.0},{"not_picked":["Heavy Blade","Infernal Blade","Rampage"],"picked":"SKIP","floor":27.0},{"not_picked":["Clothesline","Headbutt","True Grit"],"picked":"SKIP","floor":29}],"player_experience":1343111,"relics_obtained":[{"floor":9.0,"key":"MawBank"},{"floor":10.0,"key":"Pen Nib"},{"floor":12.0,"key":"Potion Belt"},{"floor":24.0,"key":"Bronze Scales"},{"floor":26.0,"key":"Peace Pipe"},{"floor":27.0,"key":"Juzu Bracelet"}],"event_choices":[{"damage_healed":0.0,"max_hp_gain":0.0,"max_hp_loss":0.0,"gold_gain":75.0,"event_name":"World of Goop","player_choice":"Gather Gold","floor":2.0,"gold_loss":0.0,"damage_taken":11.0},{"cards_removed":["Defend_R"],"damage_healed":0.0,"max_hp_gain":0.0,"max_hp_loss":0.0,"gold_gain":0.0,"event_name":"Golden Wing","player_choice":"Card Removal","floor":11.0,"gold_loss":0.0,"damage_taken":7.0},{"damage_healed":0.0,"max_hp_gain":0.0,"max_hp_loss":0.0,"gold_gain":0.0,"event_name":"Wheel of Change","player_choice":"Relic","floor":12.0,"gold_loss":0.0,"damage_taken":0.0},{"damage_healed":0.0,"max_hp_gain":0.0,"max_hp_loss":0.0,"gold_gain":0.0,"event_name":"Addict","player_choice":"Obtained Relic","floor":21.0,"gold_loss":85.0,"damage_taken":0.0,"relics_obtained":["Bag of Marbles"]},{"damage_healed":0,"gold_gain":50,"player_choice":"Pray","damage_taken":0,"max_hp_gain":0,"max_hp_loss":0,"event_name":"Golden Shrine","floor":31,"gold_loss":0}],"is_beta":false,"boss_relics":[{"not_picked":["Coffee Dripper","Astrolabe"],"picked":"Fusion Hammer"}],"items_purged_floors":[20],"is_endless":false,"potions_floor_spawned":[3,4,10,16,19,24,27],"killed_by":"Champ","ascension_level":20}