{"gold_per_floor":[115,127,52,52,72,88,88,88,88,88,114,114,129,164,164,235,235,251,301,321,336,336,336,336,336,336,346,33,46,56,69,69,69],"floor_reached":33,"playtime":7653,"items_purged":["Strike_R","Pain"],"score":518,"play_id":"6f1dec1a-2180-4c98-b70c-ed764bf10ab0","local_time":"20190917164340","is_ascension_mode":true,"campfire_choices":[{"data":"Armaments","floor":7.0,"key":"SMITH"},{"data":"Body Slam","floor":12.0,"key":"SMITH"},{"data":"Flame Barrier","floor":15.0,"key":"SMITH"},{"data":"Corruption","floor":23.0,"key":"SMITH"},{"floor":32.0,"key":"REST"}],"neow_cost":"NONE","seed_source_timestamp":528792935966389,"circlet_count":0,"master_deck":["AscendersBane","Strike_R","Defend_R","Defend_R","Defend_R","Defend_R","Bash","Body Slam+1","Armaments+1","Corruption+1","Flame Barrier+1","Exhume","Headbutt+1","Feel No Pain+1","Feed+1","Ghostly","Ghostly","Ghostly","Battle Trance","Shrug It Off","Warcry+1","Dual Wield+1"],"special_seed":0,"relics":["Cursed Key","Pen Nib","Dodecahedron","Astrolabe","Charon\u0027s Ashes","Medical Kit"],"potions_floor_usage":[33,33],"damage_taken":[{"damage":8.0,"enemies":"Small Slimes","floor":1.0,"turns":3.0},{"damage":2.0,"enemies":"2 Louse","floor":2.0,"turns":2.0},{"damage":0.0,"enemies":"Jaw Worm","floor":5.0,"turns":4.0},{"damage":11.0,"enemies":"Lots of Slimes","floor":6.0,"turns":6.0},{"damage":17.0,"enemies":"Gremlin Nob","floor":11.0,"turns":4.0},{"damage":10.0,"enemies":"Exordium Thugs","floor":13.0,"turns":5.0},{"damage":10.0,"enemies":"Lagavulin","floor":14.0,"turns":6.0},{"damage":26.0,"enemies":"Hexaghost","floor":16.0,"turns":10.0},{"damage":18.0,"enemies":"Chosen","floor":18.0,"turns":6.0},{"damage":12.0,"enemies":"2 Thieves","floor":20.0,"turns":4.0},{"damage":19.0,"enemies":"Snecko","floor":21.0,"turns":6.0},{"damage":2.0,"enemies":"Chosen and Byrds","floor":27.0,"turns":6.0},{"damage":0.0,"enemies":"Centurion and Healer","floor":29.0,"turns":5.0},{"damage":0.0,"enemies":"Sentry and Sphere","floor":30.0,"turns":4.0},{"damage":0.0,"enemies":"Shelled Parasite and Fungi","floor":31.0,"turns":4.0},{"damage":70,"enemies":"Collector","floor":33,"turns":8}],"seed_played":"6381896178516063500","potions_obtained":[{"floor":2.0,"key":"SpeedPotion"},{"floor":5.0,"key":"Ancient Potion"},{"floor":6.0,"key":"Weak Potion"},{"floor":11.0,"key":"AttackPotion"},{"floor":18.0,"key":"SpeedPotion"},{"floor":27.0,"key":"Weak Potion"},{"floor":29.0,"key":"EssenceOfSteel"}],"is_trial":false,"path_per_floor":["M","M","$","?","M","M","R","?","T","?","E","R","M","E","R","B",null,"M","?","M","M","T","R","?","?","T","M","$","M","M","M","R","B"],"character_chosen":"IRONCLAD","items_purchased":["Medical Kit"],"campfire_rested":1,"item_purchase_floors":[28],"current_hp_per_floor":[60,58,58,58,58,47,47,47,47,72,55,55,45,35,35,9,59,41,41,37,22,22,22,22,22,22,24,24,28,28,28,43,0],"gold":69,"neow_bonus":"BOSS_RELIC","is_prod":false,"is_daily":false,"chose_seed":false,"campfire_upgraded":4,"win_rate":0,"timestamp":1568756620,"path_taken":["M","M","$","?","M","M","R","?","T","?","E","R","M","E","R","BOSS","M","?","M","?","?","R","?","?","T","M","?","M","?","?","R","BOSS"],"build_version":"2019-07-17","purchased_purges":2,"victory":false,"max_hp_per_floor":[75,75,75,75,75,75,75,75,75,75,75,75,75,75,75,75,75,75,75,83,87,87,87,87,43,43,47,47,51,51,51,51,51],"card_choices":[{"not_picked":["Clothesline","True Grit"],"picked":"Body Slam","floor":1.0},{"not_picked":["Feel No Pain","Clothesline"],"picked":"Armaments","floor":2.0},{"not_picked":["Rampage","Flex"],"picked":"Corruption","floor":5.0},{"not_picked":["Corruption","Disarm","Pummel"],"picked":"SKIP","floor":6.0},{"not_picked":["Immolate","Clothesline"],"picked":"Flame Barrier","floor":11.0},{"not_picked":["Clothesline","Wild Strike","True Grit"],"picked":"SKIP","floor":13.0},{"not_picked":["Sever Soul","Headbutt","Hemokinesis"],"picked":"SKIP","floor":14.0},{"not_picked":["Fiend Fire","Double Tap"],"picked":"Exhume","floor":16.0},{"not_picked":["Dual Wield","Armaments","True Grit"],"picked":"SKIP","floor":18.0},{"not_picked":["Infernal Blade","Rupture","Pummel"],"picked":"SKIP","floor":20.0},{"not_picked":["Fire Breathing","Heavy Blade+1","Clothesline"],"picked":"SKIP","floor":21.0},{"not_picked":["Pommel Strike+1","Warcry"],"picked":"Battle Trance","floor":27.0},{"not_picked":["Flex","Headbutt+1"],"picked":"Shrug It Off","floor":29.0},{"not_picked":["Clash","True Grit"],"picked":"Warcry+1","floor":30.0},{"not_picked":["Warcry","Inflame"],"picked":"Dual Wield+1","floor":31.0}],"player_experience":1321460,"relics_obtained":[{"floor":11.0,"key":"Pen Nib"},{"floor":14.0,"key":"Dodecahedron"},{"floor":22.0,"key":"Charon\u0027s Ashes"}],"event_choices":[{"damage_healed":0.0,"max_hp_gain":0.0,"max_hp_loss":0.0,"gold_gain":0.0,"event_name":"The Cleric","player_choice":"Leave","floor":4.0,"gold_loss":0.0,"damage_taken":0.0},{"damage_healed":0.0,"max_hp_gain":0.0,"max_hp_loss":0.0,"gold_gain":0.0,"event_name":"Liars Game","player_choice":"Ignored","floor":8.0,"gold_loss":0.0,"damage_taken":0.0},{"damage_healed":25.0,"max_hp_gain":0.0,"max_hp_loss":0.0,"gold_gain":0.0,"event_name":"Big Fish","player_choice":"Banana","floor":10.0,"gold_loss":0.0,"damage_taken":0.0},{"damage_healed":0.0,"max_hp_gain":0.0,"max_hp_loss":0.0,"gold_gain":50.0,"event_name":"Golden Shrine","player_choice":"Pray","floor":19.0,"gold_loss":0.0,"damage_taken":0.0},{"damage_healed":0.0,"max_hp_gain":0.0,"max_hp_loss":0.0,"gold_gain":0.0,"event_name":"The Mausoleum","player_choice":"Ignored","floor":24.0,"gold_loss":0.0,"damage_taken":0.0},{"damage_healed":0.0,"max_hp_gain":0.0,"max_hp_loss":44.0,"gold_gain":0.0,"event_name":"Ghosts","player_choice":"Became a Ghost","floor":25.0,"gold_loss":0.0,"damage_taken":0.0,"cards_obtained":["Ghostly","Ghostly","Ghostly"]}],"is_beta":false,"boss_relics":[{"not_picked":["Runic Cube","White Beast Statue"],"picked":"Astrolabe"}],"items_purged_floors":[3,28],"is_endless":false,"potions_floor_spawned":[2,5,6,11,18,27,29],"killed_by":"Collector","ascension_level":20}