{"gold_per_floor":[110,28,28,28,41,41,59,59,59,59,59,74,74,103,103,204,204,216,216,141,160,160,160,195,195,195,120,120,219,119,131,131,236,236,251,0,0,0,19,19,53,53,133,149,24,24,24,36,36,36],"floor_reached":51,"playtime":1411,"items_purged":["Decay","Strike_R","Strike_R"],"score":745,"play_id":"0b00f93c-5c25-4c3a-98de-73f5682fdc38","local_time":"20190413025513","is_ascension_mode":true,"campfire_choices":[{"data":"Searing Blow","floor":6,"key":"SMITH"},{"data":"Searing Blow+1","floor":8,"key":"SMITH"},{"data":"Searing Blow+2","floor":11,"key":"SMITH"},{"data":"Searing Blow+4","floor":15,"key":"SMITH"},{"data":"Searing Blow+5","floor":23,"key":"SMITH"},{"data":"Searing Blow+6","floor":25,"key":"SMITH"},{"data":"Searing Blow+7","floor":32,"key":"SMITH"},{"data":"Searing Blow+8","floor":40,"key":"SMITH"},{"data":"Searing Blow+9","floor":42,"key":"SMITH"},{"data":"Searing Blow+10","floor":46,"key":"SMITH"},{"floor":49,"key":"REST"}],"neow_cost":"NONE","seed_source_timestamp":426260406881765,"circlet_count":0,"master_deck":["Strike_R","Defend_R","Defend_R","Defend_R","Defend_R","Bash","Iron Wave","Searing Blow+11","Shrug It Off","Pommel Strike","Metallicize","Impervious","Uppercut","Anger+1","Necronomicurse","Uppercut+1","Demon Form","Immolate","Battle Trance+1"],"relics":["Burning Blood","Dream Catcher","Kunai","Darkstone Periapt","Juzu Bracelet","Lizard Tail","MutagenicStrength","Necronomicon","Bird Faced Urn","Happy Flower","Busted Crown","Red Mask","Anchor","Mercury Hourglass"],"potions_floor_usage":[],"damage_taken":[{"damage":7,"enemies":"2 Louse","floor":1,"turns":4},{"damage":4,"enemies":"Cultist","floor":5,"turns":4},{"damage":3,"enemies":"Jaw Worm","floor":7,"turns":4},{"damage":0,"enemies":"2 Fungi Beasts","floor":12,"turns":2},{"damage":25,"enemies":"3 Sentries","floor":14,"turns":8},{"damage":45,"enemies":"Slime Boss","floor":16,"turns":11},{"damage":9,"enemies":"Chosen","floor":18,"turns":6},{"damage":0,"enemies":"Spheric Guardian","floor":21,"turns":3},{"damage":21,"enemies":"Gremlin Leader","floor":24,"turns":4},{"damage":9,"enemies":"3 Cultists","floor":31,"turns":4},{"damage":36,"enemies":"Champ","floor":33,"turns":7},{"damage":17,"enemies":"3 Darklings","floor":35,"turns":7},{"damage":3,"enemies":"3 Shapes","floor":39,"turns":4},{"damage":62,"enemies":"Reptomancer","floor":41,"turns":3},{"damage":10,"enemies":"Maw","floor":44,"turns":6},{"damage":1,"enemies":"Jaw Worm Horde","floor":48,"turns":4},{"damage":16,"enemies":"Donu and Deca","floor":50,"turns":5}],"seed_played":"-4083164244753111714","potions_obtained":[{"floor":5,"key":"SkillPotion"},{"floor":12,"key":"PowerPotion"},{"floor":14,"key":"Swift Potion"}],"is_trial":false,"path_per_floor":["M","$","?","?","M","R","M","R","T","T","R","M","?","E","R","B",null,"M","?","$","M","?","R","E","R","T","?","?","?","$","M","R","B",null,"M","?","?","?","M","R","E","R","T","M","$","R","$","M","R","B",null],"character_chosen":"IRONCLAD","items_purchased":["Searing Blow","Shrug It Off"],"campfire_rested":1,"item_purchase_floors":[2,2],"current_hp_per_floor":[79,79,79,79,80,80,80,80,80,80,80,80,80,61,61,22,80,77,77,77,80,70,70,55,55,55,55,55,55,55,52,52,24,86,75,75,75,75,80,80,26,26,26,26,26,26,26,33,58,50],"gold":36,"neow_bonus":"RANDOM_COMMON_RELIC","is_prod":false,"is_daily":false,"chose_seed":false,"campfire_upgraded":10,"win_rate":0,"timestamp":1555142113,"path_taken":["M","$","?","?","M","R","?","R","T","?","R","M","?","E","R","BOSS","M","?","$","M","?","R","E","R","T","?","?","?","$","M","R","BOSS","M","?","?","?","M","R","E","R","T","M","$","R","?","M","R","BOSS"],"build_version":"2019-01-23","purchased_purges":3,"victory":true,"max_hp_per_floor":[80,80,80,80,80,80,80,80,80,80,80,80,80,80,80,80,80,80,80,80,80,86,86,86,86,86,86,86,86,86,86,86,86,86,86,86,86,86,86,86,86,86,86,86,86,86,86,86,86,86],"card_choices":[{"not_picked":["Cleave","Clothesline"],"picked":"Iron Wave","floor":1},{"not_picked":["Juggernaut","Warcry"],"picked":"Pommel Strike","floor":5},{"not_picked":["Headbutt","Cleave"],"picked":"Metallicize","floor":7},{"not_picked":["Inflame","Headbutt"],"picked":"Sword Boomerang","floor":12},{"not_picked":["Spot Weakness","True Grit","Clash"],"picked":"SKIP","floor":14},{"not_picked":["Exhume","Dark Embrace"],"picked":"Impervious","floor":16},{"not_picked":["Cleave","Heavy Blade"],"picked":"Uppercut","floor":18},{"not_picked":["Twin Strike+1","Spot Weakness"],"picked":"Anger+1","floor":21},{"not_picked":["Iron Wave","Hemokinesis+1","Ghostly Armor"],"picked":"SKIP","floor":24},{"not_picked":["Sword Boomerang","Warcry"],"picked":"Uppercut+1","floor":31},{"not_picked":["Brutality","Immolate"],"picked":"Demon Form","floor":33},{"not_picked":["Metallicize"],"picked":"SKIP","floor":35},{"not_picked":[],"picked":"Battle Trance+1","floor":39},{"not_picked":["Cleave+1"],"picked":"SKIP","floor":41},{"not_picked":["Heavy Blade+1"],"picked":"SKIP","floor":44},{"not_picked":["Flex"],"picked":"SKIP","floor":48}],"player_experience":45211,"relics_obtained":[{"floor":9,"key":"Kunai"},{"floor":10,"key":"Darkstone Periapt"},{"floor":14,"key":"Juzu Bracelet"},{"floor":22,"key":"Necronomicon"},{"floor":24,"key":"Bird Faced Urn"},{"floor":26,"key":"Happy Flower"},{"floor":41,"key":"Anchor"},{"floor":43,"key":"Mercury Hourglass"}],"event_choices":[{"damage_healed":0,"gold_gain":0,"player_choice":"Leave","damage_taken":0,"max_hp_gain":0,"max_hp_loss":0,"event_name":"The Cleric","floor":3,"gold_loss":0},{"damage_healed":0,"gold_gain":0,"player_choice":"Cursed","damage_taken":0,"max_hp_gain":0,"max_hp_loss":0,"event_name":"Wheel of Change","floor":4,"gold_loss":0,"cards_obtained":["Decay"]},{"damage_healed":0,"gold_gain":0,"player_choice":"Grow","damage_taken":0,"max_hp_gain":0,"max_hp_loss":0,"event_name":"Living Wall","floor":13,"gold_loss":0,"cards_upgraded":["Searing Blow"]},{"damage_healed":0,"gold_gain":0,"player_choice":"Inject Mutagens","damage_taken":0,"relics_obtained":["MutagenicStrength"],"max_hp_gain":0,"max_hp_loss":0,"event_name":"Drug Dealer","floor":19,"gold_loss":0},{"damage_healed":0,"gold_gain":0,"player_choice":"Obtained Book","damage_taken":16,"max_hp_gain":0,"max_hp_loss":0,"event_name":"Cursed Tome","floor":22,"gold_loss":0},{"cards_removed":["Strike_R"],"damage_healed":0,"gold_gain":0,"player_choice":"Gave Gold","damage_taken":0,"max_hp_gain":0,"max_hp_loss":0,"event_name":"Beggar","floor":27,"gold_loss":75},{"cards_removed":["Strike_R"],"damage_healed":0,"gold_gain":0,"player_choice":"Elegance","damage_taken":0,"max_hp_gain":0,"max_hp_loss":0,"event_name":"Back to Basics","floor":28,"gold_loss":0},{"damage_healed":0,"gold_gain":99,"player_choice":"Stole From Cult","damage_taken":0,"max_hp_gain":0,"max_hp_loss":0,"event_name":"Nest","floor":29,"gold_loss":0},{"damage_healed":0,"gold_gain":0,"player_choice":"Paid","damage_taken":0,"relics_obtained":["Red Mask"],"max_hp_gain":0,"max_hp_loss":0,"event_name":"Tomb of Lord Red Mask","floor":36,"gold_loss":251},{"damage_healed":0,"gold_gain":0,"player_choice":"1 cards matched","damage_taken":0,"max_hp_gain":0,"max_hp_loss":0,"event_name":"Match and Keep!","floor":37,"gold_loss":0,"cards_obtained":["Immolate"]},{"cards_removed":["Sword Boomerang"],"damage_healed":0,"gold_gain":0,"player_choice":"Purged","damage_taken":0,"max_hp_gain":0,"max_hp_loss":0,"event_name":"Purifier","floor":38,"gold_loss":0}],"is_beta":false,"boss_relics":[{"not_picked":["Fusion Hammer","Black Blood"],"picked":"Lizard Tail"},{"not_picked":["White Beast Statue","Snecko Eye"],"picked":"Busted Crown"}],"items_purged_floors":[20,30,45],"is_endless":false,"potions_floor_spawned":[5,12,14,21],"ascension_level":1}