{"path_per_floor":["M","?","M","M","M","R","E","R","T","E","M","M","R","E","R","B",null,"M","?","$","M","M","E","R","M","T","E","R","M","$","M","R","B",null,"M","M","$","?","?","$","E","M","T","$","R","E","M","M","R"],"character_chosen":"IRONCLAD","items_purchased":["Toxic Egg 2","Thinking Ahead"],"gold_per_floor":[109,109,119,139,157,157,192,192,245,270,290,305,305,338,338,436,436,447,447,111,129,140,173,173,193,193,221,221,236,29,41,41,141,141,152,171,171,171,171,171,197,207,207,107,107,141,157,174,174,174],"floor_reached":50,"campfire_rested":3,"playtime":3620,"current_hp_per_floor":[80,80,78,80,72,72,50,74,74,75,72,78,78,68,68,69,80,73,73,73,75,79,87,87,87,87,81,81,83,83,85,85,82,87,87,77,77,66,66,66,45,47,47,47,73,17,19,18,44,0],"items_purged":["Strike_R","Defend_R"],"gold":174,"score":589,"play_id":"162f763e-0fde-48ba-8165-a083faefb203","local_time":"20180404093951","is_prod":false,"is_daily":false,"is_ascension_mode":false,"campfire_upgraded":6,"timestamp":1522852791,"path_taken":["M","?","M","M","M","R","E","R","T","E","M","M","R","E","R","BOSS","M","?","$","M","M","E","R","M","T","E","R","M","$","M","R","BOSS","M","M","?","?","?","$","E","?","T","?","R","E","?","M","R","BOSS"],"build_version":"2018-03-29v2","purchased_purges":2,"victory":false,"master_deck":["Strike_R","Strike_R","Strike_R","Defend_R","Defend_R","Defend_R","Bash","Demon Form+1","Shrug It Off+1","Armaments+1","Flex+1","Corruption+1","Shrug It Off+1","Twin Strike+1","Limit Break","Feel No Pain+1","Pommel Strike+1","Body Slam+1","Offering+1","Twin Strike+1","Thinking Ahead+1","Impervious+1","Thunderclap+1","Madness+1","Madness+1","Ghostly Armor+1","Burning Pact+1"],"max_hp_per_floor":[80,80,80,80,80,80,80,80,80,80,80,80,80,80,80,80,80,80,80,80,80,80,87,87,87,87,87,87,87,87,87,87,87,87,87,87,87,87,87,87,87,87,87,87,87,87,87,87,87,87],"relics":["Burning Blood","Ornamental Fan","War Paint","Sundial","Shuriken","Velvet Choker","Bag of Preparation","Toxic Egg 2","Strawberry","Omamori","Happy Flower","Runic Dome","Anchor","Red Skull","Oddly Smooth Stone"],"card_choices":[{"not_picked":["Thunderclap","Metallicize"],"picked":"Shrug It Off","floor":1.0},{"not_picked":["Anger","Power Through"],"picked":"Armaments","floor":4.0},{"not_picked":["Shockwave","Clash"],"picked":"Flex","floor":5.0},{"not_picked":["Inflame","Pommel Strike"],"picked":"Corruption","floor":7.0},{"not_picked":["Thunderclap","Iron Wave"],"picked":"Shrug It Off","floor":10.0},{"not_picked":["Anger","Rage"],"picked":"Twin Strike","floor":12.0},{"not_picked":["Dark Embrace","Reaper"],"picked":"Limit Break","floor":16.0},{"not_picked":["Headbutt","Cleave"],"picked":"Feel No Pain","floor":18.0},{"not_picked":["Feel No Pain","Twin Strike"],"picked":"Pommel Strike","floor":22.0},{"not_picked":["Armaments","Sentinel"],"picked":"Body Slam","floor":23.0},{"not_picked":["Iron Wave","Armaments"],"picked":"Offering","floor":27},{"not_picked":["Cleave","Seeing Red"],"picked":"Twin Strike","floor":29},{"not_picked":["Dark Embrace","Exhume"],"picked":"Impervious","floor":33},{"not_picked":["Armaments","Infernal Blade"],"picked":"Thunderclap","floor":36},{"not_picked":["Feed","Uppercut"],"picked":"Ghostly Armor","floor":46},{"not_picked":["Iron Wave","Evolve"],"picked":"Burning Pact","floor":47}],"player_experience":81270,"potions_floor_usage":[33,50,50],"damage_taken":[{"damage":5.0,"enemies":"2 Louse","floor":1.0,"turns":3.0},{"damage":8.0,"enemies":"Cultist","floor":3.0,"turns":5.0},{"damage":0.0,"enemies":"Small Slimes","floor":4.0,"turns":3.0},{"damage":14.0,"enemies":"2 Fungi Beasts","floor":5.0,"turns":5.0},{"damage":28.0,"enemies":"Gremlin Nob","floor":7.0,"turns":4.0},{"damage":5.0,"enemies":"Lagavulin","floor":10.0,"turns":5.0},{"damage":9.0,"enemies":"Exordium Wildlife","floor":11.0,"turns":5.0},{"damage":0.0,"enemies":"Lots of Slimes","floor":12.0,"turns":7.0},{"damage":16.0,"enemies":"3 Sentries","floor":14.0,"turns":9.0},{"damage":5.0,"enemies":"Hexaghost","floor":16.0,"turns":6.0},{"damage":13.0,"enemies":"3 Byrds","floor":18.0,"turns":7.0},{"damage":4.0,"enemies":"Shell Parasite","floor":21.0,"turns":4.0},{"damage":2.0,"enemies":"3 Cultists","floor":22.0,"turns":5.0},{"damage":0.0,"enemies":"Gremlin Leader","floor":23.0,"turns":6.0},{"damage":0.0,"enemies":"Snecko","floor":25.0,"turns":4.0},{"damage":12.0,"enemies":"Book of Stabbing","floor":27.0,"turns":5.0},{"damage":4,"enemies":"Chosen and Byrds","floor":29,"turns":5},{"damage":4,"enemies":"Cultist and Chosen","floor":31,"turns":5},{"damage":9,"enemies":"Automaton","floor":33,"turns":8},{"damage":4,"enemies":"Orb Walker","floor":35,"turns":3},{"damage":16,"enemies":"3 Shapes","floor":36,"turns":5},{"damage":27,"enemies":"Giant Head","floor":41,"turns":7},{"damage":4,"enemies":"Maw","floor":42,"turns":6},{"damage":62,"enemies":"2 Orb Walkers","floor":46,"turns":6},{"damage":4,"enemies":"4 Shapes","floor":47,"turns":5},{"damage":7,"enemies":"3 Darklings","floor":48,"turns":4},{"damage":50,"enemies":"Awakened One","floor":50,"turns":3}],"event_choices":[{"event_name":"Purifier","player_choice":"One Purge","floor":2.0,"damage_taken":0.0},{"event_name":"The Mausoleum","player_choice":"Yes","floor":19.0,"damage_taken":0.0},{"event_name":"Winding Halls","player_choice":"Embrace Madness","floor":38,"damage_taken":0},{"event_name":"Tomb of Lord Red Mask","player_choice":"Ignored","floor":39,"damage_taken":0}],"boss_relics":[{"not_picked":["Snecko Eye","Pandora\u0027s Box"],"picked":"Runic Dome"}],"potions_floor_spawned":[3,11,12,14,16,21,22,25,27,33,36,46,47],"seed_played":"8643180772622836747","killed_by":"Awakened One","ascension_level":0,"is_trial":false}