{"gold_per_floor":[212,212,68,86,86,119,137,152,228,228,246,264,264,264,264,264],"floor_reached":16,"playtime":5481,"items_purged":[],"score":102,"play_id":"2f1013e9-dfaa-4117-8806-5d8351247512","local_time":"20190910184644","is_ascension_mode":false,"campfire_choices":[{"data":"Amplify","floor":10,"key":"SMITH"},{"floor":13,"key":"REST"},{"floor":15,"key":"REST"}],"neow_cost":"NONE","seed_source_timestamp":243492234153539,"circlet_count":0,"master_deck":["Strike_B","Strike_B","Strike_B","Strike_B","Defend_B","Defend_B","Defend_B","Defend_B","Zap","Dualcast+1","Coolheaded","Hologram","White Noise","Genetic Algorithm","Iron Wave"],"special_seed":0,"relics":["Cracked Core","DataDisk","Calipers","Mercury Hourglass"],"potions_floor_usage":[],"damage_taken":[{"damage":8.0,"enemies":"Small Slimes","floor":1.0,"turns":2.0},{"damage":1.0,"enemies":"Cultist","floor":4.0,"turns":3.0},{"damage":29.0,"enemies":"Gremlin Nob","floor":6.0,"turns":4.0},{"damage":0.0,"enemies":"2 Louse","floor":7.0,"turns":2.0},{"damage":18,"enemies":"Lots of Slimes","floor":8,"turns":5},{"damage":7,"enemies":"Looter","floor":11,"turns":4},{"damage":3,"enemies":"Exordium Thugs","floor":12,"turns":3},{"damage":0,"enemies":"Hexaghost","floor":16,"turns":1}],"seed_played":"8856153457075110179","potions_obtained":[{"floor":6.0,"key":"EssenceOfSteel"},{"floor":8,"key":"SpeedPotion"},{"floor":11,"key":"Swift Potion"}],"is_trial":false,"path_per_floor":["M","?","$","M","?","E","M","M","T","R","M","M","R","?","R","B"],"character_chosen":"DEFECT","items_purchased":["DataDisk"],"campfire_rested":2,"item_purchase_floors":[3],"current_hp_per_floor":[67,67,67,66,66,37,37,19,19,19,12,9,31,31,53,53],"gold":264,"neow_bonus":"HUNDRED_GOLD","is_prod":false,"is_daily":false,"chose_seed":false,"campfire_upgraded":1,"win_rate":0,"timestamp":1568159204,"path_taken":["M","?","$","?","?","E","M","?","T","R","?","M","R","?","R","BOSS"],"build_version":"2019-07-17","purchased_purges":0,"victory":false,"max_hp_per_floor":[75,75,75,75,75,75,75,75,75,75,75,75,75,75,75,75],"card_choices":[{"not_picked":["Redo","Sweeping Beam","Recycle"],"picked":"SKIP","floor":1.0},{"not_picked":["Hologram","Reprogram"],"picked":"Coolheaded","floor":4.0},{"not_picked":["Doom and Gloom","Chill"],"picked":"Hologram","floor":6.0},{"not_picked":["Reinforced Body","Beam Cell"],"picked":"White Noise","floor":7.0},{"not_picked":["Capacitor","Gash"],"picked":"Amplify","floor":8},{"not_picked":["Genetic Algorithm","Sweeping Beam","Gash"],"picked":"SKIP","floor":11},{"not_picked":["Sweeping Beam","Gash"],"picked":"Genetic Algorithm","floor":11},{"not_picked":["Turbo","Conserve Battery","Heatsinks"],"picked":"SKIP","floor":12}],"player_experience":1168151,"relics_obtained":[{"floor":6.0,"key":"Calipers"},{"floor":9,"key":"Mercury Hourglass"}],"event_choices":[{"damage_healed":0.0,"max_hp_gain":0.0,"max_hp_loss":0.0,"gold_gain":0.0,"event_name":"Accursed Blacksmith","player_choice":"Forge","floor":2.0,"gold_loss":0.0,"damage_taken":0.0,"cards_upgraded":["Dualcast"]},{"damage_healed":0.0,"max_hp_gain":0.0,"max_hp_loss":0.0,"gold_gain":0.0,"event_name":"The Woman in Blue","player_choice":"Bought 0 Potions","floor":5.0,"gold_loss":0.0,"damage_taken":0.0},{"cards_removed":["Amplify"],"damage_healed":0,"gold_gain":0,"player_choice":"Took Card","damage_taken":0,"max_hp_gain":0,"max_hp_loss":0,"event_name":"NoteForYourself","floor":14,"gold_loss":0,"cards_obtained":["Iron Wave"]}],"is_beta":false,"boss_relics":[],"items_purged_floors":[],"is_endless":false,"potions_floor_spawned":[6,8,11],"killed_by":"Hexaghost","ascension_level":0}