{"gold_per_floor":[112,124,124,124,148,192,192,192,247,172,172,172,193,214,214,342,342,365,385,385,213,238,273,296,309,332,332,332,353,353],"floor_reached":30,"playtime":2724,"items_purged":["Strike_B","Strike_B"],"score":327,"play_id":"dbad05a8-b0ac-4413-9989-816259d33947","local_time":"20190918002409","is_ascension_mode":false,"campfire_choices":[{"data":"Streamline","floor":12,"key":"SMITH"},{"data":"Consume","floor":15,"key":"SMITH"},{"data":"Seek","floor":28,"key":"SMITH"}],"neow_cost":"NONE","seed_source_timestamp":527112821941199,"circlet_count":0,"master_deck":["Strike_B+1","Defend_B","Defend_B","Zap","Dualcast","Sweeping Beam","Coolheaded+1","Streamline+1","Beam Cell","Gash","Consume+1","Creative AI","Steam","Fission","Glacier","Coolheaded","Conserve Battery+1","Seek+1","Skim","Tempest","Loop","Leap+1"],"relics":["Cracked Core","NeowsBlessing","Golden Idol","CultistMask","Strawberry","PreservedInsect","Inserter","Letter Opener","Bag of Preparation"],"potions_floor_usage":[16,16,23,24,25],"damage_taken":[{"damage":0,"enemies":"Jaw Worm","floor":1,"turns":1},{"damage":0,"enemies":"2 Louse","floor":2,"turns":1},{"damage":0,"enemies":"Cultist","floor":5,"turns":1},{"damage":27,"enemies":"Lagavulin","floor":6,"turns":8},{"damage":12,"enemies":"3 Louse","floor":13,"turns":2},{"damage":2,"enemies":"Blue Slaver","floor":14,"turns":3},{"damage":0,"enemies":"Slime Boss","floor":16,"turns":7},{"damage":26,"enemies":"2 Thieves","floor":18,"turns":4},{"damage":14,"enemies":"Chosen","floor":19,"turns":6},{"damage":24,"enemies":"Snake Plant","floor":22,"turns":6},{"damage":0,"enemies":"Slavers","floor":23,"turns":9},{"damage":12,"enemies":"3 Cultists","floor":24,"turns":5},{"damage":2,"enemies":"Snecko","floor":25,"turns":9},{"damage":7,"enemies":"Cultist and Chosen","floor":29,"turns":8},{"damage":24,"enemies":"3 Cultists","floor":30,"turns":4}],"seed_played":"-8667925585418889357","potions_obtained":[{"floor":2,"key":"Poison Potion"},{"floor":6,"key":"FocusPotion"},{"floor":16,"key":"SpeedPotion"},{"floor":22,"key":"SkillPotion"},{"floor":24,"key":"Regen Potion"},{"floor":25,"key":"Ancient Potion"},{"floor":29,"key":"AttackPotion"}],"is_trial":false,"path_per_floor":["M","M","?","?","M","E","?","?","T","$","?","R","M","M","R","B",null,"M","M","?","$","M","E","M","M","T","?","R","M","M"],"character_chosen":"DEFECT","items_purchased":["Glacier"],"campfire_rested":0,"item_purchase_floors":[21],"current_hp_per_floor":[75,75,57,57,57,37,42,25,25,25,25,25,13,11,11,11,87,61,47,47,47,23,23,11,24,24,24,24,17,0],"gold":353,"neow_bonus":"THREE_ENEMY_KILL","is_prod":false,"is_daily":false,"chose_seed":false,"campfire_upgraded":3,"win_rate":0.0,"timestamp":1568777049,"path_taken":["M","M","?","?","?","E","?","?","T","?","?","R","M","M","R","BOSS","M","M","?","$","M","E","M","M","T","?","R","?","?"],"build_version":"2019-07-17","purchased_purges":2,"victory":false,"max_hp_per_floor":[75,75,75,75,75,82,87,87,87,87,87,87,87,87,87,87,87,87,87,87,87,87,87,87,87,87,87,87,87,87],"card_choices":[{"not_picked":["Scrape","Stack"],"picked":"Sweeping Beam","floor":1},{"not_picked":["Barrage","FTL"],"picked":"Coolheaded","floor":2},{"not_picked":["Barrage","Thunder Strike"],"picked":"Streamline","floor":5},{"not_picked":["Barrage","Conserve Battery"],"picked":"Beam Cell","floor":6},{"not_picked":["Hologram","Self Repair"],"picked":"Gash","floor":13},{"not_picked":["Rebound","Reinforced Body"],"picked":"Consume","floor":14},{"not_picked":["Rainbow","Machine Learning"],"picked":"Creative AI","floor":16},{"not_picked":["Hologram+1","Barrage+1"],"picked":"Steam","floor":18},{"not_picked":["Steam+1","Cold Snap"],"picked":"Fission","floor":19},{"not_picked":["Turbo","Cold Snap+1"],"picked":"Coolheaded","floor":22},{"not_picked":["Go for the Eyes","Leap+1"],"picked":"Conserve Battery+1","floor":23},{"not_picked":["Steam+1","Hologram"],"picked":"Seek","floor":24},{"not_picked":["Streamline","Rebound+1"],"picked":"Skim","floor":25},{"not_picked":["Meteor Strike","Redo"],"picked":"Leap+1","floor":29}],"player_experience":48243,"relics_obtained":[{"floor":6,"key":"Strawberry"},{"floor":9,"key":"PreservedInsect"},{"floor":23,"key":"Letter Opener"},{"floor":26,"key":"Bag of Preparation"}],"event_choices":[{"damage_healed":0,"gold_gain":0,"player_choice":"Take Damage","damage_taken":18,"relics_obtained":["Golden Idol"],"max_hp_gain":0,"max_hp_loss":0,"event_name":"Golden Idol","floor":3,"gold_loss":0},{"damage_healed":0,"gold_gain":0,"player_choice":"Trade","damage_taken":0,"relics_obtained":["CultistMask"],"max_hp_gain":0,"max_hp_loss":0,"event_name":"FaceTrader","floor":4,"gold_loss":0},{"damage_healed":0,"gold_gain":0,"player_choice":"Donut","damage_taken":0,"max_hp_gain":5,"max_hp_loss":0,"event_name":"Big Fish","floor":7,"gold_loss":0},{"damage_healed":0,"gold_gain":0,"player_choice":"Entered Light","damage_taken":17,"max_hp_gain":0,"max_hp_loss":0,"event_name":"Shining Light","floor":8,"gold_loss":0,"cards_upgraded":["Strike_B","Coolheaded"]},{"cards_removed":["Strike_B"],"damage_healed":0,"gold_gain":0,"player_choice":"Forget","damage_taken":0,"max_hp_gain":0,"max_hp_loss":0,"event_name":"Living Wall","floor":11,"gold_loss":0},{"damage_healed":0,"gold_gain":0,"player_choice":"Ignored","damage_taken":0,"max_hp_gain":0,"max_hp_loss":0,"event_name":"Ghosts","floor":20,"gold_loss":0},{"damage_healed":0,"gold_gain":0,"cards_transformed":["Defend_B","Defend_B"],"player_choice":"Became Test Subject","damage_taken":0,"max_hp_gain":0,"max_hp_loss":0,"event_name":"Drug Dealer","floor":27,"gold_loss":0,"cards_obtained":["Tempest","Loop"]}],"is_beta":false,"boss_relics":[{"not_picked":["Cursed Key","Philosopher\u0027s Stone"],"picked":"Inserter"}],"items_purged_floors":[10,21],"is_endless":false,"potions_floor_spawned":[2,6,16,22,24,25,29],"killed_by":"3 Cultists","ascension_level":0}