{"gold_per_floor":[115,6,19,19,44,44,44,65,65,88,88,113,113,138,138,264,264,283,346,361,137,160,160,191,191,191,241,241,241,291,39,39,39],"floor_reached":33,"playtime":994,"items_purged":["Regret","Defend_B"],"score":256,"play_id":"790a927d-27de-43f8-8f9e-8972e90c31e2","local_time":"20190412040806","is_ascension_mode":false,"campfire_choices":[{"data":"Hologram","floor":6.0,"key":"SMITH"},{"data":"Loop","floor":13.0,"key":"SMITH"},{"floor":15.0,"key":"REST"},{"floor":23,"key":"REST"},{"floor":25,"key":"REST"},{"floor":28,"key":"REST"},{"data":"Capacitor","floor":32,"key":"SMITH"}],"neow_cost":"NONE","seed_source_timestamp":344647928815633,"circlet_count":0,"master_deck":["Strike_B","Strike_B","Strike_B","Strike_B","Defend_B+1","Defend_B+1","Defend_B","Zap","Dualcast","Hologram+1","Loop+1","Doom and Gloom","Cold Snap+1","Electrodynamics","Go for the Eyes","Leap","Darkness","Ball Lightning+1","Echo Form","Darkness+1","Coolheaded+1","Capacitor+1","Coolheaded+1","Redo"],"special_seed":0,"relics":["Cracked Core","NeowsBlessing","Bloody Idol","Letter Opener","Bottled Tornado","SsserpentHead","Sozu","Whetstone","Juzu Bracelet","War Paint","Spirit Poop","Oddly Smooth Stone"],"potions_floor_usage":[],"damage_taken":[{"damage":0.0,"enemies":"2 Louse","floor":1.0,"turns":1.0},{"damage":0.0,"enemies":"Small Slimes","floor":3.0,"turns":1.0},{"damage":0.0,"enemies":"Cultist","floor":5.0,"turns":1.0},{"damage":23.0,"enemies":"Exordium Thugs","floor":8.0,"turns":4.0},{"damage":13.0,"enemies":"3 Louse","floor":10.0,"turns":2.0},{"damage":10.0,"enemies":"Red Slaver","floor":12.0,"turns":3.0},{"damage":14.0,"enemies":"Gremlin Gang","floor":14.0,"turns":4.0},{"damage":22.0,"enemies":"The Guardian","floor":16.0,"turns":11.0},{"damage":5,"enemies":"Spheric Guardian","floor":18,"turns":3},{"damage":32,"enemies":"Shell Parasite","floor":19,"turns":4},{"damage":5,"enemies":"Snecko","floor":20,"turns":4},{"damage":17,"enemies":"Snake Plant","floor":22,"turns":5},{"damage":35,"enemies":"Slavers","floor":24,"turns":4},{"damage":62,"enemies":"Automaton","floor":33,"turns":6}],"seed_played":"1607226950346121407","potions_obtained":[{"floor":3.0,"key":"Dexterity Potion"},{"floor":10.0,"key":"GamblersBrew"},{"floor":14.0,"key":"Strength Potion"},{"floor":16.0,"key":"Dexterity Potion"}],"is_trial":false,"path_per_floor":["M","$","M","?","M","R","?","M","T","M","?","M","R","M","R","B",null,"M","M","M","$","M","R","E","R","T","?","R","?","?","$","R","B"],"character_chosen":"DEFECT","items_purchased":["Loop","Doom and Gloom","Whetstone","Oddly Smooth Stone"],"campfire_rested":4,"item_purchase_floors":[2,2,21,31],"current_hp_per_floor":[75,75,75,75,75,75,75,52,52,39,39,29,29,15,37,15,75,70,38,33,33,16,38,3,25,25,25,47,52,57,57,57,0],"gold":39,"neow_bonus":"THREE_ENEMY_KILL","is_prod":false,"is_daily":false,"chose_seed":false,"campfire_upgraded":3,"win_rate":0.0,"timestamp":1555060086,"path_taken":["M","$","M","?","M","R","?","M","T","M","?","M","R","M","R","BOSS","M","?","M","$","M","R","E","R","T","?","R","?","?","$","R","BOSS"],"build_version":"2019-01-23","purchased_purges":2,"victory":false,"max_hp_per_floor":[75,75,75,75,75,75,75,75,75,75,75,75,75,75,75,75,75,75,75,75,75,75,75,75,75,75,75,75,75,75,75,75,75],"card_choices":[{"not_picked":["Stack","Turbo"],"picked":"Hologram","floor":1.0},{"not_picked":["Ball Lightning","Redo"],"picked":"Cold Snap","floor":3.0},{"not_picked":["Reprogram","Streamline"],"picked":"Electrodynamics","floor":5.0},{"not_picked":["Stack","Streamline"],"picked":"Go for the Eyes","floor":8.0},{"not_picked":["Ball Lightning","Undo"],"picked":"Leap","floor":10.0},{"not_picked":["Echo Form","Steam"],"picked":"Darkness","floor":12.0},{"not_picked":["Redo","Scrape"],"picked":"Ball Lightning","floor":14.0},{"not_picked":["All For One","Rainbow"],"picked":"Echo Form","floor":16.0},{"not_picked":["Leap","Sweeping Beam"],"picked":"Darkness+1","floor":18},{"not_picked":["Conserve Battery","Beam Cell"],"picked":"Coolheaded+1","floor":19},{"not_picked":["Melter+1","Beam Cell"],"picked":"Capacitor","floor":20},{"not_picked":["Hologram+1","Rebound+1"],"picked":"Coolheaded+1","floor":22},{"not_picked":["Doom and Gloom","Coolheaded+1"],"picked":"Redo","floor":24}],"player_experience":31663,"relics_obtained":[{"floor":9.0,"key":"Bottled Tornado"},{"floor":24,"key":"Juzu Bracelet"},{"floor":26,"key":"War Paint"}],"event_choices":[{"damage_healed":0.0,"max_hp_gain":0.0,"max_hp_loss":0.0,"gold_gain":0.0,"event_name":"Golden Idol","player_choice":"Take Wound","floor":4.0,"gold_loss":0.0,"damage_taken":0.0,"relics_obtained":["Golden Idol"],"cards_obtained":["Injury"]},{"damage_healed":0.0,"max_hp_gain":0.0,"max_hp_loss":0.0,"gold_gain":0.0,"event_name":"Big Fish","player_choice":"Box","floor":7.0,"gold_loss":0.0,"damage_taken":0.0,"relics_obtained":["Letter Opener"],"cards_obtained":["Regret"]},{"damage_healed":0.0,"max_hp_gain":0.0,"max_hp_loss":0.0,"gold_gain":0.0,"event_name":"FaceTrader","player_choice":"Trade","floor":11.0,"gold_loss":0.0,"damage_taken":0.0,"relics_obtained":["SsserpentHead"]},{"damage_healed":0,"gold_gain":0,"player_choice":"Gave Idol","damage_taken":0,"relics_obtained":["Bloody Idol"],"max_hp_gain":0,"max_hp_loss":0,"event_name":"Forgotten Altar","floor":27,"relics_lost":["Golden Idol"],"gold_loss":0},{"damage_healed":0,"gold_gain":0,"player_choice":"Bet on Owner","damage_taken":0,"max_hp_gain":0,"max_hp_loss":0,"event_name":"The Joust","floor":29,"gold_loss":50},{"cards_removed":["Injury"],"damage_healed":0,"gold_gain":0,"player_choice":"Offered Curse","damage_taken":0,"relics_obtained":["Spirit Poop"],"max_hp_gain":0,"max_hp_loss":0,"event_name":"Bonfire Elementals","floor":30,"gold_loss":0}],"is_beta":false,"boss_relics":[{"not_picked":["Orrery","White Beast Statue"],"picked":"Sozu"}],"items_purged_floors":[21,31],"is_endless":false,"potions_floor_spawned":[3,10,14,16,18,24],"killed_by":"Automaton","ascension_level":0}