{"gold_per_floor":[111,121,196,49,133,167,167,197,197,222,222,235,235,255,255,356,356,371,382,399,415,415,415,415,433,433,449,449,472,484,512,524,536],"floor_reached":33,"playtime":1142,"items_purged":["Injury"],"score":296,"play_id":"b2dcf480-607f-4bd8-8f26-8c596bf329cb","local_time":"20190327195936","is_ascension_mode":true,"campfire_choices":[{"data":"Whirlwind","floor":7,"key":"SMITH"},{"data":"Perfected Strike","floor":11,"key":"SMITH"},{"data":"Flex","floor":13,"key":"SMITH"},{"data":"Discovery","floor":15,"key":"SMITH"},{"data":"Enlightenment","floor":23,"key":"SMITH"},{"floor":30,"key":"REST"},{"floor":32,"key":"REST"}],"neow_cost":"CURSE","seed_source_timestamp":239999218687600,"circlet_count":0,"master_deck":["Strike_R","Strike_R","Strike_R","Strike_R","Strike_R","Defend_R","Defend_R","Defend_R","Defend_R","Bash","Enlightenment+1","Discovery+1","Clothesline","Clothesline","Whirlwind+1","Perfected Strike+1","Limit Break","Flex+1","Bludgeon","Wild Strike+1","Twin Strike+1","Double Tap","Dual Wield","Perfected Strike","Twin Strike"],"relics":["Burning Blood","Tiny Chest","Blood Vial","FossilizedHelix","Sundial","Ancient Tea Set","Velvet Choker","Happy Flower","MawBank"],"potions_floor_usage":[6,20,33,33,33],"damage_taken":[{"damage":12,"enemies":"Jaw Worm","floor":1,"turns":3},{"damage":4,"enemies":"Cultist","floor":2,"turns":3},{"damage":20,"enemies":"Gremlin Nob","floor":6,"turns":4},{"damage":20,"enemies":"3 Sentries","floor":8,"turns":7},{"damage":0,"enemies":"Small Slimes","floor":12,"turns":1},{"damage":0,"enemies":"2 Fungi Beasts","floor":14,"turns":1},{"damage":44,"enemies":"Hexaghost","floor":16,"turns":10},{"damage":19,"enemies":"Spheric Guardian","floor":18,"turns":4},{"damage":17,"enemies":"2 Thieves","floor":19,"turns":4},{"damage":0,"enemies":"3 Cultists","floor":20,"turns":3},{"damage":35,"enemies":"Centurion and Healer","floor":21,"turns":4},{"damage":6,"enemies":"Cultist and Chosen","floor":25,"turns":3},{"damage":28,"enemies":"Shelled Parasite and Fungi","floor":27,"turns":4},{"damage":16,"enemies":"Snake Plant","floor":31,"turns":2},{"damage":85,"enemies":"Automaton","floor":33,"turns":6}],"seed_played":"-6409247914899916326","potions_obtained":[{"floor":2,"key":"Poison Potion"},{"floor":16,"key":"Regen Potion"},{"floor":18,"key":"Dexterity Potion"},{"floor":25,"key":"BloodPotion"},{"floor":31,"key":"Explosive Potion"}],"is_trial":false,"path_per_floor":["M","M","?","$","T","E","R","E","T","T","R","M","R","M","R","B",null,"M","M","M","M","?","R","?","M","T","M","?","T","R","M","R","B"],"character_chosen":"IRONCLAD","items_purchased":["Whirlwind"],"campfire_rested":2,"item_purchase_floors":[4],"current_hp_per_floor":[74,76,68,68,68,54,54,42,42,42,42,50,50,58,58,22,80,67,58,75,48,48,48,48,50,50,30,15,15,40,32,57,0],"gold":536,"neow_bonus":"RANDOM_COLORLESS_2","is_prod":false,"is_daily":false,"chose_seed":false,"campfire_upgraded":5,"win_rate":0,"timestamp":1553734776,"path_taken":["M","M","?","$","?","E","R","E","T","?","R","M","R","M","R","BOSS","M","M","M","?","?","R","?","M","T","M","?","?","R","?","R","BOSS"],"build_version":"2019-01-23","purchased_purges":1,"victory":false,"max_hp_per_floor":[80,80,80,80,80,80,80,80,80,80,80,80,80,80,80,80,80,80,80,80,80,80,80,80,80,80,80,85,85,85,85,85,85],"card_choices":[{"not_picked":["Havoc","Flex"],"picked":"Clothesline","floor":1},{"not_picked":["Ghostly Armor","Warcry"],"picked":"Clothesline","floor":2},{"not_picked":["Shockwave","Armaments"],"picked":"Perfected Strike","floor":6},{"not_picked":["Havoc","Thunderclap"],"picked":"Limit Break","floor":8},{"not_picked":["Power Through","Heavy Blade"],"picked":"Flex","floor":12},{"not_picked":["Dropkick","Evolve","Headbutt"],"picked":"SKIP","floor":14},{"not_picked":["Impervious","Feed"],"picked":"Bludgeon","floor":16},{"not_picked":["Thunderclap","Warcry","Heavy Blade"],"picked":"SKIP","floor":18},{"not_picked":["Battle Trance","Armaments+1"],"picked":"Wild Strike+1","floor":19},{"not_picked":["Armaments","Heavy Blade"],"picked":"Twin Strike+1","floor":20},{"not_picked":["Power Through+1","Sword Boomerang"],"picked":"Double Tap","floor":21},{"not_picked":["Carnage","Wild Strike+1"],"picked":"Perfected Strike","floor":25},{"not_picked":["Sword Boomerang+1","Iron Wave","Anger"],"picked":"SKIP","floor":27},{"not_picked":["Thunderclap","Wild Strike"],"picked":"Twin Strike","floor":31}],"player_experience":398175,"relics_obtained":[{"floor":5,"key":"Tiny Chest"},{"floor":6,"key":"Blood Vial"},{"floor":8,"key":"FossilizedHelix"},{"floor":9,"key":"Sundial"},{"floor":10,"key":"Ancient Tea Set"},{"floor":26,"key":"Happy Flower"},{"floor":29,"key":"MawBank"}],"event_choices":[{"damage_healed":0,"gold_gain":75,"player_choice":"Touch","damage_taken":8,"max_hp_gain":0,"max_hp_loss":0,"event_name":"FaceTrader","floor":3,"gold_loss":0},{"damage_healed":0,"gold_gain":0,"player_choice":"Ignored","damage_taken":0,"max_hp_gain":0,"max_hp_loss":0,"event_name":"Vampires","floor":22,"gold_loss":0},{"damage_healed":0,"gold_gain":0,"player_choice":"Read","damage_taken":0,"max_hp_gain":0,"max_hp_loss":0,"event_name":"The Library","floor":24,"gold_loss":0,"cards_obtained":["Dual Wield"]},{"damage_healed":0,"gold_gain":0,"player_choice":"Shed Blood","damage_taken":20,"max_hp_gain":5,"max_hp_loss":0,"event_name":"Forgotten Altar","floor":28,"gold_loss":0}],"is_beta":false,"boss_relics":[{"not_picked":["Snecko Eye","Empty Cage"],"picked":"Velvet Choker"}],"items_purged_floors":[4],"is_endless":false,"potions_floor_spawned":[2,16,18,25,31],"killed_by":"Automaton","ascension_level":3}