{"gold_per_floor":[114,114,78,153,170,198,123,154,206,236,252,265,276,291,291,391,391,404,404,404,404,418,418,693,707,707,724,724,724,736,736],"floor_reached":31,"playtime":970,"items_purged":["Regret"],"score":296,"play_id":"056227b3-ef51-403e-a294-bb66c74dfca3","local_time":"20190818024750","is_ascension_mode":true,"campfire_choices":[{"floor":15,"key":"REST"},{"data":"Echo Form","floor":23,"key":"SMITH"},{"floor":28,"key":"REST"}],"neow_cost":"NONE","seed_source_timestamp":91823701257600,"circlet_count":0,"master_deck":["Strike_B","Strike_B","Strike_B","Strike_B","Defend_B","Defend_B","Defend_B","Defend_B","Zap","Dualcast","Cold Snap","Capacitor","Doom and Gloom","Loop","Loop","Leap","Turbo","Echo Form+1","Cold Snap","Steam Power","All For One","Reinforced Body+1","Regret","Conserve Battery+1","Coolheaded"],"relics":["Cracked Core","NeowsBlessing","Strawberry","Pocketwatch","Symbiotic Virus","Lantern","Dodecahedron","Snecko Eye","Singing Bowl"],"potions_floor_usage":[13,16,16,16,27,27],"damage_taken":[{"damage":0,"enemies":"2 Louse","floor":1,"turns":1},{"damage":0,"enemies":"Jaw Worm","floor":5,"turns":1},{"damage":0,"enemies":"Lagavulin","floor":6,"turns":1},{"damage":30,"enemies":"3 Sentries","floor":8,"turns":6},{"damage":32,"enemies":"Lagavulin","floor":10,"turns":5},{"damage":0,"enemies":"Cultist","floor":11,"turns":3},{"damage":0,"enemies":"3 Louse","floor":12,"turns":2},{"damage":1,"enemies":"Blue Slaver","floor":13,"turns":4},{"damage":0,"enemies":"Lots of Slimes","floor":14,"turns":1},{"damage":15,"enemies":"Slime Boss","floor":16,"turns":5},{"damage":28,"enemies":"Shell Parasite","floor":18,"turns":5},{"damage":1,"enemies":"Spheric Guardian","floor":22,"turns":3},{"damage":31,"enemies":"Cultist and Chosen","floor":25,"turns":5},{"damage":24,"enemies":"Snake Plant","floor":27,"turns":5},{"damage":30,"enemies":"Sentry and Sphere","floor":30,"turns":5},{"damage":4,"enemies":"Gremlin Leader","floor":31,"turns":1}],"seed_played":"196797762472927806","potions_obtained":[{"floor":8,"key":"Dexterity Potion"},{"floor":10,"key":"EssenceOfSteel"},{"floor":11,"key":"Dexterity Potion"},{"floor":13,"key":"Energy Potion"},{"floor":16,"key":"Block Potion"},{"floor":22,"key":"FairyPotion"},{"floor":25,"key":"GamblersBrew"},{"floor":27,"key":"Energy Potion"},{"floor":30,"key":"PowerPotion"}],"is_trial":false,"path_per_floor":["M","?","$","?","M","E","$","E","T","E","M","M","M","M","R","B",null,"M","?","?","$","M","R","?","M","T","M","R","?","M","E"],"character_chosen":"DEFECT","items_purchased":["Capacitor"],"campfire_rested":2,"item_purchase_floors":[3],"current_hp_per_floor":[75,82,82,74,74,74,74,44,44,12,12,12,11,11,35,20,82,54,54,54,54,53,53,53,22,22,8,32,32,4,0],"gold":736,"neow_bonus":"THREE_ENEMY_KILL","is_prod":false,"is_daily":false,"chose_seed":false,"campfire_upgraded":1,"win_rate":0,"timestamp":1566114470,"path_taken":["M","?","$","?","M","E","$","E","T","E","M","?","M","M","R","BOSS","M","?","?","$","?","R","?","M","T","?","R","?","M","E"],"build_version":"2019-07-17","purchased_purges":1,"victory":false,"max_hp_per_floor":[75,82,82,82,82,82,82,82,82,82,82,82,82,82,82,82,82,82,82,82,82,82,82,82,82,82,82,82,82,84,84],"card_choices":[{"not_picked":["Reinforced Body","Coolheaded"],"picked":"Cold Snap","floor":1},{"not_picked":["Rip and Tear","Double Energy"],"picked":"Beam Cell","floor":5},{"not_picked":["Rainbow","Compile Driver"],"picked":"Doom and Gloom","floor":6},{"not_picked":["Compile Driver","Cold Snap"],"picked":"Loop","floor":8},{"not_picked":["Blizzard","Darkness","Chaos"],"picked":"SKIP","floor":10},{"not_picked":["Compile Driver","Hologram"],"picked":"Storm","floor":11},{"not_picked":["Barrage","Go for the Eyes"],"picked":"Loop","floor":12},{"not_picked":["Redo","Gash"],"picked":"Leap","floor":13},{"not_picked":["Storm","Sunder"],"picked":"Turbo","floor":14},{"not_picked":["Biased Cognition","Buffer"],"picked":"Echo Form","floor":16},{"not_picked":["Steam","Scrape"],"picked":"Cold Snap","floor":18},{"not_picked":["Darkness+1","Aggregate"],"picked":"Reinforced Body+1","floor":22},{"not_picked":["Rebound","Tempest"],"picked":"Conserve Battery+1","floor":25},{"not_picked":["Beam Cell","Redo+1"],"picked":"Coolheaded","floor":27},{"not_picked":["Darkness","Doom and Gloom","Hologram"],"picked":"Singing Bowl","floor":30}],"player_experience":136368,"relics_obtained":[{"floor":6,"key":"Pocketwatch"},{"floor":8,"key":"Symbiotic Virus"},{"floor":9,"key":"Lantern"},{"floor":10,"key":"Dodecahedron"},{"floor":26,"key":"Singing Bowl"}],"event_choices":[{"damage_healed":0,"gold_gain":0,"player_choice":"Box","damage_taken":0,"relics_obtained":["Strawberry"],"max_hp_gain":0,"max_hp_loss":0,"event_name":"Big Fish","floor":2,"gold_loss":0,"cards_obtained":["Regret"]},{"damage_healed":0,"gold_gain":75,"player_choice":"Touch","damage_taken":8,"max_hp_gain":0,"max_hp_loss":0,"event_name":"FaceTrader","floor":4,"gold_loss":0},{"damage_healed":0,"gold_gain":0,"cards_transformed":["Storm","Beam Cell"],"player_choice":"Became Test Subject","damage_taken":0,"max_hp_gain":0,"max_hp_loss":0,"event_name":"Drug Dealer","floor":19,"gold_loss":0,"cards_obtained":["Steam Power","All For One"]},{"damage_healed":0,"gold_gain":0,"player_choice":"Bought 0 Potions","damage_taken":0,"max_hp_gain":0,"max_hp_loss":0,"event_name":"The Woman in Blue","floor":20,"gold_loss":0},{"damage_healed":0,"gold_gain":275,"player_choice":"Desecrate","damage_taken":0,"max_hp_gain":0,"max_hp_loss":0,"event_name":"Golden Shrine","floor":24,"gold_loss":0,"cards_obtained":["Regret"]},{"damage_healed":0,"gold_gain":0,"player_choice":"Ignored","damage_taken":0,"max_hp_gain":0,"max_hp_loss":0,"event_name":"Vampires","floor":29,"gold_loss":0}],"is_beta":false,"boss_relics":[{"not_picked":["Busted Crown","Sozu"],"picked":"Snecko Eye"}],"items_purged_floors":[7],"is_endless":false,"potions_floor_spawned":[8,10,11,13,16,22,25,27,30],"killed_by":"Gremlin Leader","ascension_level":1}