{"gold_per_floor":[110,123,190,204,224,224,239,239,287,287,301,315,374,374,374,471,471,488,504,429,429,443,443,459,459,505,530,530,550,550,0,0,105,105,121,137,137,154,154,154,182,192,192,210,210,210,225,70,70,70],"floor_reached":50,"playtime":3175,"items_purged":[],"score":586,"play_id":"cf2fac6d-e55f-4698-84f2-63339a782f30","local_time":"20190825201359","is_ascension_mode":false,"campfire_choices":[{"floor":6.0,"key":"REST"},{"floor":8.0,"key":"REST"},{"data":"Heavy Blade","floor":10.0,"key":"SMITH"},{"data":"Panacea","floor":15.0,"key":"SMITH"},{"floor":23.0,"key":"REST"},{"floor":25.0,"key":"REST"},{"floor":30.0,"key":"REST"},{"floor":32.0,"key":"REST"},{"floor":40.0,"key":"REST"},{"floor":45,"key":"REST"},{"floor":49,"key":"REST"}],"neow_cost":"PERCENT_DAMAGE","seed_source_timestamp":0,"circlet_count":0,"master_deck":["Strike_R","Strike_R","Strike_R","Defend_R","Defend_R","Bash","Warcry","Heavy Blade+1","Thunderclap+1","Ghostly Armor","Twin Strike","Spot Weakness","Spot Weakness","Panacea+1","Bludgeon+1","Rage","Bash","Impervious","Double Tap+1","Clash+1","Carnage+1","Flex+1","Perfected Strike+1","J.A.X.","Intimidate","Clothesline","Heavy Blade+1","Decay","Intimidate","Inflame","Cleave","Purity","Impervious","Corruption+1","Shrug It Off+1","Flame Barrier","Bandage Up","Dramatic Entrance","Panache","Heavy Blade+1","Parasite","Flame Barrier","Rupture","Burning Pact","Writhe","Inflame+1"],"special_seed":0,"relics":["Burning Blood","Vajra","Darkstone Periapt","Astrolabe","Bag of Marbles","Orichalcum","Incense Burner","Black Star","Dream Catcher","Thread and Needle","Oddly Smooth Stone","Whetstone"],"potions_floor_usage":[44,44,47],"damage_taken":[{"damage":1.0,"enemies":"Jaw Worm","floor":1.0,"turns":5.0},{"damage":12.0,"enemies":"Small Slimes","floor":2.0,"turns":7.0},{"damage":1.0,"enemies":"2 Louse","floor":4.0,"turns":3.0},{"damage":46.0,"enemies":"Gremlin Gang","floor":5.0,"turns":7.0},{"damage":9.0,"enemies":"2 Fungi Beasts","floor":7.0,"turns":5.0},{"damage":0.0,"enemies":"Large Slime","floor":11.0,"turns":4.0},{"damage":10.0,"enemies":"Looter","floor":12.0,"turns":2.0},{"damage":14.0,"enemies":"Lagavulin Event","floor":13.0,"turns":5.0},{"damage":25.0,"enemies":"Slime Boss","floor":16.0,"turns":9.0},{"damage":28.0,"enemies":"Chosen","floor":18.0,"turns":5.0},{"damage":15.0,"enemies":"2 Thieves","floor":19.0,"turns":4.0},{"damage":43.0,"enemies":"Centurion and Healer","floor":22.0,"turns":5.0},{"damage":28.0,"enemies":"3 Cultists","floor":24.0,"turns":6.0},{"damage":47.0,"enemies":"Book of Stabbing","floor":27.0,"turns":5.0},{"damage":6.0,"enemies":"Cultist and Chosen","floor":29.0,"turns":4.0},{"damage":31.0,"enemies":"Automaton","floor":33.0,"turns":7.0},{"damage":9.0,"enemies":"Orb Walker","floor":35.0,"turns":2.0},{"damage":22.0,"enemies":"3 Shapes","floor":36.0,"turns":4.0},{"damage":21.0,"enemies":"Sphere and 2 Shapes","floor":38.0,"turns":6.0},{"damage":43.0,"enemies":"Nemesis","floor":41.0,"turns":9.0},{"damage":31,"enemies":"Writhing Mass","floor":42,"turns":6},{"damage":43,"enemies":"Jaw Worm Horde","floor":44,"turns":4},{"damage":31,"enemies":"Maw","floor":47,"turns":10},{"damage":101,"enemies":"Donu and Deca","floor":50,"turns":8}],"seed_played":"-1260740537140973361","potions_obtained":[{"floor":2.0,"key":"LiquidBronze"},{"floor":5.0,"key":"SkillPotion"},{"floor":7.0,"key":"Energy Potion"},{"floor":16.0,"key":"SpeedPotion"},{"floor":19.0,"key":"Block Potion"},{"floor":24.0,"key":"LiquidBronze"},{"floor":29.0,"key":"Poison Potion"},{"floor":35.0,"key":"GamblersBrew"},{"floor":36.0,"key":"PowerPotion"},{"floor":41.0,"key":"Poison Potion"},{"floor":44,"key":"GamblersBrew"}],"is_trial":false,"path_per_floor":["M","M","?","M","M","R","M","R","T","R","M","M","?","?","R","B",null,"M","M","?","?","M","R","M","R","T","E","?","M","R","$","R","B",null,"M","M","?","M","?","R","E","M","T","M","R","?","M","$","R","B"],"character_chosen":"IRONCLAD","items_purchased":["Incense Burner","Inflame","Cleave","Purity","Strength Potion","Whetstone"],"campfire_rested":9,"item_purchase_floors":[31,31,31,31,31,48],"current_hp_per_floor":[77,71,71,76,36,64,61,89,89,89,95,91,83,83,83,64,96,74,65,65,65,28,56,34,62,62,21,27,27,57,57,87,62,102,99,83,83,68,58,88,55,40,40,7,39,72,51,51,85,0],"gold":70,"neow_bonus":"TWENTY_PERCENT_HP_BONUS","is_prod":false,"is_daily":false,"chose_seed":false,"campfire_upgraded":2,"win_rate":0,"timestamp":1566756839,"path_taken":["M","M","?","M","M","R","M","R","T","R","M","M","?","?","R","BOSS","M","?","?","?","M","R","M","R","T","E","?","M","R","$","R","BOSS","M","M","?","M","?","R","E","M","T","M","R","?","M","$","R","BOSS"],"build_version":"2019-07-17","purchased_purges":0,"victory":false,"max_hp_per_floor":[96,96,96,96,96,96,96,96,96,96,96,96,96,96,96,96,96,96,96,96,96,96,96,96,96,96,96,102,102,102,102,102,102,102,102,102,102,102,102,102,102,108,108,108,108,114,114,114,114,114],"card_choices":[{"not_picked":["True Grit","Blood for Blood"],"picked":"Warcry","floor":1.0},{"not_picked":["Dual Wield","Burning Pact"],"picked":"Heavy Blade","floor":2.0},{"not_picked":["Burning Pact","Pommel Strike"],"picked":"Thunderclap","floor":4.0},{"not_picked":["Dual Wield","Anger"],"picked":"Ghostly Armor","floor":5.0},{"not_picked":["Perfected Strike","Sword Boomerang"],"picked":"Twin Strike","floor":7.0},{"not_picked":["Heavy Blade","Warcry"],"picked":"Spot Weakness","floor":11.0},{"not_picked":["Armaments","Fiend Fire"],"picked":"Headbutt","floor":12.0},{"not_picked":["Armaments","Perfected Strike"],"picked":"Spot Weakness","floor":13.0},{"not_picked":["Double Tap","Demon Form"],"picked":"Impervious","floor":16.0},{"not_picked":["Twin Strike","Armaments+1"],"picked":"Flex+1","floor":18.0},{"not_picked":["Warcry","Body Slam"],"picked":"Perfected Strike+1","floor":19.0},{"not_picked":["Pommel Strike+1","Reckless Charge"],"picked":"Intimidate","floor":22.0},{"not_picked":["Feed","Headbutt+1"],"picked":"Clothesline","floor":24.0},{"not_picked":["True Grit","Exhume"],"picked":"Heavy Blade+1","floor":27.0},{"not_picked":["Carnage","Evolve"],"picked":"Intimidate","floor":29.0},{"not_picked":["Exhume","Double Tap"],"picked":"Impervious","floor":33.0},{"not_picked":["Clothesline+1","Thunderclap"],"picked":"Corruption+1","floor":35.0},{"not_picked":["Body Slam","True Grit+1"],"picked":"Shrug It Off+1","floor":36.0},{"not_picked":["Rampage","Anger"],"picked":"Flame Barrier","floor":38.0},{"not_picked":["Jack Of All Trades","Magnetism"],"picked":"Bandage Up","floor":39.0},{"not_picked":["Transmutation","Purity"],"picked":"Dramatic Entrance","floor":39.0},{"not_picked":["Purity","Madness"],"picked":"Panache","floor":39.0},{"not_picked":["Sword Boomerang+1","Battle Trance"],"picked":"Heavy Blade+1","floor":41.0},{"not_picked":["Sword Boomerang","Rampage+1"],"picked":"Flame Barrier","floor":42},{"not_picked":["Body Slam","Armaments+1"],"picked":"Rupture","floor":44},{"not_picked":["Armaments","Sentinel"],"picked":"Burning Pact","floor":45},{"not_picked":["Perfected Strike+1","Headbutt","Dropkick"],"picked":"SKIP","floor":47},{"not_picked":["Iron Wave+1","Perfected Strike+1"],"picked":"Inflame+1","floor":49}],"player_experience":151528,"relics_obtained":[{"floor":9.0,"key":"Vajra"},{"floor":13.0,"key":"Darkstone Periapt"},{"floor":26.0,"key":"Bag of Marbles"},{"floor":27.0,"key":"Orichalcum"},{"floor":41.0,"key":"Dream Catcher"},{"floor":41.0,"key":"Thread and Needle"},{"floor":43,"key":"Oddly Smooth Stone"}],"event_choices":[{"damage_healed":0.0,"max_hp_gain":0.0,"max_hp_loss":0.0,"gold_gain":67.0,"event_name":"Golden Wing","player_choice":"Gained Gold","floor":3.0,"gold_loss":0.0,"damage_taken":0.0},{"damage_healed":0.0,"max_hp_gain":0.0,"max_hp_loss":0.0,"gold_gain":0.0,"event_name":"Dead Adventurer","player_choice":"Searched \u00271\u0027 times","floor":13.0,"gold_loss":0.0,"damage_taken":0.0},{"damage_healed":0.0,"max_hp_gain":0.0,"max_hp_loss":0.0,"gold_gain":0.0,"event_name":"Match and Keep!","player_choice":"4 cards matched","floor":14.0,"gold_loss":0.0,"damage_taken":0.0,"cards_obtained":["Panacea","Bludgeon","Rage","Bash"]},{"cards_removed":["Defend_R"],"damage_healed":0.0,"max_hp_gain":0.0,"max_hp_loss":0.0,"gold_gain":0.0,"event_name":"Beggar","player_choice":"Gave Gold","floor":20.0,"gold_loss":75.0,"damage_taken":0.0},{"damage_healed":0.0,"max_hp_gain":0.0,"max_hp_loss":0.0,"gold_gain":0.0,"event_name":"Drug Dealer","player_choice":"Obtain J.A.X.","floor":21.0,"gold_loss":0.0,"damage_taken":0.0,"cards_obtained":["J.A.X."]},{"damage_healed":0.0,"max_hp_gain":0.0,"max_hp_loss":0.0,"gold_gain":0.0,"event_name":"Forgotten Altar","player_choice":"Smashed Altar","floor":28.0,"gold_loss":0.0,"damage_taken":0.0,"cards_obtained":["Decay"]},{"cards_removed":["Headbutt"],"damage_healed":0.0,"max_hp_gain":0.0,"max_hp_loss":0.0,"gold_gain":0.0,"event_name":"Falling","player_choice":"Removed Attack","floor":37.0,"gold_loss":0.0,"damage_taken":0.0},{"damage_healed":0.0,"max_hp_gain":0.0,"max_hp_loss":0.0,"gold_gain":0.0,"event_name":"SensoryStone","player_choice":"Memory 3","floor":39.0,"gold_loss":0.0,"damage_taken":10.0},{"damage_healed":27,"gold_gain":0,"player_choice":"Writhe","damage_taken":0,"max_hp_gain":0,"max_hp_loss":0,"event_name":"Winding Halls","floor":46,"gold_loss":0,"cards_obtained":["Writhe"]}],"is_beta":false,"boss_relics":[{"not_picked":["Ectoplasm","Runic Dome"],"picked":"Astrolabe"},{"not_picked":["Philosopher\u0027s Stone","Empty Cage"],"picked":"Black Star"}],"items_purged_floors":[],"is_endless":false,"potions_floor_spawned":[2,5,7,16,19,24,29,35,36,41,44],"killed_by":"Donu and Deca","ascension_level":0}