{"gold_per_floor":[113,123,123,48,48,73,85,102,183,201,220,245,90,100,100,100],"floor_reached":16,"playtime":1896,"items_purged":["Defend_R"],"score":114,"play_id":"c565cdba-7f13-42cb-9b90-18a6f981784b","local_time":"20190915041235","is_ascension_mode":false,"campfire_choices":[{"data":"Dual Wield","floor":15,"key":"SMITH"}],"neow_cost":"NONE","seed_source_timestamp":540404415653622,"circlet_count":0,"master_deck":["Strike_R","Strike_R","Strike_R","Strike_R","Defend_R","Defend_R","Defend_R","Bash","Reaper","Dual Wield+1","Seeing Red"],"relics":["Burning Blood","Incense Burner","Gremlin Horn","Vajra","Happy Flower"],"potions_floor_usage":[12,14],"damage_taken":[{"damage":0,"enemies":"Small Slimes","floor":1,"turns":3},{"damage":6,"enemies":"Cultist","floor":2,"turns":4},{"damage":28,"enemies":"Gremlin Nob","floor":6,"turns":4},{"damage":1,"enemies":"Jaw Worm","floor":7,"turns":5},{"damage":6,"enemies":"Lots of Slimes","floor":8,"turns":7},{"damage":5,"enemies":"2 Fungi Beasts","floor":10,"turns":5},{"damage":4,"enemies":"Red Slaver","floor":11,"turns":5},{"damage":35,"enemies":"Lagavulin","floor":12,"turns":9},{"damage":24,"enemies":"Gremlin Gang","floor":14,"turns":7},{"damage":107,"enemies":"Hexaghost","floor":16,"turns":13}],"seed_played":"-8349735646693970490","potions_obtained":[{"floor":1,"key":"FairyPotion"},{"floor":10,"key":"EssenceOfSteel"},{"floor":12,"key":"EssenceOfSteel"}],"is_trial":false,"path_per_floor":["M","M","?","$","?","E","M","M","T","M","M","E","$","M","R","B"],"character_chosen":"IRONCLAD","items_purchased":["Happy Flower"],"campfire_rested":0,"item_purchase_floors":[13],"current_hp_per_floor":[88,88,88,88,88,66,71,71,71,76,82,59,59,55,55,0],"gold":100,"neow_bonus":"TEN_PERCENT_HP_BONUS","is_prod":false,"is_daily":false,"chose_seed":false,"campfire_upgraded":1,"win_rate":0,"timestamp":1568535155,"path_taken":["M","M","?","?","?","E","M","M","T","M","?","E","?","M","R","BOSS"],"build_version":"2019-07-17","purchased_purges":1,"victory":false,"max_hp_per_floor":[88,88,88,88,88,88,88,88,88,88,88,88,88,88,88,88],"card_choices":[{"not_picked":["Anger","Headbutt","Perfected Strike"],"picked":"SKIP","floor":1},{"not_picked":["Disarm","Body Slam","Clothesline"],"picked":"SKIP","floor":2},{"not_picked":["Anger","Evolve","Twin Strike"],"picked":"SKIP","floor":6},{"not_picked":["Anger","Evolve","Twin Strike"],"picked":"SKIP","floor":6},{"not_picked":["Carnage","Cleave","Clothesline"],"picked":"SKIP","floor":7},{"not_picked":["Wild Strike","Burning Pact"],"picked":"Reaper","floor":8},{"not_picked":["Anger","Armaments","Metallicize"],"picked":"SKIP","floor":10},{"not_picked":["Evolve","Iron Wave"],"picked":"Dual Wield","floor":11},{"not_picked":["Dual Wield","Body Slam"],"picked":"Seeing Red","floor":12},{"not_picked":["Heavy Blade","Perfected Strike","Flex"],"picked":"SKIP","floor":14}],"player_experience":87332,"relics_obtained":[{"floor":6,"key":"Incense Burner"},{"floor":9,"key":"Gremlin Horn"},{"floor":12,"key":"Vajra"}],"event_choices":[{"cards_removed":["Strike_R"],"damage_healed":0,"gold_gain":0,"player_choice":"Purged","damage_taken":0,"max_hp_gain":0,"max_hp_loss":0,"event_name":"Purifier","floor":3,"gold_loss":0},{"damage_healed":0,"gold_gain":0,"player_choice":"Leave","damage_taken":0,"max_hp_gain":0,"max_hp_loss":0,"event_name":"The Cleric","floor":5,"gold_loss":0}],"is_beta":false,"boss_relics":[],"items_purged_floors":[4],"is_endless":false,"potions_floor_spawned":[1,10,12],"killed_by":"Hexaghost","ascension_level":0}