{"gold_per_floor":[109,123,123,142,142,142,161,5,5,5,5,49,49,49,49,168,168,188,209,209,209,109,109,129,129,152,0,18,18,18,42,42,173,173,191,524,541,334,334],"floor_reached":39,"playtime":1835,"items_purged":["Pain","Shame"],"score":377,"play_id":"5eea2398-2dc4-489e-80e4-06cf480811d8","local_time":"20190417003313","is_ascension_mode":false,"campfire_choices":[{"data":"Fusion","floor":6,"key":"SMITH"},{"data":"Capacitor","floor":10,"key":"SMITH"},{"floor":13,"key":"REST"},{"floor":15,"key":"REST"},{"data":"Defragment","floor":23,"key":"SMITH"},{"floor":25,"key":"REST"},{"floor":30,"key":"REST"},{"floor":32,"key":"REST"}],"neow_cost":"NONE","seed_source_timestamp":239947376698590,"circlet_count":0,"master_deck":["Strike_B","Strike_B","Defend_B","Defend_B+1","Defend_B","Defend_B","Zap","Dualcast+1","Fusion+1","Self Repair","Genetic Algorithm","Redo","Capacitor+1","Defragment+1","Multi-Cast","Chill","Streamline+1","Cold Snap","Stack+1","Leap","Meteor Strike","Storm","Consume+1"],"relics":["Empty Cage","WarpedTongs","Bottled Tornado","Gremlin Horn","Busted Crown","Bronze Scales","Lantern","Sozu","Membership Card"],"potions_floor_usage":[12,12,12,33,33,39],"damage_taken":[{"damage":4,"enemies":"Small Slimes","floor":1,"turns":4},{"damage":7,"enemies":"Cultist","floor":2,"turns":5},{"damage":13,"enemies":"2 Louse","floor":4,"turns":4},{"damage":36,"enemies":"Large Slime","floor":7,"turns":9},{"damage":24,"enemies":"Lagavulin","floor":12,"turns":7},{"damage":39,"enemies":"The Guardian","floor":16,"turns":14},{"damage":22,"enemies":"Shell Parasite","floor":18,"turns":9},{"damage":22,"enemies":"Spheric Guardian","floor":19,"turns":6},{"damage":36,"enemies":"Colosseum Slavers","floor":20,"turns":5},{"damage":18,"enemies":"Snake Plant","floor":24,"turns":5},{"damage":21,"enemies":"Cultist and Chosen","floor":28,"turns":7},{"damage":4,"enemies":"Centurion and Healer","floor":31,"turns":8},{"damage":59,"enemies":"Automaton","floor":33,"turns":13},{"damage":0,"enemies":"3 Darklings","floor":35,"turns":7},{"damage":26,"enemies":"Orb Walker","floor":37,"turns":4},{"damage":62,"enemies":"Maw","floor":39,"turns":10}],"seed_played":"3556449118872174854","potions_obtained":[{"floor":1,"key":"Strength Potion"},{"floor":4,"key":"Regen Potion"},{"floor":7,"key":"Poison Potion"},{"floor":18,"key":"Block Potion"},{"floor":24,"key":"Energy Potion"},{"floor":28,"key":"Fire Potion"},{"floor":33,"key":"FocusPotion"}],"is_trial":false,"path_per_floor":["M","M","?","M","?","R","M","$","T","R","?","E","R","?","R","B",null,"M","M","?","?","$","R","M","R","T","?","M","$","R","M","R","B",null,"M","?","M","$","M"],"character_chosen":"DEFECT","items_purchased":["Capacitor","Membership Card"],"campfire_rested":5,"item_purchase_floors":[8,38],"current_hp_per_floor":[71,64,64,58,58,58,29,29,29,29,14,12,34,27,49,20,75,60,48,19,19,19,19,8,30,30,30,19,19,41,44,66,14,75,75,75,49,49,0],"gold":334,"neow_bonus":"BOSS_RELIC","is_prod":false,"is_daily":false,"chose_seed":false,"campfire_upgraded":3,"win_rate":0.0,"timestamp":1555479193,"path_taken":["M","M","?","?","?","R","M","$","T","R","?","E","R","?","R","BOSS","M","M","?","?","$","R","M","R","T","?","M","?","R","M","R","BOSS","M","?","M","$","M"],"build_version":"2019-01-23","purchased_purges":2,"victory":false,"max_hp_per_floor":[75,75,75,75,75,75,75,75,75,75,75,75,75,75,75,75,75,75,75,75,75,75,75,75,75,75,75,75,75,75,75,75,75,75,75,75,75,75,75],"card_choices":[{"not_picked":["Double Energy","Darkness"],"picked":"Fusion","floor":1},{"not_picked":["Scrape","Conserve Battery"],"picked":"Self Repair","floor":2},{"not_picked":["Sweeping Beam","Melter"],"picked":"Genetic Algorithm","floor":4},{"not_picked":["Steam","Barrage"],"picked":"Redo","floor":7},{"not_picked":["Hello World","Conserve Battery"],"picked":"Defragment","floor":12},{"not_picked":["Reboot","Seek"],"picked":"Multi-Cast","floor":16},{"not_picked":[],"picked":"Chill","floor":18},{"not_picked":[],"picked":"Streamline+1","floor":19},{"not_picked":[],"picked":"Cold Snap","floor":24},{"not_picked":[],"picked":"Stack+1","floor":28},{"not_picked":[],"picked":"Leap","floor":31},{"not_picked":[],"picked":"Meteor Strike","floor":33},{"not_picked":[],"picked":"Storm","floor":35},{"not_picked":[],"picked":"Consume+1","floor":37}],"player_experience":56450,"relics_obtained":[{"floor":9,"key":"Bottled Tornado"},{"floor":12,"key":"Gremlin Horn"},{"floor":26,"key":"Lantern"}],"event_choices":[{"damage_healed":0,"gold_gain":0,"player_choice":"Rummage","damage_taken":0,"relics_obtained":["WarpedTongs"],"max_hp_gain":0,"max_hp_loss":0,"event_name":"Accursed Blacksmith","floor":3,"gold_loss":0,"cards_obtained":["Pain"]},{"damage_healed":0,"gold_gain":0,"player_choice":"Take Wound","damage_taken":0,"relics_obtained":["Golden Idol"],"max_hp_gain":0,"max_hp_loss":0,"event_name":"Golden Idol","floor":5,"gold_loss":0,"cards_obtained":["Injury"]},{"damage_healed":0,"gold_gain":0,"player_choice":"Entered Light","damage_taken":15,"max_hp_gain":0,"max_hp_loss":0,"event_name":"Shining Light","floor":11,"gold_loss":0,"cards_upgraded":["Defend_B","Dualcast"]},{"cards_removed":["Injury"],"damage_healed":0,"gold_gain":0,"player_choice":"Card Removal","damage_taken":7,"max_hp_gain":0,"max_hp_loss":0,"event_name":"Golden Wing","floor":14,"gold_loss":0},{"damage_healed":0,"gold_gain":0,"player_choice":"Fight","damage_taken":0,"max_hp_gain":0,"max_hp_loss":0,"event_name":"Colosseum","floor":20,"gold_loss":0},{"damage_healed":0,"gold_gain":0,"player_choice":"Fled From Nobs","damage_taken":0,"max_hp_gain":0,"max_hp_loss":0,"event_name":"Colosseum","floor":20,"gold_loss":0},{"damage_healed":0,"gold_gain":0,"player_choice":"Stole Relic","damage_taken":0,"relics_obtained":["Bronze Scales"],"max_hp_gain":0,"max_hp_loss":0,"event_name":"Addict","floor":21,"gold_loss":0,"cards_obtained":["Shame"]},{"damage_healed":0,"gold_gain":0,"player_choice":"Paid Fearfully","damage_taken":0,"max_hp_gain":0,"max_hp_loss":0,"event_name":"Masked Bandits","floor":27,"gold_loss":152},{"damage_healed":0,"gold_gain":333,"player_choice":"Gave Idol","damage_taken":0,"max_hp_gain":0,"max_hp_loss":0,"event_name":"The Moai Head","floor":36,"relics_lost":["Golden Idol"],"gold_loss":0}],"is_beta":false,"boss_relics":[{"not_picked":["Runic Pyramid","Fusion Hammer"],"picked":"Busted Crown"},{"not_picked":["Lizard Tail","Runic Dome"],"picked":"Sozu"}],"items_purged_floors":[8,22],"is_endless":false,"potions_floor_spawned":[1,4,7,18,24,28,33],"killed_by":"Maw","ascension_level":0}