{"gold_per_floor":[117,42,58,73,87,87,103,121,121,196,196,214,214,230,230,230],"floor_reached":16,"playtime":498,"items_purged":["Defend_R"],"score":192,"play_id":"3c6f9f1f-b63a-443f-9179-b85dd4405908","local_time":"20190917224504","is_ascension_mode":true,"campfire_choices":[{"data":"Bash","floor":6,"key":"SMITH"},{"data":"Searing Blow","floor":11,"key":"SMITH"},{"floor":15,"key":"REST"}],"neow_cost":"PERCENT_DAMAGE","seed_source_timestamp":557881814042740,"circlet_count":0,"master_deck":["AscendersBane","Strike_R","Strike_R","Strike_R","Defend_R","Defend_R","Defend_R","Bash+1","Dropkick","Searing Blow+1","Clash","Pommel Strike"],"special_seed":0,"relics":["Burning Blood","Mercury Hourglass","Mango"],"potions_floor_usage":[8,16],"damage_taken":[{"damage":9,"enemies":"Jaw Worm","floor":1,"turns":4},{"damage":7,"enemies":"Cultist","floor":3,"turns":4},{"damage":9,"enemies":"Small Slimes","floor":4,"turns":5},{"damage":12,"enemies":"Looter","floor":5,"turns":3},{"damage":18,"enemies":"3 Louse","floor":7,"turns":5},{"damage":16,"enemies":"Large Slime","floor":8,"turns":5},{"damage":12,"enemies":"Looter","floor":12,"turns":3},{"damage":8,"enemies":"3 Louse","floor":14,"turns":2},{"damage":72,"enemies":"Hexaghost","floor":16,"turns":9}],"seed_played":"5172229652777046708","potions_obtained":[{"floor":3,"key":"BloodPotion"},{"floor":12,"key":"Ancient Potion"},{"floor":14,"key":"Regen Potion"}],"is_trial":false,"path_per_floor":["M","$","M","M","M","R","M","M","T","?","R","M","T","M","R","B"],"character_chosen":"IRONCLAD","items_purchased":[],"campfire_rested":1,"item_purchase_floors":[],"current_hp_per_floor":[47,47,46,43,37,37,25,33,33,22,22,16,30,28,54,0],"gold":230,"neow_bonus":"REMOVE_TWO","is_prod":false,"is_daily":false,"chose_seed":false,"campfire_upgraded":2,"win_rate":0,"timestamp":1568778304,"path_taken":["M","$","M","M","M","R","M","M","T","?","R","M","?","?","R","BOSS"],"build_version":"2019-07-17","purchased_purges":1,"victory":false,"max_hp_per_floor":[75,75,75,75,75,75,75,75,75,75,75,75,89,89,89,89],"card_choices":[{"not_picked":["Cleave","Combust","Sentinel"],"picked":"SKIP","floor":1},{"not_picked":["Anger","Sword Boomerang","Twin Strike"],"picked":"SKIP","floor":3},{"not_picked":["Havoc","Warcry"],"picked":"Dropkick","floor":4},{"not_picked":["Shockwave","Rage","True Grit"],"picked":"SKIP","floor":5},{"not_picked":["Armaments","Feel No Pain"],"picked":"Searing Blow","floor":7},{"not_picked":["Armaments","Evolve"],"picked":"Clash","floor":8},{"not_picked":["Clash","Shrug It Off"],"picked":"Pommel Strike","floor":12},{"not_picked":["Wild Strike","Cleave","Havoc"],"picked":"SKIP","floor":14}],"player_experience":1340245,"relics_obtained":[{"floor":9,"key":"Mercury Hourglass"},{"floor":13,"key":"Mango"}],"event_choices":[{"damage_healed":0,"gold_gain":75,"player_choice":"Gather Gold","damage_taken":11,"max_hp_gain":0,"max_hp_loss":0,"event_name":"World of Goop","floor":10,"gold_loss":0}],"is_beta":false,"boss_relics":[],"items_purged_floors":[2],"is_endless":false,"potions_floor_spawned":[3,12,14],"killed_by":"Hexaghost","ascension_level":20}