{"gold_per_floor":[114,114,129,52,97,127,142,142,192,192,84,84,99,114,114,214,214,229,129,129,54,69,69,69,168,218,133,148,148,163,163,163,163],"floor_reached":33,"playtime":1122,"items_purged":["Purity"],"score":270,"play_id":"8107b684-42c4-440c-8594-99e5e0b1403b","local_time":"20190413081026","daily_mods":["Allstar","Vintage","Lethality"],"is_ascension_mode":false,"campfire_choices":[{"data":"Infinite Blades","floor":8,"key":"SMITH"},{"floor":10,"key":"REST"},{"data":"Accuracy","floor":15,"key":"SMITH"},{"floor":23,"key":"REST"},{"data":"Infinite Blades","floor":29,"key":"SMITH"},{"floor":32,"key":"REST"}],"neow_cost":"","seed_source_timestamp":443365149284290,"circlet_count":0,"master_deck":["Defend_G","Defend_G","Defend_G","Defend_G","Defend_G","Strike_G","Strike_G","Strike_G","Strike_G","Strike_G","Survivor","Neutralize","Thinking Ahead","Blind","Bandage Up","Dark Shackles","Infinite Blades+1","Accuracy+1","Leg Sweep","Grand Finale+1","Cloak And Dagger","Infinite Blades+1"],"special_seed":17999,"relics":["Ring of the Snake","Pen Nib","Happy Flower","Tiny Chest","Singing Bowl","Paper Crane","Orichalcum","Strawberry","Molten Egg 2","Busted Crown","Bottled Tornado","MutagenicStrength","Pear","Snake Skull","Anchor","Centennial Puzzle","Potion Belt","Letter Opener"],"potions_floor_usage":[30,30],"damage_taken":[{"damage":0,"enemies":"Small Slimes","floor":1,"turns":3},{"damage":0,"enemies":"Cultist","floor":3,"turns":4},{"damage":0,"enemies":"2 Louse","floor":5,"turns":3},{"damage":19,"enemies":"Gremlin Nob","floor":6,"turns":4},{"damage":2,"enemies":"Large Slime","floor":7,"turns":5},{"damage":2,"enemies":"Looter","floor":13,"turns":3},{"damage":15,"enemies":"3 Louse","floor":14,"turns":4},{"damage":18,"enemies":"Slime Boss","floor":16,"turns":12},{"damage":68,"enemies":"3 Byrds","floor":18,"turns":6},{"damage":7,"enemies":"2 Thieves","floor":22,"turns":4},{"damage":10,"enemies":"Snake Plant","floor":28,"turns":4},{"damage":0,"enemies":"Shelled Parasite and Fungi","floor":30,"turns":4},{"damage":72,"enemies":"Automaton","floor":33,"turns":6}],"seed_played":"-5670151409989047964","potions_obtained":[{"floor":2,"key":"EssenceOfSteel"},{"floor":2,"key":"Energy Potion"},{"floor":2,"key":"Explosive Potion"},{"floor":5,"key":"Dexterity Potion"}],"is_trial":false,"path_per_floor":["M","?","M","$","M","E","M","R","T","R","$","?","M","M","R","B",null,"M","$","?","$","M","R","$","?","T","?","M","R","M","T","R","B"],"character_chosen":"THE_SILENT","items_purchased":["Infinite Blades","Accuracy","Leg Sweep","Cloak And Dagger","Infinite Blades"],"campfire_rested":3,"item_purchase_floors":[4,11,11,19,19],"current_hp_per_floor":[70,70,70,70,70,53,55,55,55,72,72,72,77,64,64,50,79,15,15,15,15,18,44,44,44,44,44,38,38,42,42,68,0],"gold":163,"neow_bonus":"","is_prod":false,"is_daily":true,"chose_seed":false,"campfire_upgraded":3,"win_rate":0.0,"timestamp":1555161026,"path_taken":["M","?","M","?","M","E","M","R","T","R","$","?","M","M","R","BOSS","M","$","?","$","M","R","$","?","T","?","M","R","M","?","R","BOSS"],"build_version":"2019-01-23","purchased_purges":1,"victory":false,"max_hp_per_floor":[70,70,70,70,70,72,72,72,72,72,72,72,79,79,79,79,79,79,79,79,79,89,89,89,89,89,89,89,89,89,89,89,89],"card_choices":[{"not_picked":["Dagger Spray","Reflex","Prepared"],"picked":"Singing Bowl","floor":6},{"not_picked":["Envenom","Phantasmal Killer"],"picked":"Grand Finale+1","floor":16}],"player_experience":49079,"relics_obtained":[{"floor":1,"key":"Pen Nib"},{"floor":3,"key":"Happy Flower"},{"floor":5,"key":"Tiny Chest"},{"floor":6,"key":"Singing Bowl"},{"floor":7,"key":"Paper Crane"},{"floor":9,"key":"Orichalcum"},{"floor":13,"key":"Strawberry"},{"floor":14,"key":"Molten Egg 2"},{"floor":18,"key":"Bottled Tornado"},{"floor":22,"key":"Pear"},{"floor":26,"key":"Snake Skull"},{"floor":28,"key":"Centennial Puzzle"},{"floor":30,"key":"Potion Belt"},{"floor":31,"key":"Letter Opener"}],"event_choices":[{"damage_healed":0,"gold_gain":0,"player_choice":"Got Potions","damage_taken":0,"max_hp_gain":0,"max_hp_loss":0,"event_name":"Lab","floor":2,"gold_loss":0},{"damage_healed":0,"gold_gain":0,"player_choice":"Ignored","damage_taken":0,"max_hp_gain":0,"max_hp_loss":0,"event_name":"Golden Idol","floor":12,"gold_loss":0},{"damage_healed":0,"gold_gain":0,"player_choice":"Inject Mutagens","damage_taken":0,"relics_obtained":["MutagenicStrength"],"max_hp_gain":0,"max_hp_loss":0,"event_name":"Drug Dealer","floor":20,"gold_loss":0},{"damage_healed":0,"gold_gain":99,"player_choice":"Stole From Cult","damage_taken":0,"max_hp_gain":0,"max_hp_loss":0,"event_name":"Nest","floor":25,"gold_loss":0},{"damage_healed":0,"gold_gain":0,"player_choice":"Obtained Relic","damage_taken":0,"relics_obtained":["Anchor"],"max_hp_gain":0,"max_hp_loss":0,"event_name":"Addict","floor":27,"gold_loss":85}],"is_beta":false,"boss_relics":[{"not_picked":["White Beast Statue","Fusion Hammer"],"picked":"Busted Crown"}],"items_purged_floors":[21],"is_endless":false,"potions_floor_spawned":[5,7,16],"killed_by":"Automaton","ascension_level":0}