{"gold_per_floor":[118,118,128,78,38,38,64,64,64,80,144,71,89,104,104,205,205,221,233,245,255,215,215],"floor_reached":23,"playtime":949,"items_purged":[],"score":218,"play_id":"146641f0-9be5-4461-a570-532823452f61","local_time":"20190426112537","is_ascension_mode":false,"campfire_choices":[{"data":"Loop","floor":6,"key":"SMITH"},{"data":"Capacitor","floor":8,"key":"SMITH"},{"floor":15,"key":"REST"}],"neow_cost":"NONE","seed_source_timestamp":204201985847606,"circlet_count":0,"master_deck":["Strike_B","Strike_B","Strike_B","Defend_B","Defend_B","Defend_B","Defend_B","Zap","Dualcast","Coolheaded","Skim","Loop+1","Capacitor+1","Redo","Beam Cell","Meteor Strike","Steam","Echo Form","Barrage","Capacitor","Tempest","Turbo","Melter","Coolheaded+1","Leap","Hologram+1","Ball Lightning","Sunder"],"relics":["Cracked Core","NeowsBlessing","Cables","DataDisk","Ornamental Fan","Blue Candle","Orrery"],"potions_floor_usage":[16,16],"damage_taken":[{"damage":0,"enemies":"Small Slimes","floor":1,"turns":1},{"damage":0,"enemies":"Jaw Worm","floor":3,"turns":1},{"damage":0,"enemies":"Gremlin Nob","floor":7,"turns":1},{"damage":0,"enemies":"Cultist","floor":10,"turns":3},{"damage":15,"enemies":"Lagavulin Event","floor":11,"turns":6},{"damage":19,"enemies":"2 Fungi Beasts","floor":13,"turns":3},{"damage":7,"enemies":"Exordium Wildlife","floor":14,"turns":3},{"damage":43,"enemies":"Hexaghost","floor":16,"turns":12},{"damage":0,"enemies":"Spheric Guardian","floor":18,"turns":2},{"damage":18,"enemies":"3 Byrds","floor":19,"turns":5},{"damage":1,"enemies":"Snecko","floor":20,"turns":5},{"damage":24,"enemies":"Centurion and Healer","floor":21,"turns":14},{"damage":35,"enemies":"Book of Stabbing","floor":23,"turns":5}],"seed_played":"-5019349828299349770","potions_obtained":[{"floor":7,"key":"Energy Potion"},{"floor":10,"key":"Weak Potion"},{"floor":13,"key":"Strength Potion"},{"floor":19,"key":"AttackPotion"}],"is_trial":false,"path_per_floor":["M","?","M","?","$","R","E","R","T","M","?","$","M","M","R","B",null,"M","M","M","M","$","E"],"character_chosen":"DEFECT","items_purchased":["Loop","Meteor Strike","Sunder"],"campfire_rested":1,"item_purchase_floors":[5,12,22],"current_hp_per_floor":[75,68,68,68,68,68,68,68,68,68,53,53,34,27,49,6,75,75,57,56,32,32,0],"gold":215,"neow_bonus":"THREE_ENEMY_KILL","is_prod":false,"is_daily":false,"chose_seed":false,"campfire_upgraded":2,"win_rate":0.0,"timestamp":1556295937,"path_taken":["M","?","M","?","?","R","E","R","T","?","?","$","M","M","R","BOSS","M","M","M","M","$","E"],"build_version":"2019-01-23","purchased_purges":0,"victory":false,"max_hp_per_floor":[75,75,75,75,75,75,75,75,75,75,75,75,75,75,75,75,75,75,75,75,75,75,75],"card_choices":[{"not_picked":["Streamline","Ball Lightning"],"picked":"Coolheaded","floor":1},{"not_picked":["Doom and Gloom","Scrape"],"picked":"Skim","floor":3},{"not_picked":["Compile Driver","Rebound"],"picked":"Capacitor","floor":7},{"not_picked":["Stack","Sweeping Beam"],"picked":"Redo","floor":10},{"not_picked":["Turbo","Aggregate"],"picked":"Beam Cell","floor":11},{"not_picked":["Turbo","Reprogram"],"picked":"Steam","floor":13},{"not_picked":["Skim","Amplify","Storm"],"picked":"SKIP","floor":14},{"not_picked":["Rainbow","Multi-Cast"],"picked":"Echo Form","floor":16},{"not_picked":["Steam","Streamline"],"picked":"Barrage","floor":17},{"not_picked":["Steam","Undo"],"picked":"Capacitor","floor":17},{"not_picked":["Ball Lightning","Beam Cell"],"picked":"Tempest","floor":17},{"not_picked":["Hello World","Beam Cell"],"picked":"Turbo","floor":17},{"not_picked":["Rip and Tear","Static Discharge"],"picked":"Melter","floor":17},{"not_picked":["Auto Shields","Conserve Battery"],"picked":"Coolheaded+1","floor":18},{"not_picked":["Reprogram","Go for the Eyes"],"picked":"Leap","floor":19},{"not_picked":["Beam Cell","Compile Driver"],"picked":"Hologram+1","floor":20},{"not_picked":["Turbo","Conserve Battery"],"picked":"Ball Lightning","floor":21}],"player_experience":90654,"relics_obtained":[{"floor":7,"key":"DataDisk"},{"floor":9,"key":"Ornamental Fan"},{"floor":11,"key":"Blue Candle"}],"event_choices":[{"damage_healed":0,"gold_gain":0,"player_choice":"Success","damage_taken":7,"relics_obtained":["Cables"],"max_hp_gain":0,"max_hp_loss":0,"event_name":"Scrap Ooze","floor":2,"gold_loss":0},{"cards_removed":["Strike_B"],"damage_healed":0,"gold_gain":0,"player_choice":"Card Removal","damage_taken":0,"max_hp_gain":0,"max_hp_loss":0,"event_name":"The Cleric","floor":4,"gold_loss":50},{"damage_healed":0,"gold_gain":0,"player_choice":"Searched \u00271\u0027 times","damage_taken":0,"max_hp_gain":0,"max_hp_loss":0,"event_name":"Dead Adventurer","floor":11,"gold_loss":0}],"is_beta":false,"boss_relics":[{"not_picked":["Busted Crown","Velvet Choker"],"picked":"Orrery"}],"items_purged_floors":[],"is_endless":false,"potions_floor_spawned":[7,10,13,19],"killed_by":"Book of Stabbing","ascension_level":0}