{"gold_per_floor":[117,192,211,211,211,251,265,280,280,296,296,296,309,33,33,159,159,182,82,82,82,82,82,117,32,32,47,47,76,76,90,90,90],"floor_reached":33,"playtime":875,"items_purged":["Strike_R","Ghostly Armor"],"score":339,"play_id":"dc5306ab-a855-421e-b95b-e327a706b81c","local_time":"20190428100159","is_ascension_mode":true,"campfire_choices":[{"data":"Searing Blow","floor":11,"key":"SMITH"},{"data":"Searing Blow+1","floor":15,"key":"SMITH"},{"data":"Searing Blow+2","floor":23,"key":"SMITH"},{"data":"Searing Blow+3","floor":30,"key":"SMITH"},{"data":"Searing Blow+4","floor":32,"key":"SMITH"}],"neow_cost":"NONE","seed_source_timestamp":372057210706646,"circlet_count":0,"master_deck":["Bash+1","Iron Wave","Cleave+1","Anger","Anger","Searing Blow+5","Metallicize","Anger","Armaments","Demon Form","Uppercut","Reckless Charge","Armaments","Disarm","Burning Pact","Second Wind","Shockwave","Spot Weakness+1","Spot Weakness"],"relics":["Burning Blood","NeowsBlessing","Bloody Idol","Meat on the Bone","Magic Flower","Shovel","Whetstone","Pandora\u0027s Box","Oddly Smooth Stone","Bronze Scales","Omamori","Bag of Marbles","Mango"],"potions_floor_usage":[16,33,33,33],"damage_taken":[{"damage":0,"enemies":"2 Louse","floor":1,"turns":1},{"damage":0,"enemies":"Cultist","floor":3,"turns":1},{"damage":0,"enemies":"3 Sentries","floor":6,"turns":1},{"damage":20,"enemies":"Small Slimes","floor":7,"turns":2},{"damage":18,"enemies":"2 Fungi Beasts","floor":8,"turns":3},{"damage":26,"enemies":"Lots of Slimes","floor":10,"turns":4},{"damage":37,"enemies":"Large Slime","floor":13,"turns":5},{"damage":49,"enemies":"Hexaghost","floor":16,"turns":10},{"damage":42,"enemies":"3 Byrds","floor":18,"turns":7},{"damage":25,"enemies":"Gremlin Leader","floor":24,"turns":7},{"damage":12,"enemies":"Chosen","floor":27,"turns":4},{"damage":60,"enemies":"Slavers","floor":29,"turns":5},{"damage":40,"enemies":"Shelled Parasite and Fungi","floor":31,"turns":4},{"damage":50,"enemies":"Champ","floor":33,"turns":5}],"seed_played":"4351974456882760369","potions_obtained":[{"floor":8,"key":"Strength Potion"},{"floor":10,"key":"FearPotion"},{"floor":13,"key":"Fire Potion"},{"floor":29,"key":"Dexterity Potion"}],"is_trial":false,"path_per_floor":["M","?","M","?","?","E","M","M","T","M","R","?","M","$","R","B",null,"M","$","T","$","?","R","E","?","T","M","?","E","R","M","R","B"],"character_chosen":"IRONCLAD","items_purchased":["Whetstone","Armaments"],"campfire_rested":0,"item_purchase_floors":[14,14],"current_hp_per_floor":[80,72,78,58,58,64,53,62,62,63,63,63,53,53,53,31,80,65,65,65,65,65,65,67,67,67,64,64,50,50,42,42,0],"gold":90,"neow_bonus":"THREE_ENEMY_KILL","is_prod":false,"is_daily":false,"chose_seed":false,"campfire_upgraded":5,"win_rate":0,"timestamp":1556463719,"path_taken":["M","?","?","?","?","E","M","M","T","M","R","?","M","$","R","BOSS","M","$","?","$","?","R","E","?","T","M","?","E","R","M","R","BOSS"],"build_version":"2019-01-23","purchased_purges":2,"victory":false,"max_hp_per_floor":[80,80,80,80,80,80,80,80,80,80,80,80,80,80,80,80,80,80,80,80,80,80,80,80,80,80,80,80,94,94,94,94,94],"card_choices":[{"not_picked":["Clash","Perfected Strike"],"picked":"Iron Wave","floor":1},{"not_picked":["Shrug It Off","Pommel Strike"],"picked":"Cleave","floor":3},{"not_picked":["Headbutt","Armaments"],"picked":"Anger","floor":6},{"not_picked":["Perfected Strike","Clash"],"picked":"Anger","floor":7},{"not_picked":["Flex","Power Through"],"picked":"Searing Blow","floor":8},{"not_picked":["Pummel","Iron Wave"],"picked":"Metallicize","floor":10},{"not_picked":["Clothesline","Reaper"],"picked":"Anger","floor":13},{"not_picked":["Immolate","Bludgeon"],"picked":"Demon Form","floor":16},{"not_picked":["Clothesline","Metallicize","Warcry"],"picked":"SKIP","floor":18},{"not_picked":["Headbutt+1","Body Slam+1"],"picked":"Spot Weakness+1","floor":24},{"not_picked":["Clothesline","Rage"],"picked":"Spot Weakness","floor":27},{"not_picked":["Perfected Strike","Battle Trance+1","Havoc"],"picked":"SKIP","floor":29},{"not_picked":["Whirlwind+1","Burning Pact+1","Headbutt"],"picked":"SKIP","floor":31}],"player_experience":101520,"relics_obtained":[{"floor":6,"key":"Magic Flower"},{"floor":9,"key":"Shovel"},{"floor":20,"key":"Oddly Smooth Stone"},{"floor":24,"key":"Bronze Scales"},{"floor":26,"key":"Bag of Marbles"},{"floor":29,"key":"Mango"}],"event_choices":[{"damage_healed":0,"gold_gain":75,"player_choice":"Touch","damage_taken":8,"max_hp_gain":0,"max_hp_loss":0,"event_name":"FaceTrader","floor":2,"gold_loss":0},{"damage_healed":0,"gold_gain":0,"player_choice":"Take Damage","damage_taken":20,"relics_obtained":["Golden Idol"],"max_hp_gain":0,"max_hp_loss":0,"event_name":"Golden Idol","floor":4,"gold_loss":0},{"damage_healed":0,"gold_gain":0,"player_choice":"Box","damage_taken":0,"relics_obtained":["Meat on the Bone"],"max_hp_gain":0,"max_hp_loss":0,"event_name":"Big Fish","floor":5,"gold_loss":0,"cards_obtained":["Regret"]},{"cards_removed":["Regret"],"damage_healed":0,"gold_gain":0,"player_choice":"Removed Curses","damage_taken":0,"max_hp_gain":0,"max_hp_loss":0,"event_name":"Fountain of Cleansing","floor":12,"gold_loss":0},{"damage_healed":0,"gold_gain":0,"player_choice":"Ignored","damage_taken":0,"max_hp_gain":0,"max_hp_loss":0,"event_name":"Ghosts","floor":22,"gold_loss":0},{"damage_healed":0,"gold_gain":0,"player_choice":"Obtained Relic","damage_taken":0,"relics_obtained":["Omamori"],"max_hp_gain":0,"max_hp_loss":0,"event_name":"Addict","floor":25,"gold_loss":85},{"damage_healed":0,"gold_gain":0,"player_choice":"Gave Idol","damage_taken":0,"relics_obtained":["Bloody Idol"],"max_hp_gain":0,"max_hp_loss":0,"event_name":"Forgotten Altar","floor":28,"relics_lost":["Golden Idol"],"gold_loss":0}],"is_beta":false,"boss_relics":[{"not_picked":["White Beast Statue","Eternal Feather"],"picked":"Pandora\u0027s Box"}],"items_purged_floors":[14,19],"is_endless":false,"potions_floor_spawned":[8,10,13,29,31],"killed_by":"Champ","ascension_level":2}