{"gold_per_floor":[215,225,34,47,47,47,82,82,82,82,82,107,107,123,123,249,249,249,249,174,31,31,31,31,31,31,31,31,31,31,31,31,31,31,31,31,31,31,31,31,31,31],"floor_reached":42,"playtime":2616,"items_purged":["Injury"],"score":449,"play_id":"8d6714b8-e993-4ef1-bcb3-262362405dc7","local_time":"20190502095256","is_ascension_mode":false,"campfire_choices":[{"data":"Gash","floor":6,"key":"SMITH"},{"data":"Gash","floor":8,"key":"SMITH"},{"floor":10,"key":"REST"},{"floor":15,"key":"REST"},{"floor":23,"key":"REST"},{"data":"Defragment","floor":27,"key":"SMITH"},{"floor":32,"key":"REST"},{"floor":40,"key":"REST"}],"neow_cost":"NONE","seed_source_timestamp":11385877495933,"circlet_count":0,"master_deck":["Strike_B","Strike_B","Strike_B","Strike_B","Defend_B","Defend_B","Defend_B","Defend_B","Zap","Cold Snap","Gash+1","Gash+1","Go for the Eyes","Auto Shields","Coolheaded","BootSequence","Buffer","Go for the Eyes","Conserve Battery","Defragment+1","Cold Snap","Conserve Battery","Core Surge","Gash","Leap","All For One","Self Repair+1","Madness","Madness","Gash+1","Gash+1","Glacier+1"],"relics":["Cracked Core","DollysMirror","Golden Idol","Sundial","Boot","Ectoplasm","FossilizedHelix","Symbiotic Virus","Sozu"],"potions_floor_usage":[16,33,33],"damage_taken":[{"damage":6,"enemies":"Jaw Worm","floor":1,"turns":3},{"damage":11,"enemies":"Cultist","floor":2,"turns":4},{"damage":0,"enemies":"Small Slimes","floor":4,"turns":3},{"damage":24,"enemies":"3 Sentries","floor":7,"turns":6},{"damage":3,"enemies":"3 Louse","floor":12,"turns":4},{"damage":14,"enemies":"Lots of Slimes","floor":13,"turns":4},{"damage":15,"enemies":"Gremlin Gang","floor":14,"turns":5},{"damage":29,"enemies":"Hexaghost","floor":16,"turns":14},{"damage":5,"enemies":"Shell Parasite","floor":18,"turns":7},{"damage":10,"enemies":"2 Thieves","floor":20,"turns":5},{"damage":32,"enemies":"Sentry and Sphere","floor":22,"turns":8},{"damage":10,"enemies":"Book of Stabbing","floor":24,"turns":10},{"damage":0,"enemies":"Cultist and Chosen","floor":25,"turns":9},{"damage":12,"enemies":"Snake Plant","floor":28,"turns":4},{"damage":0,"enemies":"Chosen and Byrds","floor":29,"turns":8},{"damage":0,"enemies":"Snecko","floor":30,"turns":7},{"damage":10,"enemies":"Collector","floor":33,"turns":17},{"damage":29,"enemies":"3 Shapes","floor":35,"turns":8},{"damage":11,"enemies":"3 Darklings","floor":37,"turns":9},{"damage":0,"enemies":"Transient","floor":39,"turns":5},{"damage":7,"enemies":"Spire Growth","floor":41,"turns":5},{"damage":76,"enemies":"Reptomancer","floor":42,"turns":2}],"seed_played":"-2531035057274549589","potions_obtained":[{"floor":4,"key":"SneckoOil"},{"floor":7,"key":"Regen Potion"},{"floor":20,"key":"LiquidBronze"},{"floor":22,"key":"EssenceOfSteel"},{"floor":25,"key":"Dexterity Potion"},{"floor":33,"key":"SpeedPotion"}],"is_trial":false,"path_per_floor":["M","M","$","M","?","R","E","R","T","R","?","M","M","M","R","B",null,"M","$","M","$","M","R","E","M","T","R","M","M","M","?","R","B",null,"M","?","M","?","M","R","M","E"],"character_chosen":"DEFECT","items_purchased":["DollysMirror","Defragment"],"campfire_rested":5,"item_purchase_floors":[3,21],"current_hp_per_floor":[69,58,58,58,40,40,16,16,16,38,38,35,21,6,28,14,75,70,70,60,60,28,50,40,40,40,40,28,28,28,28,50,40,75,46,37,36,36,36,58,61,0],"gold":31,"neow_bonus":"HUNDRED_GOLD","is_prod":false,"is_daily":false,"chose_seed":false,"campfire_upgraded":3,"win_rate":0.0,"timestamp":1556808776,"path_taken":["M","M","$","M","?","R","E","R","T","R","?","M","M","M","R","BOSS","M","$","M","$","M","R","E","M","T","R","?","M","M","?","R","BOSS","M","?","M","?","M","R","M","E"],"build_version":"2019-01-23","purchased_purges":1,"victory":false,"max_hp_per_floor":[75,75,75,75,75,75,75,75,75,75,75,75,75,75,75,75,75,75,75,75,75,75,75,75,75,75,75,75,75,75,75,75,75,75,75,75,75,75,75,75,75,75],"card_choices":[{"not_picked":["Compile Driver","Undo"],"picked":"Cold Snap","floor":1},{"not_picked":["Hologram","Consume"],"picked":"Gash","floor":2},{"not_picked":["Streamline","Sweeping Beam"],"picked":"Go for the Eyes","floor":4},{"not_picked":["Amplify","Sweeping Beam"],"picked":"Auto Shields","floor":7},{"not_picked":["Tempest","Turbo"],"picked":"Coolheaded","floor":12},{"not_picked":["Redo","Darkness"],"picked":"BootSequence","floor":14},{"not_picked":["Meteor Strike","Thunder Strike"],"picked":"Buffer","floor":16},{"not_picked":["Beam Cell","Lockon"],"picked":"Go for the Eyes","floor":18},{"not_picked":["Ball Lightning","Compile Driver"],"picked":"Conserve Battery","floor":20},{"not_picked":["Turbo","Beam Cell","Recycle"],"picked":"SKIP","floor":22},{"not_picked":["Streamline","Darkness"],"picked":"Cold Snap","floor":24},{"not_picked":["Consume","Go for the Eyes"],"picked":"Conserve Battery","floor":25},{"not_picked":["Go for the Eyes","Reprogram"],"picked":"Core Surge","floor":28},{"not_picked":["Heatsinks","Rebound"],"picked":"Gash","floor":29},{"not_picked":["Coolheaded","Ball Lightning+1"],"picked":"Leap","floor":30},{"not_picked":["Reboot","Machine Learning"],"picked":"All For One","floor":33},{"not_picked":["Turbo","Coolheaded"],"picked":"Self Repair+1","floor":35},{"not_picked":["Turbo+1","Fusion+1","Melter+1"],"picked":"SKIP","floor":37},{"not_picked":["Streamline","Ball Lightning"],"picked":"Gash+1","floor":39},{"not_picked":["Redo+1","Aggregate+1"],"picked":"Glacier+1","floor":41}],"player_experience":110715,"relics_obtained":[{"floor":7,"key":"Sundial"},{"floor":9,"key":"Boot"},{"floor":24,"key":"FossilizedHelix"},{"floor":26,"key":"Symbiotic Virus"}],"event_choices":[{"damage_healed":0,"gold_gain":0,"player_choice":"Take Damage","damage_taken":18,"relics_obtained":["Golden Idol"],"max_hp_gain":0,"max_hp_loss":0,"event_name":"Golden Idol","floor":5,"gold_loss":0},{"cards_removed":["Dualcast"],"damage_healed":0,"gold_gain":0,"player_choice":"Took Card","damage_taken":0,"max_hp_gain":0,"max_hp_loss":0,"event_name":"NoteForYourself","floor":11,"gold_loss":0,"cards_obtained":["Injury"]},{"damage_healed":0,"gold_gain":0,"player_choice":"Embrace Madness","damage_taken":9,"max_hp_gain":0,"max_hp_loss":0,"event_name":"Winding Halls","floor":36,"gold_loss":0,"cards_obtained":["Madness","Madness"]},{"damage_healed":0,"gold_gain":0,"player_choice":"Copied","damage_taken":0,"max_hp_gain":0,"max_hp_loss":0,"event_name":"Duplicator","floor":38,"gold_loss":0,"cards_obtained":["Gash"]}],"is_beta":false,"boss_relics":[{"not_picked":["Eternal Feather","FrozenCore"],"picked":"Ectoplasm"},{"not_picked":["Nuclear Battery","Fusion Hammer"],"picked":"Sozu"}],"items_purged_floors":[21],"is_endless":false,"potions_floor_spawned":[4,7,13,20,22,25,28,30,33,35,37,41],"killed_by":"Reptomancer","ascension_level":0}