{"gold_per_floor":[112,112,62,62,9,44,57,57,84,96,121,196,196,206,206,308,308,326,344,344,364,364,364,377,397,397,92,92,12,12,12,12,113,113,130,130,130],"floor_reached":37,"playtime":1628,"items_purged":["Defend_G"],"score":553,"play_id":"80fac851-c69d-4cfa-b427-7cc9ef701254","local_time":"20190330003138","is_ascension_mode":true,"campfire_choices":[{"data":"Noxious Fumes","floor":8.0,"key":"SMITH"},{"floor":13.0,"key":"REST"},{"data":"Cloak And Dagger","floor":15.0,"key":"SMITH"},{"floor":23.0,"key":"REST"},{"data":"Catalyst","floor":28,"key":"SMITH"},{"data":"Catalyst","floor":30,"key":"SMITH"},{"data":"Footwork","floor":32,"key":"SMITH"}],"neow_cost":"NONE","seed_source_timestamp":0,"circlet_count":0,"master_deck":["Survivor","Neutralize","Acrobatics","Dagger Spray","Quick Slash","Noxious Fumes+1","Cloak And Dagger+1","Cloak And Dagger","Malaise","Leg Sweep","Footwork+1","Sucker Punch","Catalyst+1","PiercingWail","Catalyst+1","Burst","Accuracy","Accuracy","Tactician","Dodge and Roll","Grand Finale","Quick Slash","Deflect"],"special_seed":0,"relics":["Ring of the Snake","NeowsBlessing","Centennial Puzzle","Bag of Marbles","Singing Bowl","Empty Cage","Enchiridion","Pantograph","Lee\u0027s Waffle","Pandora\u0027s Box"],"potions_floor_usage":[33,33,37],"damage_taken":[{"damage":0.0,"enemies":"Jaw Worm","floor":1.0,"turns":1.0},{"damage":0.0,"enemies":"Gremlin Nob","floor":6.0,"turns":1.0},{"damage":0.0,"enemies":"Small Slimes","floor":7.0,"turns":1.0},{"damage":0.0,"enemies":"2 Louse","floor":10.0,"turns":3.0},{"damage":24.0,"enemies":"Lagavulin","floor":11.0,"turns":8.0},{"damage":7.0,"enemies":"Exordium Thugs","floor":14.0,"turns":4.0},{"damage":29.0,"enemies":"Hexaghost","floor":16.0,"turns":11.0},{"damage":16.0,"enemies":"Chosen","floor":18.0,"turns":5.0},{"damage":12.0,"enemies":"Shell Parasite","floor":19.0,"turns":9.0},{"damage":15.0,"enemies":"Snake Plant","floor":21.0,"turns":7.0},{"damage":0.0,"enemies":"Sentry and Sphere","floor":24.0,"turns":7.0},{"damage":5,"enemies":"Centurion and Healer","floor":25,"turns":10},{"damage":32,"enemies":"Automaton","floor":33,"turns":10},{"damage":4,"enemies":"3 Shapes","floor":35,"turns":4},{"damage":90,"enemies":"Awakened One","floor":37,"turns":4}],"seed_played":"-4076074075982687904","potions_obtained":[{"floor":1.0,"key":"AttackPotion"},{"floor":16.0,"key":"Fire Potion"},{"floor":19.0,"key":"Fire Potion"},{"floor":21.0,"key":"Energy Potion"},{"floor":22.0,"key":"Strength Potion"}],"is_trial":false,"path_per_floor":["M","?","?","?","$","E","M","R","T","M","E","?","R","M","R","B",null,"M","M","?","M","?","R","M","M","T","$","R","$","R","?","R","B",null,"M","?","B"],"character_chosen":"THE_SILENT","items_purchased":["Dagger Spray","Lee\u0027s Waffle","PiercingWail","Catalyst"],"campfire_rested":2,"item_purchase_floors":[5,27,27,29],"current_hp_per_floor":[63,63,63,63,63,63,63,63,63,63,39,28,49,44,44,15,58,42,32,16,1,1,23,23,18,18,81,81,81,81,81,81,49,73,69,69,0],"gold":130,"neow_bonus":"THREE_ENEMY_KILL","is_prod":false,"is_daily":false,"chose_seed":false,"campfire_upgraded":5,"win_rate":0,"timestamp":1553923898,"path_taken":["M","?","?","?","$","E","?","R","T","M","E","?","R","M","R","BOSS","M","M","?","M","?","R","M","M","T","$","R","?","R","?","R","BOSS","M","?","BOSS"],"build_version":"2019-01-23","purchased_purges":1,"victory":false,"max_hp_per_floor":[70,70,70,70,70,70,70,70,70,70,70,70,70,72,72,72,72,72,74,74,74,74,74,74,74,74,81,81,81,81,81,81,81,81,81,81,81],"card_choices":[{"not_picked":["Predator","Outmaneuver"],"picked":"Acrobatics","floor":1.0},{"not_picked":["Skewer","Bane"],"picked":"Quick Slash","floor":6.0},{"not_picked":["Heel Hook","Acrobatics"],"picked":"Noxious Fumes","floor":7.0},{"not_picked":["Deflect","Slice"],"picked":"Cloak And Dagger","floor":10.0},{"not_picked":["Grand Finale","Eviscerate"],"picked":"Cloak And Dagger","floor":11.0},{"not_picked":["Distraction","Finisher","Prepared"],"picked":"Singing Bowl","floor":14.0},{"not_picked":["A Thousand Cuts","Glass Knife"],"picked":"Malaise","floor":16.0},{"not_picked":["Setup+1","Prepared"],"picked":"Leg Sweep","floor":18.0},{"not_picked":["Flying Knee","Underhanded Strike","Flechettes"],"picked":"Singing Bowl","floor":19.0},{"not_picked":["Reflex+1","Bane"],"picked":"Footwork","floor":21.0},{"not_picked":["Tactician","Dagger Throw"],"picked":"Sucker Punch","floor":24},{"not_picked":["Flying Knee","Dodge and Roll"],"picked":"Catalyst","floor":25},{"not_picked":["Glass Knife","Phantasmal Killer"],"picked":"Burst","floor":33},{"not_picked":["Well Laid Plans+1","Expertise+1"],"picked":"Deflect","floor":35}],"player_experience":399317,"relics_obtained":[{"floor":6.0,"key":"Centennial Puzzle"},{"floor":9.0,"key":"Bag of Marbles"},{"floor":11.0,"key":"Singing Bowl"},{"floor":20.0,"key":"Enchiridion"},{"floor":26,"key":"Pantograph"}],"event_choices":[{"damage_healed":0.0,"max_hp_gain":0.0,"max_hp_loss":0.0,"gold_gain":0.0,"event_name":"Liars Game","player_choice":"Ignored","floor":2.0,"gold_loss":0.0,"damage_taken":0.0},{"cards_removed":["Strike_G"],"damage_healed":0.0,"max_hp_gain":0.0,"max_hp_loss":0.0,"gold_gain":0.0,"event_name":"The Cleric","player_choice":"Card Removal","floor":3.0,"gold_loss":50.0,"damage_taken":0.0},{"damage_healed":0.0,"max_hp_gain":0.0,"max_hp_loss":0.0,"gold_gain":0.0,"event_name":"The Woman in Blue","player_choice":"Bought 0 Potions","floor":4.0,"gold_loss":0.0,"damage_taken":0.0},{"damage_healed":0.0,"max_hp_gain":0.0,"max_hp_loss":0.0,"gold_gain":75.0,"event_name":"World of Goop","player_choice":"Gather Gold","floor":12.0,"gold_loss":0.0,"damage_taken":11.0},{"damage_healed":0.0,"max_hp_gain":0.0,"max_hp_loss":0.0,"gold_gain":0.0,"event_name":"Cursed Tome","player_choice":"Obtained Book","floor":20.0,"gold_loss":0.0,"damage_taken":16.0},{"damage_healed":0.0,"max_hp_gain":0.0,"max_hp_loss":0.0,"gold_gain":0.0,"event_name":"Lab","player_choice":"Got Potions","floor":22.0,"gold_loss":0.0,"damage_taken":0.0},{"damage_healed":0,"gold_gain":0,"player_choice":"Ignored","damage_taken":0,"max_hp_gain":0,"max_hp_loss":0,"event_name":"The Mausoleum","floor":31,"gold_loss":0},{"damage_healed":0,"gold_gain":0,"player_choice":"Took Portal","damage_taken":0,"max_hp_gain":0,"max_hp_loss":0,"event_name":"SecretPortal","floor":36,"gold_loss":0}],"is_beta":false,"boss_relics":[{"not_picked":["Runic Dome","Eternal Feather"],"picked":"Empty Cage"},{"not_picked":["HoveringKite","Astrolabe"],"picked":"Pandora\u0027s Box"}],"items_purged_floors":[27],"is_endless":false,"potions_floor_spawned":[1,16,19,21],"killed_by":"Awakened One","ascension_level":6}