{"gold_per_floor":[112,287,165,165,185,185,204,232,257,257,284,302,302,328,328,426,426,437,437,468,567,567,600,600,610,656,656,675,689,689,96,96,197,197,215,215,69,81,81,81],"floor_reached":40,"playtime":1448,"items_purged":["Doubt","Dualcast"],"score":410,"play_id":"01b71405-f874-4961-b294-a6e9ba394d1c","local_time":"20190420072752","is_ascension_mode":false,"campfire_choices":[{"data":"Zap","floor":6,"key":"SMITH"},{"data":"Rebound","floor":10,"key":"SMITH"},{"data":"Streamline","floor":13,"key":"SMITH"},{"floor":15,"key":"REST"},{"floor":24,"key":"REST"},{"data":"Echo Form","floor":27,"key":"SMITH"},{"floor":32,"key":"REST"}],"neow_cost":"TEN_PERCENT_HP_LOSS","seed_source_timestamp":280979525111027,"circlet_count":0,"master_deck":["Strike_B","Strike_B","Strike_B","Defend_B","Defend_B","Defend_B","Defend_B","Zap+1","Electrodynamics+1","Streamline+1","Leap","Leap","Ball Lightning","Rebound+1","Ball Lightning","Echo Form+1","Coolheaded+1","Glacier","Core Surge","Fusion","Turbo+1","Defragment","Leap","Buffer","Coolheaded+1","Double Energy+1","Madness","Madness"],"relics":["Cracked Core","Anchor","Art of War","Bottled Lightning","Blood Vial","Nuclear Battery","Red Mask","Pear","Ancient Tea Set","Gambling Chip","Inserter","Strawberry"],"potions_floor_usage":[16,30,30,30,33,33,33],"damage_taken":[{"damage":8,"enemies":"Jaw Worm","floor":1,"turns":3},{"damage":0,"enemies":"Cultist","floor":5,"turns":3},{"damage":10,"enemies":"Small Slimes","floor":7,"turns":2},{"damage":8,"enemies":"3 Sentries","floor":8,"turns":4},{"damage":21,"enemies":"Lagavulin","floor":11,"turns":5},{"damage":0,"enemies":"Looter","floor":12,"turns":2},{"damage":20,"enemies":"Hexaghost","floor":16,"turns":9},{"damage":11,"enemies":"2 Thieves","floor":18,"turns":4},{"damage":25,"enemies":"Masked Bandits","floor":20,"turns":5},{"damage":16,"enemies":"Book of Stabbing","floor":23,"turns":6},{"damage":3,"enemies":"Shell Parasite","floor":25,"turns":4},{"damage":15,"enemies":"Snake Plant","floor":28,"turns":5},{"damage":22,"enemies":"Chosen and Byrds","floor":29,"turns":7},{"damage":15,"enemies":"Colosseum Slavers","floor":30,"turns":4},{"damage":21,"enemies":"Collector","floor":33,"turns":13},{"damage":22,"enemies":"3 Shapes","floor":35,"turns":4},{"damage":33,"enemies":"3 Darklings","floor":38,"turns":5},{"damage":24,"enemies":"Reptomancer","floor":40,"turns":2}],"seed_played":"-5267508935299459943","potions_obtained":[{"floor":1,"key":"FearPotion"},{"floor":7,"key":"Regen Potion"},{"floor":11,"key":"FearPotion"},{"floor":12,"key":"PowerPotion"},{"floor":16,"key":"Strength Potion"},{"floor":25,"key":"FocusPotion"},{"floor":29,"key":"Energy Potion"},{"floor":33,"key":"SpeedPotion"}],"is_trial":false,"path_per_floor":["M","?","$","?","M","R","M","E","T","R","E","M","R","T","R","B",null,"M","$","?","?","?","E","R","M","T","R","M","M","?","$","R","B",null,"M","?","$","M","?","E"],"character_chosen":"DEFECT","items_purchased":["Leap","Gambling Chip","Leap","SpeedPotion","Dexterity Potion","Strength Potion","Strawberry"],"campfire_rested":3,"item_purchase_floors":[3,31,31,31,31,31,37],"current_hp_per_floor":[60,60,60,60,60,60,50,42,42,42,21,21,21,21,41,37,68,57,57,34,34,34,30,53,52,52,52,39,19,6,6,29,10,78,56,56,63,32,21,0],"gold":81,"neow_bonus":"THREE_RARE_CARDS","is_prod":false,"is_daily":false,"chose_seed":false,"campfire_upgraded":4,"win_rate":0.0,"timestamp":1555763272,"path_taken":["M","?","$","?","?","R","M","E","T","R","E","M","R","?","R","BOSS","M","$","?","?","?","E","R","M","T","R","?","?","?","$","R","BOSS","M","?","$","M","?","E"],"build_version":"2019-01-23","purchased_purges":2,"victory":false,"max_hp_per_floor":[68,68,68,68,68,68,68,68,68,68,68,68,68,68,68,68,68,68,68,68,68,68,78,78,78,78,78,78,78,78,78,78,78,78,78,78,85,85,85,85],"card_choices":[{"not_picked":["Fission","Reboot"],"picked":"Electrodynamics","floor":0},{"not_picked":["Stack","Barrage"],"picked":"Streamline","floor":1},{"not_picked":["Aggregate","Double Energy"],"picked":"Leap","floor":5},{"not_picked":["Steam Power","Barrage"],"picked":"Ball Lightning","floor":7},{"not_picked":["Conserve Battery","Streamline"],"picked":"Rebound","floor":8},{"not_picked":["Cold Snap","Amplify"],"picked":"Ball Lightning","floor":11},{"not_picked":["Hologram","Storm"],"picked":"Go for the Eyes","floor":12},{"not_picked":["Creative AI","Rainbow"],"picked":"Echo Form","floor":16},{"not_picked":["Sweeping Beam","Gash"],"picked":"Coolheaded+1","floor":18},{"not_picked":["Storm","Rebound"],"picked":"Glacier","floor":20},{"not_picked":["Ball Lightning","Redo"],"picked":"Core Surge","floor":23},{"not_picked":["Reinforced Body","Beam Cell"],"picked":"Fusion","floor":25},{"not_picked":["Heatsinks","Blizzard"],"picked":"Turbo+1","floor":28},{"not_picked":["FTL+1","Sweeping Beam"],"picked":"Defragment","floor":29},{"not_picked":["Rainbow","Meteor Strike"],"picked":"Buffer","floor":33},{"not_picked":["Beam Cell","Conserve Battery+1"],"picked":"Coolheaded+1","floor":35},{"not_picked":["Sunder","Gash"],"picked":"Double Energy+1","floor":38}],"player_experience":68022,"relics_obtained":[{"floor":8,"key":"Anchor"},{"floor":9,"key":"Art of War"},{"floor":11,"key":"Bottled Lightning"},{"floor":14,"key":"Blood Vial"},{"floor":20,"key":"Red Mask"},{"floor":23,"key":"Pear"},{"floor":26,"key":"Ancient Tea Set"}],"event_choices":[{"damage_healed":0,"gold_gain":175,"player_choice":"AGREE","damage_taken":0,"max_hp_gain":0,"max_hp_loss":0,"event_name":"Liars Game","floor":2,"gold_loss":0,"cards_obtained":["Doubt"]},{"damage_healed":0,"gold_gain":0,"player_choice":"Upgraded","damage_taken":0,"max_hp_gain":0,"max_hp_loss":0,"event_name":"Upgrade Shrine","floor":4,"gold_loss":0,"cards_upgraded":["Electrodynamics"]},{"damage_healed":0,"gold_gain":0,"player_choice":"Fought Bandits","damage_taken":0,"max_hp_gain":0,"max_hp_loss":0,"event_name":"Masked Bandits","floor":20,"gold_loss":0},{"damage_healed":0,"gold_gain":99,"player_choice":"Stole From Cult","damage_taken":0,"max_hp_gain":0,"max_hp_loss":0,"event_name":"Nest","floor":21,"gold_loss":0},{"cards_removed":["Strike_B"],"damage_healed":0,"gold_gain":0,"player_choice":"Purged","damage_taken":0,"max_hp_gain":0,"max_hp_loss":0,"event_name":"Purifier","floor":22,"gold_loss":0},{"damage_healed":0,"gold_gain":0,"player_choice":"Fight","damage_taken":0,"max_hp_gain":0,"max_hp_loss":0,"event_name":"Colosseum","floor":30,"gold_loss":0},{"damage_healed":0,"gold_gain":0,"player_choice":"Fled From Nobs","damage_taken":0,"max_hp_gain":0,"max_hp_loss":0,"event_name":"Colosseum","floor":30,"gold_loss":0},{"cards_removed":["Go for the Eyes"],"damage_healed":0,"gold_gain":0,"player_choice":"Removed Attack","damage_taken":0,"max_hp_gain":0,"max_hp_loss":0,"event_name":"Falling","floor":36,"gold_loss":0},{"damage_healed":0,"gold_gain":0,"player_choice":"Embrace Madness","damage_taken":11,"max_hp_gain":0,"max_hp_loss":0,"event_name":"Winding Halls","floor":39,"gold_loss":0,"cards_obtained":["Madness","Madness"]}],"is_beta":false,"boss_relics":[{"not_picked":["FrozenCore","Eternal Feather"],"picked":"Nuclear Battery"},{"not_picked":["Tiny House","Busted Crown"],"picked":"Inserter"}],"items_purged_floors":[3,31],"is_endless":false,"potions_floor_spawned":[1,7,11,12,16,25,29,30,33],"killed_by":"Reptomancer","ascension_level":0}