{"gold_per_floor":[114,39,57,57,57,57,67,82,82,82,98,98,116,149,149,244,244,257,50,61,71,81,81,114,134,134,152,163,95,95,129,129,234,234,254,269,269,280],"floor_reached":38,"playtime":3579,"items_purged":["Defend_B"],"score":422,"play_id":"5b21b6e7-cb33-4460-b76f-0d0c6fbbf2c8","local_time":"20190910195848","is_ascension_mode":false,"campfire_choices":[{"data":"Dualcast","floor":6.0,"key":"SMITH"},{"data":"Machine Learning","floor":12.0,"key":"SMITH"},{"data":"White Noise","floor":15.0,"key":"SMITH"},{"data":"Defragment","floor":23.0,"key":"SMITH"},{"data":"Biased Cognition","floor":32.0,"key":"SMITH"}],"neow_cost":"NONE","seed_source_timestamp":249018485761661,"circlet_count":0,"master_deck":["Strike_B","Strike_B","Strike_B+1","Defend_B","Defend_B+1","Defend_B","Zap+1","Dualcast+1","BootSequence+1","Ball Lightning","Undo","Electrodynamics","Machine Learning+1","White Noise+1","Chill","Biased Cognition+1","White Noise","Defragment+1","White Noise","Capacitor","Biased Cognition","Consume","Glacier+1","Gash+1"],"special_seed":0,"relics":["Cracked Core","DataDisk","Cables","Black Star","Runic Capacitor","Matryoshka","Emotion Chip","Meat on the Bone","Pantograph","War Paint","Juzu Bracelet","Blood Vial","Fusion Hammer"],"potions_floor_usage":[36],"damage_taken":[{"damage":7.0,"enemies":"2 Louse","floor":1.0,"turns":2.0},{"damage":1.0,"enemies":"Cultist","floor":3.0,"turns":4.0},{"damage":0.0,"enemies":"Jaw Worm","floor":7.0,"turns":2.0},{"damage":0.0,"enemies":"Blue Slaver","floor":8.0,"turns":2.0},{"damage":0.0,"enemies":"Exordium Wildlife","floor":11.0,"turns":2.0},{"damage":0.0,"enemies":"Lots of Slimes","floor":13.0,"turns":2.0},{"damage":1.0,"enemies":"Gremlin Nob","floor":14.0,"turns":3.0},{"damage":17.0,"enemies":"Hexaghost","floor":16.0,"turns":8.0},{"damage":7.0,"enemies":"Spheric Guardian","floor":18.0,"turns":3.0},{"damage":1.0,"enemies":"2 Thieves","floor":20.0,"turns":3.0},{"damage":10.0,"enemies":"Centurion and Healer","floor":21.0,"turns":3.0},{"damage":17.0,"enemies":"Sentry and Sphere","floor":22.0,"turns":4.0},{"damage":22.0,"enemies":"Slavers","floor":24.0,"turns":3.0},{"damage":0.0,"enemies":"Shelled Parasite and Fungi","floor":25.0,"turns":3.0},{"damage":2.0,"enemies":"Snake Plant","floor":27.0,"turns":4.0},{"damage":0.0,"enemies":"Snecko","floor":28.0,"turns":4.0},{"damage":8.0,"enemies":"Book of Stabbing","floor":31.0,"turns":5.0},{"damage":14.0,"enemies":"Automaton","floor":33.0,"turns":6.0},{"damage":2,"enemies":"Orb Walker","floor":35,"turns":2},{"damage":27,"enemies":"3 Darklings","floor":36,"turns":4},{"damage":9,"enemies":"Spire Growth","floor":38,"turns":39}],"seed_played":"-3599451203796735471","potions_obtained":[{"floor":3.0,"key":"Poison Potion"},{"floor":7.0,"key":"GamblersBrew"},{"floor":8.0,"key":"Swift Potion"},{"floor":21.0,"key":"Explosive Potion"},{"floor":22.0,"key":"Energy Potion"},{"floor":24.0,"key":"Energy Potion"},{"floor":33.0,"key":"PowerPotion"},{"floor":38,"key":"SkillPotion"}],"is_trial":false,"path_per_floor":["M","$","M","?","?","R","M","M","T","?","M","R","M","E","R","B",null,"M","$","M","M","M","R","E","M","T","M","M","$","?","E","R","B",null,"M","M","?","M"],"character_chosen":"DEFECT","items_purchased":["Runic Capacitor","Capacitor"],"campfire_rested":0,"item_purchase_floors":[19,29],"current_hp_per_floor":[75,75,74,58,58,58,58,58,58,58,58,58,58,57,57,40,82,75,75,74,64,47,47,25,25,25,35,47,47,47,51,51,64,82,80,55,47,52],"gold":280,"neow_bonus":"TEN_PERCENT_HP_BONUS","is_prod":false,"is_daily":false,"chose_seed":false,"campfire_upgraded":5,"win_rate":0,"timestamp":1568163528,"path_taken":["M","$","M","?","?","R","?","M","T","?","M","R","M","E","R","BOSS","M","$","M","M","M","R","E","M","T","M","M","$","?","E","R","BOSS","M","M","?","M"],"build_version":"2019-07-17","purchased_purges":1,"victory":false,"max_hp_per_floor":[82,82,82,82,82,82,82,82,82,82,82,82,82,82,82,82,82,82,82,82,82,82,82,82,82,82,82,82,82,82,82,82,82,82,82,82,82,82],"card_choices":[{"not_picked":["Compile Driver","Blizzard"],"picked":"BootSequence","floor":1.0},{"not_picked":["Leap","Rebound","FTL"],"picked":"SKIP","floor":3.0},{"not_picked":["Lockon","Storm"],"picked":"Ball Lightning","floor":7.0},{"not_picked":["Hologram","Gash"],"picked":"Undo","floor":8.0},{"not_picked":["Compile Driver","Redo"],"picked":"Machine Learning","floor":11.0},{"not_picked":["Coolheaded","Redo"],"picked":"White Noise","floor":13.0},{"not_picked":["Double Energy","Hologram"],"picked":"Chill","floor":14.0},{"not_picked":["Buffer","Reboot"],"picked":"Biased Cognition","floor":16.0},{"not_picked":["Compile Driver","Redo"],"picked":"White Noise","floor":18.0},{"not_picked":["Leap+1","Conserve Battery"],"picked":"Defragment","floor":20.0},{"not_picked":["Rebound","Ball Lightning+1"],"picked":"White Noise","floor":21.0},{"not_picked":["Coolheaded","Conserve Battery","Go for the Eyes"],"picked":"SKIP","floor":22.0},{"not_picked":["Meteor Strike","Barrage","Beam Cell"],"picked":"SKIP","floor":24.0},{"not_picked":["Streamline+1","Cold Snap","Compile Driver"],"picked":"SKIP","floor":25.0},{"not_picked":["Scrape","Genetic Algorithm+1","Cold Snap+1"],"picked":"SKIP","floor":27.0},{"not_picked":["Darkness","Compile Driver","Gash"],"picked":"SKIP","floor":28.0},{"not_picked":["Sweeping Beam","Multi-Cast","Tempest"],"picked":"SKIP","floor":31.0},{"not_picked":["Hyperbeam","Creative AI"],"picked":"Biased Cognition","floor":33.0},{"not_picked":["Cold Snap+1","Steam Power"],"picked":"Consume","floor":35},{"not_picked":["Stack","Compile Driver"],"picked":"Glacier+1","floor":36},{"not_picked":["Hello World","Turbo"],"picked":"Gash+1","floor":38}],"player_experience":1173632,"relics_obtained":[{"floor":9.0,"key":"DataDisk"},{"floor":14.0,"key":"Cables"},{"floor":24.0,"key":"Matryoshka"},{"floor":24.0,"key":"Emotion Chip"},{"floor":26.0,"key":"Meat on the Bone"},{"floor":26.0,"key":"Pantograph"},{"floor":31.0,"key":"Juzu Bracelet"},{"floor":31.0,"key":"Blood Vial"}],"event_choices":[{"damage_healed":0.0,"max_hp_gain":0.0,"max_hp_loss":0.0,"gold_gain":0.0,"event_name":"Shining Light","player_choice":"Entered Light","floor":4.0,"gold_loss":0.0,"damage_taken":16.0,"cards_upgraded":["Zap","Strike_B"]},{"damage_healed":0.0,"max_hp_gain":0.0,"max_hp_loss":0.0,"gold_gain":0.0,"event_name":"The Woman in Blue","player_choice":"Bought 0 Potions","floor":5.0,"gold_loss":0.0,"damage_taken":0.0},{"damage_healed":0.0,"max_hp_gain":0.0,"max_hp_loss":0.0,"gold_gain":0.0,"cards_transformed":["Strike_B"],"event_name":"Living Wall","player_choice":"Change","floor":10.0,"gold_loss":0.0,"damage_taken":0.0,"cards_obtained":["Electrodynamics"]},{"damage_healed":0.0,"max_hp_gain":0.0,"max_hp_loss":0.0,"gold_gain":0.0,"event_name":"The Mausoleum","player_choice":"Opened","floor":30.0,"gold_loss":0.0,"damage_taken":0.0,"relics_obtained":["War Paint"]},{"damage_healed":0,"gold_gain":0,"player_choice":"Damaged","damage_taken":8,"max_hp_gain":0,"max_hp_loss":0,"event_name":"Wheel of Change","floor":37,"gold_loss":0}],"is_beta":false,"boss_relics":[{"not_picked":["FrozenCore","Philosopher\u0027s Stone"],"picked":"Black Star"},{"not_picked":["Eternal Feather","Pandora\u0027s Box"],"picked":"Fusion Hammer"}],"items_purged_floors":[2],"is_endless":false,"potions_floor_spawned":[3,7,8,21,22,24,33,38],"killed_by":"Spire Growth","ascension_level":0}