{"gold_per_floor":[110,110,124,136,211,111,123,135,135,57,57,73,84,95,95,194,244,169],"floor_reached":18,"playtime":1593,"items_purged":["Strike_B"],"score":156,"play_id":"c425a4cb-2e64-473b-8b02-ecb8d4f6aba7","local_time":"20190917160343","is_ascension_mode":false,"campfire_choices":[{"data":"Buffer","floor":15,"key":"SMITH"}],"neow_cost":"NONE","seed_source_timestamp":498217420348000,"circlet_count":0,"master_deck":["Strike_B","Strike_B","Strike_B","Defend_B","Defend_B","Defend_B","Defend_B","Zap+1","Dualcast","Redo","Loop","Buffer+1","Ball Lightning","Leap","Conserve Battery","FTL","Conserve Battery","Stack","Fission","Coolheaded"],"relics":["Cracked Core","NeowsBlessing","Kunai","Letter Opener","Tiny House"],"potions_floor_usage":[],"damage_taken":[{"damage":0,"enemies":"2 Louse","floor":1,"turns":1},{"damage":0,"enemies":"Small Slimes","floor":3,"turns":1},{"damage":0,"enemies":"Jaw Worm","floor":4,"turns":1},{"damage":8,"enemies":"Exordium Wildlife","floor":7,"turns":5},{"damage":5,"enemies":"2 Fungi Beasts","floor":8,"turns":4},{"damage":0,"enemies":"Large Slime","floor":12,"turns":5},{"damage":4,"enemies":"Gremlin Gang","floor":13,"turns":5},{"damage":1,"enemies":"2 Fungi Beasts","floor":14,"turns":4},{"damage":21,"enemies":"The Guardian","floor":16,"turns":12},{"damage":19,"enemies":"2 Thieves","floor":18,"turns":4}],"seed_played":"5545097644546092415","potions_obtained":[{"floor":1,"key":"PowerPotion"},{"floor":3,"key":"LiquidBronze"},{"floor":13,"key":"Explosive Potion"}],"is_trial":false,"path_per_floor":["M","?","M","M","?","$","M","M","T","$","T","M","M","M","R","B",null,"M"],"character_chosen":"DEFECT","items_purchased":["Ball Lightning","FTL"],"campfire_rested":0,"item_purchase_floors":[6,10],"current_hp_per_floor":[75,75,75,75,64,64,56,51,51,51,51,51,47,46,46,25,80,61],"gold":169,"neow_bonus":"THREE_ENEMY_KILL","is_prod":false,"is_daily":false,"chose_seed":false,"campfire_upgraded":1,"win_rate":0.0,"timestamp":1568747023,"path_taken":["M","?","M","M","?","$","M","M","T","$","?","M","M","?","R","BOSS","M"],"build_version":"2019-07-17","purchased_purges":1,"victory":false,"max_hp_per_floor":[75,75,75,75,75,75,75,75,75,75,75,75,75,75,75,75,80,80],"card_choices":[{"not_picked":["Lockon","Hello World"],"picked":"Redo","floor":1},{"not_picked":["Sweeping Beam","Go for the Eyes"],"picked":"Loop","floor":3},{"not_picked":["Compile Driver","Hologram"],"picked":"Buffer","floor":4},{"not_picked":["Go for the Eyes","Redo"],"picked":"Leap","floor":7},{"not_picked":["Go for the Eyes","Beam Cell"],"picked":"Conserve Battery","floor":8},{"not_picked":["Skim","Streamline","Sweeping Beam"],"picked":"SKIP","floor":12},{"not_picked":["Hologram","Redo"],"picked":"Conserve Battery","floor":13},{"not_picked":["Chaos","Machine Learning"],"picked":"Stack","floor":14},{"not_picked":["Biased Cognition","Reboot"],"picked":"Fission","floor":16},{"not_picked":["BootSequence","Cold Snap"],"picked":"Coolheaded","floor":17}],"player_experience":29725,"relics_obtained":[{"floor":9,"key":"Kunai"},{"floor":11,"key":"Letter Opener"}],"event_choices":[{"damage_healed":25,"gold_gain":0,"player_choice":"Banana","damage_taken":0,"max_hp_gain":0,"max_hp_loss":0,"event_name":"Big Fish","floor":2,"gold_loss":0},{"damage_healed":0,"gold_gain":75,"player_choice":"Gather Gold","damage_taken":11,"max_hp_gain":0,"max_hp_loss":0,"event_name":"World of Goop","floor":5,"gold_loss":0}],"is_beta":false,"boss_relics":[{"not_picked":["Runic Dome","White Beast Statue"],"picked":"Tiny House"}],"items_purged_floors":[6],"is_endless":false,"potions_floor_spawned":[1,3,13,14],"killed_by":"2 Thieves","ascension_level":0}