{"gold_per_floor":[115,38,57,132,57,57,73,73,127,144,144,144,144,144,144,144],"floor_reached":16,"playtime":461,"items_purged":["Strike_G"],"score":88,"play_id":"b3e913bd-b4d9-4098-bf18-7a1bd589f9de","local_time":"20190913104418","is_ascension_mode":false,"campfire_choices":[{"data":"Dash","floor":6.0,"key":"SMITH"},{"data":"Neutralize","floor":8.0,"key":"SMITH"},{"data":"Poisoned Stab","floor":12.0,"key":"SMITH"},{"floor":15,"key":"REST"}],"neow_cost":"NONE","seed_source_timestamp":357548492163501,"circlet_count":0,"master_deck":["Strike_G","Strike_G","Strike_G","Defend_G","Defend_G","Defend_G","Defend_G","Defend_G","Survivor","Neutralize+1","Dash+1","Burst","Poisoned Stab+1","Bane"],"special_seed":0,"relics":["Ring of the Snake","Lantern","Bronze Scales","Dream Catcher"],"potions_floor_usage":[16],"damage_taken":[{"damage":5.0,"enemies":"Jaw Worm","floor":1.0,"turns":4.0},{"damage":0.0,"enemies":"2 Louse","floor":3.0,"turns":3.0},{"damage":0.0,"enemies":"Cultist","floor":7.0,"turns":4.0},{"damage":0.0,"enemies":"2 Fungi Beasts","floor":10.0,"turns":3.0},{"damage":18,"enemies":"Slime Boss","floor":16,"turns":6}],"seed_played":"-2953830239125783001","potions_obtained":[{"floor":7.0,"key":"EssenceOfSteel"}],"is_trial":false,"path_per_floor":["M","$","M","?","$","R","M","R","T","M","?","R","?","?","R","B"],"character_chosen":"THE_SILENT","items_purchased":["Burst"],"campfire_rested":1,"item_purchase_floors":[2],"current_hp_per_floor":[65,65,65,54,54,54,54,54,54,54,42,42,42,42,63,45],"gold":144,"neow_bonus":"RANDOM_COMMON_RELIC","is_prod":false,"is_daily":false,"chose_seed":false,"campfire_upgraded":3,"win_rate":0,"timestamp":1568389458,"path_taken":["M","$","M","?","$","R","M","R","T","M","?","R","?","?","R","BOSS"],"build_version":"2019-07-17","purchased_purges":1,"victory":false,"max_hp_per_floor":[70,70,70,70,70,70,70,70,70,70,70,70,70,70,70,70],"card_choices":[{"not_picked":["Dodge and Roll","Riddle With Holes"],"picked":"Dash","floor":1.0},{"not_picked":["PiercingWail","Underhanded Strike","Acrobatics"],"picked":"SKIP","floor":3.0},{"not_picked":["Dodge and Roll","Reflex","Prepared"],"picked":"SKIP","floor":7.0},{"not_picked":["Dodge and Roll","Reflex","Prepared"],"picked":"SKIP","floor":7.0},{"not_picked":["Cloak And Dagger","Skewer"],"picked":"Poisoned Stab","floor":10.0},{"not_picked":["Deflect","Backstab"],"picked":"Bane","floor":15}],"player_experience":1240127,"relics_obtained":[{"floor":9.0,"key":"Bronze Scales"}],"event_choices":[{"damage_healed":0.0,"max_hp_gain":0.0,"max_hp_loss":0.0,"gold_gain":75.0,"event_name":"World of Goop","player_choice":"Gather Gold","floor":4.0,"gold_loss":0.0,"damage_taken":11.0},{"damage_healed":0.0,"max_hp_gain":0.0,"max_hp_loss":0.0,"gold_gain":0.0,"event_name":"Scrap Ooze","player_choice":"Success","floor":11.0,"gold_loss":0.0,"damage_taken":12.0,"relics_obtained":["Dream Catcher"]},{"cards_removed":["Strike_G"],"damage_healed":0,"gold_gain":0,"player_choice":"Forget","damage_taken":0,"max_hp_gain":0,"max_hp_loss":0,"event_name":"Living Wall","floor":13,"gold_loss":0},{"cards_removed":["Amplify"],"damage_healed":0,"gold_gain":0,"player_choice":"Took Card","damage_taken":0,"max_hp_gain":0,"max_hp_loss":0,"event_name":"NoteForYourself","floor":14,"gold_loss":0,"cards_obtained":["Amplify"]}],"is_beta":false,"boss_relics":[],"items_purged_floors":[5],"is_endless":false,"potions_floor_spawned":[7],"killed_by":"Slime Boss","ascension_level":0}