{"gold_per_floor":[113,128,142,92,106,106,106,119,119,135,169,185,196,207,207,305,305,323,334,334,351,368,368,368],"floor_reached":24,"playtime":2736,"items_purged":[],"score":206,"play_id":"2aae1fcb-3941-4318-972a-f876553a7fc1","local_time":"20190917031610","is_ascension_mode":false,"campfire_choices":[{"data":"Calculated Gamble","floor":6,"key":"SMITH"},{"data":"Doppelganger","floor":15,"key":"SMITH"},{"data":"After Image","floor":23,"key":"SMITH"}],"neow_cost":"NONE","seed_source_timestamp":451021338934800,"circlet_count":0,"master_deck":["Strike_G","Strike_G","Strike_G","Strike_G","Defend_G","Defend_G","Defend_G","Survivor","Neutralize","Unload","Deadly Poison","Calculated Gamble+1","Backflip","Quick Slash","Underhanded Strike","Poisoned Stab","Doppelganger+1","Outmaneuver","Quick Slash","Tools of the Trade","After Image+1","Deadly Poison+1","Skewer+1","Deadly Poison","Eviscerate","Footwork","Acrobatics+1"],"relics":["Ring of the Snake","Bottled Lightning","Question Card","WristBlade"],"potions_floor_usage":[13,16,18],"damage_taken":[{"damage":0,"enemies":"Cultist","floor":1,"turns":4},{"damage":0,"enemies":"Jaw Worm","floor":2,"turns":3},{"damage":0,"enemies":"2 Louse","floor":3,"turns":2},{"damage":2,"enemies":"Looter","floor":5,"turns":3},{"damage":0,"enemies":"Blue Slaver","floor":8,"turns":3},{"damage":0,"enemies":"Large Slime","floor":10,"turns":4},{"damage":20,"enemies":"Lagavulin","floor":11,"turns":7},{"damage":2,"enemies":"Looter","floor":12,"turns":2},{"damage":8,"enemies":"Lots of Slimes","floor":13,"turns":5},{"damage":11,"enemies":"Red Slaver","floor":14,"turns":5},{"damage":17,"enemies":"Hexaghost","floor":16,"turns":8},{"damage":10,"enemies":"Chosen","floor":18,"turns":7},{"damage":4,"enemies":"Shell Parasite","floor":19,"turns":6},{"damage":30,"enemies":"Snake Plant","floor":21,"turns":5},{"damage":20,"enemies":"Snecko","floor":22,"turns":6},{"damage":11,"enemies":"Centurion and Healer","floor":24,"turns":3}],"seed_played":"-480557662026659611","potions_obtained":[{"floor":2,"key":"Poison Potion"},{"floor":5,"key":"Swift Potion"},{"floor":8,"key":"Energy Potion"},{"floor":18,"key":"SpeedPotion"}],"is_trial":false,"path_per_floor":["M","M","M","?","M","R","?","M","T","M","E","M","M","M","R","B",null,"M","M","?","M","M","R","M"],"character_chosen":"THE_SILENT","items_purchased":[],"campfire_rested":0,"item_purchase_floors":[],"current_hp_per_floor":[70,70,70,70,68,68,68,68,68,68,48,46,38,27,27,10,70,60,56,56,26,6,6,0],"gold":368,"neow_bonus":"ONE_RANDOM_RARE_CARD","is_prod":false,"is_daily":false,"chose_seed":false,"campfire_upgraded":3,"win_rate":0.0,"timestamp":1568700970,"path_taken":["M","M","M","?","M","R","?","M","T","?","E","M","M","M","R","BOSS","M","M","?","M","M","R","M"],"build_version":"2019-07-17","purchased_purges":0,"victory":false,"max_hp_per_floor":[70,70,70,70,70,70,70,70,70,70,70,70,70,70,70,70,70,70,70,70,70,70,70,70],"card_choices":[{"not_picked":["Backflip","All Out Attack"],"picked":"Deadly Poison","floor":1},{"not_picked":["Dodge and Roll","Backstab"],"picked":"Calculated Gamble","floor":2},{"not_picked":["Dodge and Roll","Deflect"],"picked":"Backflip","floor":3},{"not_picked":["Distraction","Blur"],"picked":"Quick Slash","floor":5},{"not_picked":["Dagger Spray","Dodge and Roll"],"picked":"Underhanded Strike","floor":8},{"not_picked":["Underhanded Strike","Blade Dance"],"picked":"Poisoned Stab","floor":10},{"not_picked":["Prepared","Outmaneuver"],"picked":"Doppelganger","floor":11},{"not_picked":["Distraction","Deadly Poison","Prepared"],"picked":"Outmaneuver","floor":12},{"not_picked":["Slice","Endless Agony","Blur"],"picked":"Quick Slash","floor":13},{"not_picked":["All Out Attack","Expertise","Underhanded Strike"],"picked":"Tools of the Trade","floor":14},{"not_picked":["Burst","Glass Knife","Phantasmal Killer"],"picked":"After Image","floor":16},{"not_picked":["Eviscerate","Dagger Throw","Deflect+1"],"picked":"Deadly Poison+1","floor":18},{"not_picked":["Backstab+1","Noxious Fumes","Expertise"],"picked":"Skewer+1","floor":19},{"not_picked":["Endless Agony+1","Quick Slash","Dagger Spray"],"picked":"Footwork","floor":21},{"not_picked":["Slice","Backflip","Choke+1"],"picked":"Acrobatics+1","floor":22}],"player_experience":13348,"relics_obtained":[{"floor":9,"key":"Bottled Lightning"},{"floor":11,"key":"Question Card"}],"event_choices":[{"cards_removed":["Defend_G"],"damage_healed":0,"gold_gain":0,"player_choice":"Card Removal","damage_taken":0,"max_hp_gain":0,"max_hp_loss":0,"event_name":"The Cleric","floor":4,"gold_loss":50},{"damage_healed":0,"gold_gain":0,"player_choice":"Ignored","damage_taken":0,"max_hp_gain":0,"max_hp_loss":0,"event_name":"Liars Game","floor":7,"gold_loss":0},{"damage_healed":0,"gold_gain":0,"cards_transformed":["Strike_G","Defend_G"],"player_choice":"Became Test Subject","damage_taken":0,"max_hp_gain":0,"max_hp_loss":0,"event_name":"Drug Dealer","floor":20,"gold_loss":0,"cards_obtained":["Deadly Poison","Eviscerate"]}],"is_beta":false,"boss_relics":[{"not_picked":["Runic Pyramid","Orrery"],"picked":"WristBlade"}],"items_purged_floors":[],"is_endless":false,"potions_floor_spawned":[2,5,8,10,11,18],"killed_by":"Centurion and Healer","ascension_level":0}