{"path_per_floor":["M","M","M","?","M","R","M","R","T","T","M","R","E","T","R","B",null,"M","M","?","M","$","E","M","R","T","?","M","R","?","M","R"],"character_chosen":"THE_SILENT","items_purchased":["Oddly Smooth Stone"],"gold_per_floor":[112,124,140,90,109,109,128,128,128,182,201,201,226,226,226,321,321,333,347,347,366,134,160,179,179,202,117,135,135,35,54,54],"floor_reached":33,"campfire_rested":2,"playtime":1723,"current_hp_per_floor":[76,76,75,75,61,61,61,61,61,61,61,61,61,71,71,30,87,84,83,60,60,60,38,30,48,48,48,51,51,51,29,47],"items_purged":["Defend_G"],"gold":54,"score":320,"play_id":"a3a3dbff-d2ef-4749-8495-2febe34226d0","local_time":"20180322092706","is_prod":false,"is_daily":false,"is_ascension_mode":false,"campfire_upgraded":5,"timestamp":1521728826,"path_taken":["M","M","M","?","M","R","M","R","T","?","M","R","E","?","R","BOSS","M","?","?","M","$","E","M","R","T","?","M","R","?","M","R","BOSS"],"build_version":"2018-03-15v3","purchased_purges":1,"victory":false,"master_deck":["Defend_G+1","Defend_G+1","Defend_G","Defend_G","Survivor","Neutralize+1","Underhanded Strike","Reflex+1","Dagger Throw+1","Flying Knee+1","Eviscerate","Glass Knife","Acrobatics","Infinite Blades+1","Bite","Bite","Bite","Bite","Bite","Flying Knee","Endless Agony","Endless Agony+1","J.A.X."],"max_hp_per_floor":[77,77,77,77,77,77,77,77,77,77,77,77,77,87,87,87,87,87,87,60,60,60,60,60,60,60,60,60,60,60,60,60],"relics":["Ring of the Snake","Torii","Tiny Chest","Lantern","Pear","Philosopher\u0027s Stone","Oddly Smooth Stone","Orichalcum","Juzu Bracelet","War Paint"],"card_choices":[{"not_picked":["Prepared","Deadly Poison"],"picked":"Underhanded Strike"},{"not_picked":["Finisher","Acrobatics"],"picked":"Reflex"},{"not_picked":["Prepared","PiercingWail"],"picked":"Dagger Throw"},{"not_picked":["Masterful Stab","Expertise"],"picked":"Flying Knee"},{"not_picked":["Deadly Poison","Slice"],"picked":"Eviscerate"},{"not_picked":["Envenom","Corpse Explosion"],"picked":"Glass Knife"},{"not_picked":["Poisoned Stab","Underhanded Strike"],"picked":"Acrobatics"},{"not_picked":["Deflect","Dagger Spray"],"picked":"Infinite Blades"},{"not_picked":["Corpse Explosion","Terror"],"picked":"Flying Knee"},{"not_picked":["Outmaneuver","Infinite Blades"],"picked":"Endless Agony"},{"not_picked":["Bane","Acrobatics"],"picked":"Endless Agony"}],"player_experience":50281,"potions_floor_usage":[7,13,16,16,23,23,33,33,33],"damage_taken":[{"damage":1,"enemies":"2 Louse","floor":1,"turns":2},{"damage":0,"enemies":"Jaw Worm","floor":2,"turns":6},{"damage":1,"enemies":"Small Slimes","floor":3,"turns":3},{"damage":14,"enemies":"Exordium Wildlife","floor":5,"turns":7},{"damage":0,"enemies":"Looter","floor":7,"turns":4},{"damage":0,"enemies":"Gremlin Gang","floor":11,"turns":6},{"damage":0,"enemies":"Gremlin Nob","floor":13,"turns":3},{"damage":41,"enemies":"The Guardian","floor":16,"turns":14},{"damage":3,"enemies":"2 Thieves","floor":18,"turns":4},{"damage":1,"enemies":"Chosen","floor":19,"turns":5},{"damage":1,"enemies":"Centurion and Healer","floor":21,"turns":5},{"damage":25,"enemies":"Gremlin Leader","floor":23,"turns":6},{"damage":18,"enemies":"Sentry and Sphere","floor":24,"turns":4},{"damage":9,"enemies":"Slaver and Parasite","floor":28,"turns":6},{"damage":34,"enemies":"Snake Plant","floor":31,"turns":5},{"damage":64,"enemies":"Champ","floor":33,"turns":7}],"event_choices":[{"event_name":"The Cleric","player_choice":"Card Removal","floor":4,"damage_taken":0},{"event_name":"Vampires","player_choice":"Became a vampire","floor":20,"damage_taken":0},{"event_name":"Addict","player_choice":"Obtained Relic","floor":27,"damage_taken":0},{"event_name":"Drug Dealer","player_choice":"Got JAXXED","floor":30,"damage_taken":0}],"boss_relics":[{"not_picked":["Snecko Eye","Question Card"],"picked":"Philosopher\u0027s Stone"}],"potions_floor_spawned":[3,7,11,13,16,19,21,23,28],"seed_played":"6119889969060551206","killed_by":"Champ","ascension_level":0,"is_trial":false}