{"gold_per_floor":[119,131,131,306,320,353,368,401,401,464,497,497,511,546,546,641,641,655,655,666,684,684,719,738,770,770,803,832,851,866,299,299,396,396,407,420,81,181,199,229,229,246,246,273,289,289,308,348,348,448,448,458,470,39,56,69,94,104,104,104,117,152,163,163,191,191,291,291,303,319,339,358,378,378,395,421,456,456,456,475,501,515,515,620,620,638,648,666,686,253,283,283,295,320,334,367,400,412,430,430,530,530,542,557,572,583,600,630,648,674,708,49,66,66,93,112,112,211,211,231,247,280,300,316,316,335,370,399,399,430,430,440,455,455,559,559,573,602,618,15,34,34,61,61,91,91,111,111,33,48,48,152,152,163,163,43,57,72,101,101,128,154,165,193,205,215,240,240,344,344,360,380,397,410,429,462,462,462],"floor_reached":178,"playtime":15857,"items_purged":[],"score":6040,"play_id":"10299fe5-885c-4b67-aabd-b7c2ea94f813","local_time":"20190901004354","daily_mods":["Hoarder","Chimera","Shiny","Vintage","ControlledChaos","Heirloom","DeadlyEvents"],"is_ascension_mode":true,"campfire_choices":[{"floor":12,"key":"REST"},{"floor":15,"key":"REST"},{"data":"Trip","floor":32,"key":"SMITH"},{"floor":46,"key":"REST"},{"floor":49,"key":"REST"},{"floor":59,"key":"REST"},{"floor":64,"key":"REST"},{"floor":66,"key":"REST"},{"floor":74,"key":"REST"},{"floor":78,"key":"DIG"},{"floor":83,"key":"REST"},{"floor":92,"key":"REST"},{"floor":100,"key":"REST"},{"floor":117,"key":"DIG"},{"floor":125,"key":"DIG"},{"floor":131,"key":"REST"},{"floor":134,"key":"REST"},{"floor":142,"key":"REST"},{"floor":144,"key":"REST"},{"floor":146,"key":"REST"},{"floor":148,"key":"REST"},{"floor":151,"key":"REST"},{"floor":160,"key":"REST"},{"data":"Strike_G","floor":168,"key":"PURGE"},{"floor":177,"key":"DIG"}],"neow_cost":"","seed_source_timestamp":12343070925300,"circlet_count":27,"master_deck":["Demon Form","Wraith Form v2","Echo Form","Bash","Survivor","Zap","Strike_R","Strike_B","Defend_R","Defend_G+1","Defend_B","Double Tap","Demon Form","Bludgeon","Feed+1","Limit Break+1","Barricade","Fiend Fire","Dark Embrace","Berserk","Impervious","Juggernaut","Brutality","Reaper","Exhume","Offering","Immolate","Armaments","Armaments","Armaments","Twin Strike","Twin Strike","Twin Strike","Flex","Flex","Flex","Clothesline","Clothesline","Clothesline","Cleave","Cleave","Cleave","Immolate","Immolate+1","Immolate","Uppercut","Uppercut","Uppercut","Cleave","Cleave","Cleave","Armaments+1","Armaments+1","Armaments+1","Body Slam+1","Body Slam+1","Body Slam+1","Trip+1","Trip","Trip+1","Violence","Violence+1","Violence","Feed","Feed","Feed","Cleave+1","Cleave+1","Cleave+1","Fire Breathing+1","Fire Breathing+1","Fire Breathing+1","Madness","Madness","Madness","Madness","Madness","Madness","Inflame+1","Inflame+1","Inflame+1","Spot Weakness+1","Spot Weakness+1","Spot Weakness+1","Limit Break+1","Limit Break+1","Limit Break+1","Inflame+1","Inflame+1","Inflame+1","Limit Break+1","Limit Break+1","Limit Break+1","Heavy Blade+1","Heavy Blade+1","Heavy Blade+1","Impatience+1","Impatience+1","Impatience+1","Jack Of All Trades+1","Jack Of All Trades+1","Jack Of All Trades+1","Chrysalis+1","Chrysalis+1","Chrysalis+1","Forethought+1","Forethought+1","Forethought+1","Dramatic Entrance+1","Dramatic Entrance+1","Dramatic Entrance+1","Blind+1","Blind+1","Blind+1","Panacea+1","Panacea+1","Panacea+1","PanicButton+1","PanicButton+1","PanicButton+1","Dramatic Entrance+1","Dramatic Entrance+1","Dramatic Entrance+1","Mayhem+1","Mayhem+1","Mayhem+1","Jack Of All Trades+1","Jack Of All Trades+1","Jack Of All Trades+1","Deep Breath+1","Deep Breath+1","Deep Breath+1","Blind+1","Blind+1","Blind+1","Heavy Blade+1","Heavy Blade+1","Heavy Blade+1"],"relics":["Snecko Eye","Unceasing Top","Pen Nib","Omamori","Gremlin Horn","Anchor","Ornamental Fan","PreservedInsect","War Paint","Art of War","Paper Frog","Strawberry","Darkstone Periapt","Pocketwatch","Sozu","StoneCalendar","Blood Vial","Whetstone","Champion Belt","Vajra","Bottled Flame","Letter Opener","Ancient Tea Set","Nunchaku","Kunai","Orichalcum","Bag of Marbles","Bronze Scales","Centennial Puzzle","Lizard Tail","Ice Cream","Bottled Lightning","HandDrill","Dream Catcher","Calipers","Red Skull","Happy Flower","Prayer Wheel","Singing Bowl","Shuriken","Torii","Pantograph","Tiny Chest","Fusion Hammer","MawBank","MealTicket","Self Forming Clay","Dodecahedron","Frozen Egg 2","Sundial","Meat on the Bone","Boot","Regal Pillow","Lantern","Oddly Smooth Stone","Shovel","Potion Belt","Dead Branch","Bag of Preparation","Question Card","Toxic Egg 2","Matryoshka","Molten Egg 2","Blue Candle","Mercury Hourglass","Pear","Cauldron","Bottled Tornado","Gambling Chip","WingedGreaves","Peace Pipe","FossilizedHelix","Mummified Hand","The Courier","Turnip","Mango","Bird Faced Urn","Charon\u0027s Ashes","Du-Vu Doll","Ginger","Membership Card","Circlet","Brimstone","ClockworkSouvenir","Magic Flower","Thread and Needle","Incense Burner"],"potions_floor_usage":[11,14,47,50],"damage_taken":[{"damage":8,"enemies":"Jaw Worm","floor":1,"turns":3},{"damage":7,"enemies":"Small Slimes","floor":2,"turns":4},{"damage":0,"enemies":"2 Louse","floor":5,"turns":1},{"damage":0,"enemies":"Lagavulin","floor":6,"turns":4},{"damage":16,"enemies":"Blue Slaver","floor":7,"turns":5},{"damage":0,"enemies":"3 Sentries","floor":8,"turns":4},{"damage":4,"enemies":"3 Sentries","floor":10,"turns":3},{"damage":19,"enemies":"Gremlin Nob","floor":11,"turns":4},{"damage":16,"enemies":"Large Slime","floor":13,"turns":6},{"damage":0,"enemies":"Lagavulin","floor":14,"turns":4},{"damage":21,"enemies":"The Guardian","floor":16,"turns":8},{"damage":5,"enemies":"2 Thieves","floor":18,"turns":2},{"damage":0,"enemies":"Chosen","floor":20,"turns":4},{"damage":0,"enemies":"Snake Plant","floor":21,"turns":4},{"damage":0,"enemies":"Gremlin Leader","floor":23,"turns":3},{"damage":5,"enemies":"Snecko","floor":24,"turns":5},{"damage":0,"enemies":"Book of Stabbing","floor":25,"turns":2},{"damage":0,"enemies":"Gremlin Leader","floor":27,"turns":3},{"damage":0,"enemies":"Slavers","floor":28,"turns":2},{"damage":0,"enemies":"Centurion and Healer","floor":29,"turns":2},{"damage":4,"enemies":"Cultist and Chosen","floor":30,"turns":4},{"damage":0,"enemies":"Collector","floor":33,"turns":3},{"damage":0,"enemies":"Orb Walker","floor":35,"turns":2},{"damage":0,"enemies":"3 Darklings","floor":36,"turns":2},{"damage":0,"enemies":"Mind Bloom Boss Battle","floor":38,"turns":2},{"damage":0,"enemies":"Sphere and 2 Shapes","floor":39,"turns":1},{"damage":28,"enemies":"Nemesis","floor":40,"turns":3},{"damage":0,"enemies":"Transient","floor":42,"turns":5},{"damage":12,"enemies":"Giant Head","floor":44,"turns":4},{"damage":0,"enemies":"Writhing Mass","floor":45,"turns":2},{"damage":2,"enemies":"Sphere and 2 Shapes","floor":47,"turns":1},{"damage":0,"enemies":"4 Shapes","floor":48,"turns":1},{"damage":42,"enemies":"Donu and Deca","floor":50,"turns":6},{"damage":0,"enemies":"Cultist","floor":52,"turns":2},{"damage":0,"enemies":"Jaw Worm","floor":55,"turns":1},{"damage":0,"enemies":"Small Slimes","floor":56,"turns":1},{"damage":0,"enemies":"Gremlin Nob","floor":57,"turns":2},{"damage":0,"enemies":"Exordium Thugs","floor":58,"turns":1},{"damage":0,"enemies":"3 Louse","floor":61,"turns":1},{"damage":0,"enemies":"3 Sentries","floor":62,"turns":1},{"damage":0,"enemies":"Looter","floor":63,"turns":1},{"damage":0,"enemies":"Gremlin Nob","floor":65,"turns":1},{"damage":0,"enemies":"Slime Boss","floor":67,"turns":3},{"damage":1,"enemies":"Shell Parasite","floor":69,"turns":3},{"damage":0,"enemies":"3 Byrds","floor":70,"turns":2},{"damage":8,"enemies":"Cultist and Chosen","floor":71,"turns":3},{"damage":32,"enemies":"Snecko","floor":72,"turns":4},{"damage":9,"enemies":"Chosen and Byrds","floor":73,"turns":3},{"damage":11,"enemies":"Snake Plant","floor":75,"turns":3},{"damage":13,"enemies":"Slavers","floor":76,"turns":2},{"damage":29,"enemies":"Book of Stabbing","floor":77,"turns":3},{"damage":0,"enemies":"3 Cultists","floor":80,"turns":4},{"damage":0,"enemies":"Slavers","floor":81,"turns":3},{"damage":1,"enemies":"Centurion and Healer","floor":82,"turns":2},{"damage":27,"enemies":"Automaton","floor":84,"turns":3},{"damage":2,"enemies":"Orb Walker","floor":86,"turns":3},{"damage":2,"enemies":"3 Shapes","floor":87,"turns":3},{"damage":36,"enemies":"Transient","floor":88,"turns":5},{"damage":11,"enemies":"Spire Growth","floor":89,"turns":3},{"damage":13,"enemies":"Nemesis","floor":91,"turns":5},{"damage":30,"enemies":"4 Shapes","floor":93,"turns":2},{"damage":111,"enemies":"Giant Head","floor":94,"turns":7},{"damage":0,"enemies":"3 Darklings","floor":95,"turns":4},{"damage":1,"enemies":"Nemesis","floor":96,"turns":3},{"damage":0,"enemies":"Giant Head","floor":97,"turns":5},{"damage":11,"enemies":"Writhing Mass","floor":98,"turns":3},{"damage":30,"enemies":"Spire Growth","floor":99,"turns":3},{"damage":131,"enemies":"Time Eater","floor":101,"turns":7},{"damage":0,"enemies":"2 Louse","floor":103,"turns":2},{"damage":0,"enemies":"Small Slimes","floor":104,"turns":2},{"damage":0,"enemies":"Cultist","floor":105,"turns":2},{"damage":0,"enemies":"Exordium Thugs","floor":106,"turns":2},{"damage":0,"enemies":"Blue Slaver","floor":107,"turns":2},{"damage":0,"enemies":"Lagavulin","floor":108,"turns":3},{"damage":0,"enemies":"Looter","floor":109,"turns":2},{"damage":0,"enemies":"3 Sentries","floor":110,"turns":3},{"damage":0,"enemies":"Lagavulin","floor":111,"turns":2},{"damage":6,"enemies":"Lots of Slimes","floor":113,"turns":3},{"damage":0,"enemies":"3 Sentries","floor":115,"turns":4},{"damage":0,"enemies":"Exordium Wildlife","floor":116,"turns":3},{"damage":0,"enemies":"Hexaghost","floor":118,"turns":4},{"damage":0,"enemies":"3 Byrds","floor":120,"turns":4},{"damage":0,"enemies":"Chosen","floor":121,"turns":4},{"damage":6,"enemies":"Gremlin Leader","floor":122,"turns":2},{"damage":12,"enemies":"Shelled Parasite and Fungi","floor":123,"turns":2},{"damage":10,"enemies":"Chosen and Byrds","floor":124,"turns":2},{"damage":0,"enemies":"Cultist and Chosen","floor":126,"turns":2},{"damage":0,"enemies":"Slavers","floor":127,"turns":2},{"damage":38,"enemies":"Gremlin Leader","floor":128,"turns":3},{"damage":43,"enemies":"Book of Stabbing","floor":130,"turns":3},{"damage":14,"enemies":"Snake Plant","floor":132,"turns":3},{"damage":42,"enemies":"3 Cultists","floor":133,"turns":4},{"damage":47,"enemies":"Champ","floor":135,"turns":3},{"damage":27,"enemies":"3 Shapes","floor":137,"turns":7},{"damage":95,"enemies":"Nemesis","floor":138,"turns":3},{"damage":0,"enemies":"Orb Walker","floor":139,"turns":3},{"damage":147,"enemies":"Transient","floor":141,"turns":5},{"damage":0,"enemies":"Reptomancer","floor":143,"turns":4},{"damage":26,"enemies":"Nemesis","floor":145,"turns":3},{"damage":0,"enemies":"Jaw Worm Horde","floor":147,"turns":2},{"damage":26,"enemies":"Maw","floor":150,"turns":4},{"damage":70,"enemies":"Time Eater","floor":152,"turns":7},{"damage":0,"enemies":"Cultist","floor":154,"turns":3},{"damage":0,"enemies":"Small Slimes","floor":157,"turns":2},{"damage":9,"enemies":"Jaw Worm","floor":158,"turns":3},{"damage":0,"enemies":"Lagavulin","floor":159,"turns":2},{"damage":0,"enemies":"Gremlin Nob","floor":161,"turns":2},{"damage":0,"enemies":"Lagavulin","floor":162,"turns":2},{"damage":17,"enemies":"Exordium Thugs","floor":163,"turns":3},{"damage":0,"enemies":"Gremlin Nob","floor":164,"turns":3},{"damage":0,"enemies":"3 Louse","floor":165,"turns":2},{"damage":0,"enemies":"Exordium Wildlife","floor":166,"turns":2},{"damage":97,"enemies":"3 Sentries","floor":167,"turns":7},{"damage":2,"enemies":"Slime Boss","floor":169,"turns":3},{"damage":189,"enemies":"Shell Parasite","floor":171,"turns":12},{"damage":0,"enemies":"Spheric Guardian","floor":172,"turns":3},{"damage":0,"enemies":"Snake Plant","floor":173,"turns":4},{"damage":34,"enemies":"3 Cultists","floor":174,"turns":3},{"damage":0,"enemies":"Centurion and Healer","floor":175,"turns":3},{"damage":34,"enemies":"Slavers","floor":176,"turns":2},{"damage":53,"enemies":"Gremlin Leader","floor":178,"turns":5}],"seed_played":"5773649339935467884","potions_obtained":[{"floor":6,"key":"Dexterity Potion"},{"floor":7,"key":"Weak Potion"},{"floor":10,"key":"PowerPotion"},{"floor":13,"key":"Fire Potion"}],"is_trial":true,"path_per_floor":["M","M","?","?","M","E","M","E","T","?","E","R","M","E","R","B",null,"M","?","M","M","T","E","M","E","T","E","E","M","M","$","R","B",null,"M","M","$","?","M","E","?","M","T","E","M","R","M","M","R","B",null,"M","?","$","M","M","E","M","R","T","M","E","M","R","E","R","B",null,"M","M","M","M","M","R","M","E","E","R","?","M","E","M","R","B",null,"M","M","M","M","$","E","R","M","E","M","E","E","M","M","R","B",null,"M","M","M","M","M","E","M","E","E","$","M","?","E","M","R","B",null,"M","M","E","M","M","R","M","E","E","?","E","R","M","M","R","B",null,"M","E","M","$","M","R","E","R","E","R","M","R","$","M","R","B",null,"M","?","$","M","M","E","R","E","E","M","E","M","M","E","R","B",null,"M","M","M","M","M","E","R","E"],"character_chosen":"IRONCLAD","items_purchased":["Bronze Scales","Centennial Puzzle","Trip","Violence","HandDrill","Dream Catcher","MealTicket","Self Forming Clay","Cauldron","Bottled Tornado","Du-Vu Doll","Ginger","Membership Card","Inflame+1","Brimstone","Impatience+1","Jack Of All Trades+1","Chrysalis+1","Forethought+1","Dramatic Entrance+1","Blind+1","Panacea+1","PanicButton+1","Dramatic Entrance+1","Mayhem+1","Jack Of All Trades+1","Deep Breath+1","Blind+1","ClockworkSouvenir","Incense Burner"],"campfire_rested":19,"item_purchase_floors":[31,31,31,31,37,37,54,54,90,90,112,112,112,112,140,140,140,140,140,140,140,140,140,140,140,140,140,140,149,156],"current_hp_per_floor":[76,69,62,62,62,64,48,58,58,54,42,68,52,52,78,57,87,82,82,82,84,84,86,87,87,87,87,87,87,83,83,83,87,87,87,87,87,87,87,59,48,50,50,42,44,72,72,74,93,53,95,95,76,76,78,80,88,90,103,103,103,105,105,107,112,114,116,116,119,120,112,82,75,122,111,102,75,75,75,81,87,88,134,109,136,134,134,100,101,116,105,148,118,68,150,151,154,143,128,160,43,162,162,162,162,176,176,182,182,184,186,186,186,179,192,196,196,201,201,205,205,201,207,210,210,210,212,176,176,149,216,204,170,218,175,220,195,118,128,143,24,105,174,226,206,230,234,236,236,212,238,170,120,120,117,120,120,111,117,120,120,120,107,117,120,120,32,32,76,120,25,44,63,48,63,42,42,0],"gold":462,"neow_bonus":"","is_prod":false,"is_daily":false,"chose_seed":false,"campfire_upgraded":1,"win_rate":0,"timestamp":1567291434,"path_taken":["M","M","?","?","M","E","M","E","T","?","E","R","M","E","R","BOSS","M","?","M","M","?","E","M","E","T","?","E","M","M","$","R","BOSS","M","M","$","?","M","E","?","M","T","E","M","R","M","M","R","BOSS","M","?","?","M","M","E","?","R","T","M","?","?","R","?","R","BOSS","M","M","M","M","M","R","M","E","E","R","?","M","E","M","R","BOSS","M","M","M","M","$","E","R","M","E","M","E","E","M","M","R","BOSS","M","M","M","M","M","E","M","E","E","$","M","?","?","M","R","BOSS","M","M","?","M","M","R","?","E","E","?","E","R","M","M","R","BOSS","M","?","M","$","M","R","E","R","E","R","M","R","$","M","R","BOSS","M","?","$","M","M","E","R","E","E","M","E","?","M","?","R","BOSS","M","M","M","M","M","E","R","E"],"build_version":"2019-07-17","purchased_purges":0,"victory":false,"max_hp_per_floor":[80,80,80,80,80,80,80,80,80,80,87,87,87,87,87,87,87,87,87,87,87,87,87,87,87,87,87,87,87,87,87,87,87,87,87,87,87,87,87,87,87,87,87,89,89,91,91,91,93,95,95,95,95,95,95,95,101,101,103,103,103,105,105,107,112,114,116,116,120,120,120,120,120,122,122,124,124,124,124,128,132,132,134,136,136,136,136,136,146,146,146,148,148,150,150,152,154,154,158,160,162,162,162,162,162,176,176,182,182,184,186,186,190,190,192,196,196,201,201,205,205,207,207,210,210,210,212,214,214,214,216,216,216,218,220,220,220,222,222,222,222,222,224,226,228,230,234,236,236,236,238,240,120,120,120,120,120,120,120,120,120,120,120,120,120,120,120,120,120,120,120,120,120,120,120,120,120,120],"card_choices":[{"not_picked":["Twin Strike","Fire Breathing"],"picked":"Armaments","floor":6},{"not_picked":["Combust","Iron Wave"],"picked":"Twin Strike","floor":8},{"not_picked":["Whirlwind","Warcry"],"picked":"Flex","floor":10},{"not_picked":["Demon Form","Headbutt"],"picked":"Clothesline","floor":11},{"not_picked":["Dark Embrace","Clothesline"],"picked":"Cleave","floor":14},{"not_picked":["Bludgeon","Double Tap"],"picked":"Immolate","floor":16},{"not_picked":["Armaments","Ghostly Armor"],"picked":"Uppercut","floor":23},{"not_picked":["Anger","Wild Strike"],"picked":"Cleave","floor":25},{"not_picked":["Clothesline","Shrug It Off"],"picked":"Armaments+1","floor":27},{"not_picked":["Iron Wave","Combust+1"],"picked":"Body Slam+1","floor":28},{"not_picked":["Immolate","Double Tap"],"picked":"Feed","floor":33},{"not_picked":["Anger+1","Twin Strike+1"],"picked":"Cleave+1","floor":38},{"not_picked":["Perfected Strike","Body Slam"],"picked":"Fire Breathing+1","floor":40},{"not_picked":["Havoc","Metallicize+1","Dark Embrace"],"picked":"Singing Bowl","floor":44},{"not_picked":["Clash+1","Blood for Blood+1","Rage+1"],"picked":"Singing Bowl","floor":46},{"not_picked":["Pummel","Cleave+1","Heavy Blade"],"picked":"Singing Bowl","floor":49},{"not_picked":["Limit Break","Immolate","Fiend Fire"],"picked":"Singing Bowl","floor":50},{"not_picked":["Hemokinesis","Clothesline","Feel No Pain+1"],"picked":"Singing Bowl","floor":57},{"not_picked":["Iron Wave","Warcry","Flex"],"picked":"Singing Bowl","floor":59},{"not_picked":["Bloodletting","Havoc","Pommel Strike"],"picked":"Singing Bowl","floor":62},{"not_picked":["Armaments","Twin Strike","Clash"],"picked":"Singing Bowl","floor":64},{"not_picked":["Entrench","Searing Blow","Brutality+1"],"picked":"Singing Bowl","floor":65},{"not_picked":["Headbutt","Carnage","Dropkick"],"picked":"Singing Bowl","floor":66},{"not_picked":["Feed","Exhume","Reaper"],"picked":"Singing Bowl","floor":67},{"not_picked":["Heavy Blade","Pommel Strike","Armaments"],"picked":"Singing Bowl","floor":74},{"not_picked":["Metallicize+1","Uppercut+1","True Grit"],"picked":"Singing Bowl","floor":76},{"not_picked":["Carnage","Offering"],"picked":"Inflame+1","floor":77},{"not_picked":["Inflame+1","Body Slam","Clothesline+1"],"picked":"Spot Weakness+1","floor":81},{"not_picked":["Dual Wield+1","Body Slam","Warcry+1","Whirlwind"],"picked":"Singing Bowl","floor":83},{"not_picked":["Berserk+1","Offering+1","Reaper","Juggernaut+1"],"picked":"Singing Bowl","floor":84},{"not_picked":["Cleave+1","Clash+1","Shockwave+1"],"picked":"Limit Break+1","floor":91},{"not_picked":["Blood for Blood+1","Heavy Blade+1","Sever Soul+1","Twin Strike+1"],"picked":"Singing Bowl","floor":92},{"not_picked":["True Grit+1","Perfected Strike+1","Warcry+1","Metallicize+1"],"picked":"Singing Bowl","floor":94},{"not_picked":["Wild Strike+1","Iron Wave+1","Pommel Strike+1","Sever Soul+1"],"picked":"Singing Bowl","floor":96},{"not_picked":["Feel No Pain+1","Body Slam+1","Anger+1","Ghostly Armor+1"],"picked":"Singing Bowl","floor":97},{"not_picked":["Feel No Pain+1","Thunderclap+1","Blood for Blood+1","Shockwave+1"],"picked":"Singing Bowl","floor":100},{"not_picked":["Brutality+1","Double Tap+1","Feed+1","Bludgeon+1"],"picked":"Singing Bowl","floor":101},{"not_picked":["Infernal Blade+1","Shrug It Off+1","Burning Pact+1","Warcry+1"],"picked":"Singing Bowl","floor":108},{"not_picked":["Thunderclap+1","Brutality+1","Pommel Strike+1","Clothesline+1"],"picked":"Singing Bowl","floor":110},{"not_picked":["Pommel Strike+1","Heavy Blade+1","Battle Trance+1","Clash+1"],"picked":"Singing Bowl","floor":111},{"not_picked":["Pummel+1","Havoc+1","Sword Boomerang+1","Headbutt+1"],"picked":"Singing Bowl","floor":115},{"not_picked":["Fiend Fire+1","Double Tap+1","Immolate+1","Reaper+1"],"picked":"Singing Bowl","floor":118},{"not_picked":["Intimidate+1","Spot Weakness+1","True Grit+1","Wild Strike+1"],"picked":"Singing Bowl","floor":122},{"not_picked":["Havoc+1","Body Slam+1","Shockwave+1","Thunderclap+1"],"picked":"Singing Bowl","floor":127},{"not_picked":["Rampage+1","Perfected Strike+1","Second Wind+1","Rage+1"],"picked":"Singing Bowl","floor":128},{"not_picked":["Hemokinesis+1","Clash+1","Entrench+1"],"picked":"Heavy Blade+1","floor":130},{"not_picked":["Flex+1","Exhume+1","Body Slam+1","Iron Wave+1"],"picked":"Singing Bowl","floor":131},{"not_picked":["Rupture+1","Perfected Strike+1","Shrug It Off+1","Havoc+1"],"picked":"Singing Bowl","floor":134},{"not_picked":["Offering+1","Berserk+1","Barricade+1","Brutality+1"],"picked":"Singing Bowl","floor":135},{"not_picked":["Power Through+1","Havoc+1","Dropkick+1","Metallicize+1"],"picked":"Singing Bowl","floor":138},{"not_picked":["Warcry+1","Sword Boomerang+1","Clothesline+1"],"picked":"Heavy Blade+1","floor":142},{"not_picked":["Perfected Strike+1","Burning Pact+1","Fire Breathing+1","Cleave+1"],"picked":"Singing Bowl","floor":143},{"not_picked":["Hemokinesis+1","Heavy Blade+1","Clothesline+1","Searing Blow+1"],"picked":"Singing Bowl","floor":144},{"not_picked":["Hemokinesis+1","Thunderclap+1","Seeing Red+1","Cleave+1"],"picked":"Singing Bowl","floor":145},{"not_picked":["Cleave+1","Metallicize+1","Spot Weakness+1","Bloodletting+1"],"picked":"Singing Bowl","floor":146},{"not_picked":["Reckless Charge+1","Twin Strike+1","Clash+1","Exhume+1"],"picked":"Singing Bowl","floor":148},{"not_picked":["Clash+1","Headbutt+1","Bloodletting+1","Thunderclap+1"],"picked":"Singing Bowl","floor":151},{"not_picked":["Immolate+1","Demon Form+1","Reaper+1","Fiend Fire+1"],"picked":"Singing Bowl","floor":152},{"not_picked":["Spot Weakness+1","Havoc+1","Demon Form+1","Pommel Strike+1"],"picked":"Singing Bowl","floor":159},{"not_picked":["Body Slam+1","Searing Blow+1","Flex+1","Perfected Strike+1"],"picked":"Singing Bowl","floor":160},{"not_picked":["Perfected Strike+1","Pummel+1","Impervious+1","Immolate+1"],"picked":"Singing Bowl","floor":161},{"not_picked":["Shockwave+1","Anger+1","Havoc+1","Flex+1"],"picked":"Singing Bowl","floor":162},{"not_picked":["Bludgeon+1","Thunderclap+1","Iron Wave+1","Warcry+1"],"picked":"Singing Bowl","floor":164},{"not_picked":["Armaments+1","Warcry+1","Headbutt+1","Feel No Pain+1"],"picked":"Singing Bowl","floor":167},{"not_picked":["Fiend Fire+1","Barricade+1","Reaper+1","Offering+1"],"picked":"Singing Bowl","floor":169},{"not_picked":["Blood for Blood+1","Searing Blow+1","Heavy Blade+1","Twin Strike+1"],"picked":"Singing Bowl","floor":176}],"player_experience":213757,"relics_obtained":[{"floor":1,"key":"Pen Nib"},{"floor":2,"key":"Omamori"},{"floor":5,"key":"Anchor"},{"floor":6,"key":"Ornamental Fan"},{"floor":7,"key":"PreservedInsect"},{"floor":8,"key":"War Paint"},{"floor":9,"key":"Art of War"},{"floor":10,"key":"Paper Frog"},{"floor":11,"key":"Strawberry"},{"floor":13,"key":"Darkstone Periapt"},{"floor":14,"key":"Pocketwatch"},{"floor":18,"key":"StoneCalendar"},{"floor":20,"key":"Blood Vial"},{"floor":21,"key":"Whetstone"},{"floor":22,"key":"Champion Belt"},{"floor":23,"key":"Vajra"},{"floor":24,"key":"Bottled Flame"},{"floor":25,"key":"Letter Opener"},{"floor":26,"key":"Ancient Tea Set"},{"floor":27,"key":"Nunchaku"},{"floor":28,"key":"Kunai"},{"floor":29,"key":"Orichalcum"},{"floor":30,"key":"Bag of Marbles"},{"floor":35,"key":"Ice Cream"},{"floor":36,"key":"Bottled Lightning"},{"floor":38,"key":"Calipers"},{"floor":39,"key":"Red Skull"},{"floor":40,"key":"Happy Flower"},{"floor":42,"key":"Prayer Wheel"},{"floor":43,"key":"Singing Bowl"},{"floor":44,"key":"Shuriken"},{"floor":45,"key":"Torii"},{"floor":47,"key":"Pantograph"},{"floor":48,"key":"Tiny Chest"},{"floor":52,"key":"MawBank"},{"floor":55,"key":"Dodecahedron"},{"floor":56,"key":"Frozen Egg 2"},{"floor":58,"key":"Sundial"},{"floor":60,"key":"Meat on the Bone"},{"floor":61,"key":"Boot"},{"floor":63,"key":"Regal Pillow"},{"floor":69,"key":"Lantern"},{"floor":70,"key":"Oddly Smooth Stone"},{"floor":71,"key":"Shovel"},{"floor":72,"key":"Potion Belt"},{"floor":73,"key":"Dead Branch"},{"floor":75,"key":"Bag of Preparation"},{"floor":78,"key":"Question Card"},{"floor":80,"key":"Toxic Egg 2"},{"floor":82,"key":"Matryoshka"},{"floor":86,"key":"Molten Egg 2"},{"floor":87,"key":"Blue Candle"},{"floor":88,"key":"Mercury Hourglass"},{"floor":89,"key":"Pear"},{"floor":93,"key":"Gambling Chip"},{"floor":95,"key":"WingedGreaves"},{"floor":98,"key":"Peace Pipe"},{"floor":99,"key":"FossilizedHelix"},{"floor":103,"key":"Mummified Hand"},{"floor":104,"key":"The Courier"},{"floor":105,"key":"Turnip"},{"floor":106,"key":"Mango"},{"floor":107,"key":"Bird Faced Urn"},{"floor":109,"key":"Charon\u0027s Ashes"},{"floor":113,"key":"Circlet"},{"floor":116,"key":"Circlet"},{"floor":117,"key":"Circlet"},{"floor":120,"key":"Circlet"},{"floor":121,"key":"Circlet"},{"floor":123,"key":"Circlet"},{"floor":124,"key":"Circlet"},{"floor":125,"key":"Circlet"},{"floor":126,"key":"Circlet"},{"floor":132,"key":"Circlet"},{"floor":133,"key":"Circlet"},{"floor":137,"key":"Circlet"},{"floor":139,"key":"Circlet"},{"floor":141,"key":"Circlet"},{"floor":147,"key":"Circlet"},{"floor":150,"key":"Circlet"},{"floor":154,"key":"Magic Flower"},{"floor":157,"key":"Circlet"},{"floor":158,"key":"Circlet"},{"floor":163,"key":"Circlet"},{"floor":165,"key":"Circlet"},{"floor":166,"key":"Circlet"},{"floor":171,"key":"Circlet"},{"floor":172,"key":"Circlet"},{"floor":173,"key":"Circlet"},{"floor":174,"key":"Circlet"},{"floor":175,"key":"Circlet"}],"event_choices":[{"damage_healed":0,"gold_gain":0,"player_choice":"Success","damage_taken":7,"relics_obtained":["Gremlin Horn"],"max_hp_gain":0,"max_hp_loss":0,"event_name":"Scrap Ooze","floor":3,"gold_loss":0},{"damage_healed":0,"gold_gain":175,"player_choice":"AGREE","damage_taken":0,"max_hp_gain":0,"max_hp_loss":0,"event_name":"Liars Game","floor":4,"gold_loss":0,"cards_obtained":["Doubt"]},{"damage_healed":0,"gold_gain":30,"player_choice":"Searched \u00272\u0027 times","damage_taken":0,"max_hp_gain":0,"max_hp_loss":0,"event_name":"Dead Adventurer","floor":10,"gold_loss":0},{"damage_healed":0,"gold_gain":0,"player_choice":"Ignored","damage_taken":0,"max_hp_gain":0,"max_hp_loss":0,"event_name":"Ghosts","floor":19,"gold_loss":0},{"damage_healed":0,"gold_gain":0,"player_choice":"Fight","damage_taken":0,"max_hp_gain":0,"max_hp_loss":0,"event_name":"MindBloom","floor":38,"gold_loss":0},{"damage_healed":0,"gold_gain":0,"player_choice":"Embrace Madness","damage_taken":11,"max_hp_gain":0,"max_hp_loss":0,"event_name":"Winding Halls","floor":41,"gold_loss":0,"cards_obtained":["Madness","Madness"]},{"damage_healed":0,"gold_gain":0,"player_choice":"Entered Light","damage_taken":19,"max_hp_gain":0,"max_hp_loss":0,"event_name":"Shining Light","floor":53,"gold_loss":0,"cards_upgraded":["Trip","Violence"]},{"damage_healed":0,"gold_gain":0,"player_choice":"Ignored","damage_taken":0,"max_hp_gain":0,"max_hp_loss":0,"event_name":"Ghosts","floor":79,"gold_loss":0},{"damage_healed":0,"gold_gain":0,"player_choice":"Success","damage_taken":7,"relics_obtained":["Circlet"],"max_hp_gain":0,"max_hp_loss":0,"event_name":"Scrap Ooze","floor":114,"gold_loss":0},{"damage_healed":0,"gold_gain":0,"player_choice":"Copied","damage_taken":0,"max_hp_gain":0,"max_hp_loss":0,"event_name":"Duplicator","floor":129,"gold_loss":0,"cards_obtained":["Limit Break"]},{"damage_healed":0,"gold_gain":0,"player_choice":"Success","damage_taken":3,"relics_obtained":["Thread and Needle"],"max_hp_gain":0,"max_hp_loss":0,"event_name":"Scrap Ooze","floor":155,"gold_loss":0}],"is_beta":false,"boss_relics":[{"not_picked":["Coffee Dripper","Runic Cube"],"picked":"Sozu"},{"not_picked":["Cursed Key","Philosopher\u0027s Stone"],"picked":"Lizard Tail"},{"not_picked":["Calling Bell","Orrery"],"picked":"Fusion Hammer"},{"not_picked":["BlightedDurian"],"picked":"GraspOfShadows"},{"not_picked":["Accursed"],"picked":"Scatterbrain"},{"not_picked":["GraspOfShadows"],"picked":"TwistingMind"},{"not_picked":["MetallicRebirth"],"picked":"Scatterbrain"},{"not_picked":["MetallicRebirth"],"picked":"Scatterbrain"},{"not_picked":["VoidEssence"],"picked":"BlightedDurian"},{"not_picked":["BlightedDurian"],"picked":"Accursed"}],"items_purged_floors":[],"is_endless":true,"potions_floor_spawned":[6,7,10,13,21,23,28,29,33,38,40,42,44,47,50,55,56,62,65,69,71,72,81,82,86,87,93,98,101,103,105,107,110,118,122,124,126,132,138,139,147,150,157,158,161,166,167,169,172,173,175],"killed_by":"Gremlin Leader","ascension_level":1}