{"gold_per_floor":[111,111,111,122,47,47,58,71,71,85,85,85,106,122,122,248,248,272,55,55,75,95,95,20,20,20,33,66,66,90,15,15,15],"floor_reached":33,"playtime":3800,"items_purged":["Strike_B"],"score":282,"play_id":"24ebb8a9-16b1-4b13-962b-80c13e7f8ead","local_time":"20190917224147","is_ascension_mode":false,"campfire_choices":[{"data":"Tempest","floor":6,"key":"SMITH"},{"data":"Coolheaded","floor":15,"key":"SMITH"},{"data":"Capacitor","floor":23,"key":"SMITH"},{"floor":32,"key":"REST"}],"neow_cost":"NONE","seed_source_timestamp":519895058036900,"circlet_count":0,"master_deck":["Defend_B","Defend_B","Defend_B","Zap","Dualcast","Tempest+1","Static Discharge","Coolheaded+1","Compile Driver","Sweeping Beam","Reboot","Beam Cell","Cold Snap","Go for the Eyes","Coolheaded","Conserve Battery","White Noise+1","Capacitor+1","Seek","Rainbow","Coolheaded","Double Energy","Skim","Lockon","Bite","Bite","Bite","Bite","Bite","Buffer","Glacier"],"relics":["Cracked Core","NeowsBlessing","Pantograph","Golden Idol","Orrery","Mercury Hourglass","WingedGreaves","Dream Catcher"],"potions_floor_usage":[28,28],"damage_taken":[{"damage":0,"enemies":"Small Slimes","floor":1,"turns":1},{"damage":0,"enemies":"2 Louse","floor":4,"turns":1},{"damage":0,"enemies":"Cultist","floor":7,"turns":1},{"damage":0,"enemies":"Exordium Wildlife","floor":8,"turns":5},{"damage":3,"enemies":"Looter","floor":10,"turns":4},{"damage":11,"enemies":"Exordium Thugs","floor":13,"turns":3},{"damage":16,"enemies":"Lots of Slimes","floor":14,"turns":3},{"damage":38,"enemies":"Hexaghost","floor":16,"turns":11},{"damage":36,"enemies":"3 Byrds","floor":18,"turns":6},{"damage":9,"enemies":"Spheric Guardian","floor":21,"turns":4},{"damage":24,"enemies":"Cultist and Chosen","floor":22,"turns":5},{"damage":10,"enemies":"Sentry and Sphere","floor":27,"turns":6},{"damage":35,"enemies":"Slavers","floor":28,"turns":6},{"damage":61,"enemies":"Collector","floor":33,"turns":12}],"seed_played":"-4338466609855377133","potions_obtained":[{"floor":7,"key":"Poison Potion"},{"floor":10,"key":"Energy Potion"},{"floor":13,"key":"FearPotion"},{"floor":28,"key":"SteroidPotion"}],"is_trial":false,"path_per_floor":["M","?","?","M","$","R","M","M","T","M","?","?","M","M","R","B",null,"M","$","?","M","M","R","?","?","T","M","E","?","T","$","R","B"],"character_chosen":"DEFECT","items_purchased":["Capacitor","Seek","Buffer"],"campfire_rested":1,"item_purchase_floors":[19,19,31],"current_hp_per_floor":[75,80,80,80,80,80,80,80,80,77,70,50,39,23,23,10,80,44,44,80,71,47,47,47,47,47,37,2,2,2,2,18,0],"gold":15,"neow_bonus":"THREE_ENEMY_KILL","is_prod":false,"is_daily":false,"chose_seed":false,"campfire_upgraded":3,"win_rate":0.0,"timestamp":1568770907,"path_taken":["M","?","?","M","$","R","?","M","T","M","?","?","?","M","R","BOSS","M","?","?","M","?","R","?","?","T","M","E","?","?","?","R","BOSS"],"build_version":"2019-07-17","purchased_purges":1,"victory":false,"max_hp_per_floor":[75,80,80,80,80,80,80,80,80,80,80,80,80,80,80,80,80,80,80,80,80,80,80,80,80,80,80,80,56,56,56,56,56],"card_choices":[{"not_picked":["Turbo","Self Repair"],"picked":"Tempest","floor":1},{"not_picked":["Sweeping Beam","Steam"],"picked":"Coolheaded","floor":4},{"not_picked":["Undo","Rebound","Heatsinks"],"picked":"SKIP","floor":7},{"not_picked":["Streamline","Heatsinks"],"picked":"Compile Driver","floor":8},{"not_picked":["Stack","Go for the Eyes"],"picked":"Sweeping Beam","floor":10},{"not_picked":["Rebound","Ball Lightning","Barrage"],"picked":"SKIP","floor":13},{"not_picked":["Stack","Redo","Rip and Tear"],"picked":"SKIP","floor":14},{"not_picked":["Multi-Cast","Seek"],"picked":"Reboot","floor":16},{"not_picked":["Chill","Leap"],"picked":"Beam Cell","floor":17},{"not_picked":["Turbo","Doom and Gloom"],"picked":"Cold Snap","floor":17},{"not_picked":["Static Discharge","Redo"],"picked":"Go for the Eyes","floor":17},{"not_picked":["Rip and Tear","Sweeping Beam"],"picked":"Coolheaded","floor":17},{"not_picked":["Blizzard","Stack"],"picked":"Conserve Battery","floor":17},{"not_picked":["Doom and Gloom","Cold Snap+1"],"picked":"White Noise+1","floor":18},{"not_picked":["Barrage+1","Beam Cell"],"picked":"Rainbow","floor":21},{"not_picked":["Conserve Battery","Beam Cell"],"picked":"Coolheaded","floor":22},{"not_picked":["Chaos","Ball Lightning"],"picked":"Skim","floor":27},{"not_picked":["Leap","Redo+1"],"picked":"Lockon","floor":28},{"not_picked":["Coolheaded","Fusion"],"picked":"Glacier","floor":32}],"player_experience":41161,"relics_obtained":[{"floor":9,"key":"Pantograph"},{"floor":26,"key":"Mercury Hourglass"},{"floor":28,"key":"WingedGreaves"},{"floor":30,"key":"Dream Catcher"}],"event_choices":[{"damage_healed":0,"gold_gain":0,"player_choice":"Donut","damage_taken":0,"max_hp_gain":5,"max_hp_loss":0,"event_name":"Big Fish","floor":2,"gold_loss":0},{"damage_healed":0,"gold_gain":0,"cards_transformed":["Strike_B"],"player_choice":"Transformed","damage_taken":0,"max_hp_gain":0,"max_hp_loss":0,"event_name":"Transmorgrifier","floor":3,"gold_loss":0,"cards_obtained":["Static Discharge"]},{"cards_removed":["Strike_B"],"damage_healed":0,"gold_gain":0,"player_choice":"Card Removal","damage_taken":7,"max_hp_gain":0,"max_hp_loss":0,"event_name":"Golden Wing","floor":11,"gold_loss":0},{"damage_healed":0,"gold_gain":0,"player_choice":"Take Damage","damage_taken":20,"relics_obtained":["Golden Idol"],"max_hp_gain":0,"max_hp_loss":0,"event_name":"Golden Idol","floor":12,"gold_loss":0},{"damage_healed":36,"gold_gain":0,"player_choice":"Full Heal","damage_taken":0,"max_hp_gain":0,"max_hp_loss":0,"event_name":"Wheel of Change","floor":20,"gold_loss":0},{"cards_removed":["Defend_B"],"damage_healed":0,"gold_gain":0,"player_choice":"Gave Gold","damage_taken":0,"max_hp_gain":0,"max_hp_loss":0,"event_name":"Beggar","floor":24,"gold_loss":75},{"damage_healed":0,"gold_gain":0,"player_choice":"Read","damage_taken":0,"max_hp_gain":0,"max_hp_loss":0,"event_name":"The Library","floor":25,"gold_loss":0,"cards_obtained":["Double Energy"]},{"damage_healed":0,"gold_gain":0,"player_choice":"Became a vampire","damage_taken":0,"max_hp_gain":0,"max_hp_loss":24,"event_name":"Vampires","floor":29,"gold_loss":0,"cards_obtained":["Bite","Bite","Bite","Bite","Bite"]}],"is_beta":false,"boss_relics":[{"not_picked":["Tiny House","Cursed Key"],"picked":"Orrery"}],"items_purged_floors":[5],"is_endless":false,"potions_floor_spawned":[7,10,13,18,21,28],"killed_by":"Collector","ascension_level":0}