{"gold_per_floor":[148,148,148,148,158,158,108,108,108,108,121,152,166,183,183,283,283,208,208,208,208,208,208,148,148],"floor_reached":25,"playtime":1314,"items_purged":["Strike_G"],"score":203,"play_id":"f197560c-633e-4c5a-a95f-eeb237893352","local_time":"20180701020555","is_ascension_mode":false,"campfire_choices":[{"data":"Terror","floor":6,"key":"SMITH"},{"data":"Neutralize","floor":10,"key":"SMITH"},{"floor":15,"key":"REST"},{"floor":23,"key":"REST"}],"neow_cost":"NONE","seed_source_timestamp":98339430831036,"circlet_count":0,"master_deck":["Defend_G","Defend_G","Defend_G","Defend_G","Defend_G","Strike_G","Strike_G","Strike_G","Survivor","Neutralize+1","Terror+1","Blade Dance","Bullet Time","Backflip","Bullet Time","Cloak And Dagger","Accuracy","Acrobatics"],"relics":["Ring of the Snake","Tiny Chest","Matryoshka","Lantern","The Courier","Kunai","Juzu Bracelet","Regal Pillow","Ectoplasm","Boot"],"potions_floor_usage":[13,14,16,16,20,22,22],"damage_taken":[{"damage":0,"enemies":"Jaw Worm","floor":1,"turns":6},{"damage":1,"enemies":"Cultist","floor":5,"turns":3},{"damage":6,"enemies":"Small Slimes","floor":11,"turns":5},{"damage":5,"enemies":"Lagavulin","floor":12,"turns":7},{"damage":9,"enemies":"Exordium Thugs","floor":13,"turns":4},{"damage":17,"enemies":"Large Slime","floor":14,"turns":8},{"damage":61,"enemies":"Slime Boss","floor":16,"turns":19},{"damage":4,"enemies":"2 Thieves","floor":18,"turns":5},{"damage":54,"enemies":"Chosen","floor":19,"turns":9},{"damage":1,"enemies":"Centurion and Healer","floor":20,"turns":9},{"damage":0,"enemies":"Snake Plant","floor":22,"turns":7},{"damage":52,"enemies":"Cultist and Chosen","floor":25,"turns":9}],"seed_played":"2637801340607092058","potions_obtained":[{"floor":1,"key":"Fire Potion"},{"floor":2,"key":"SpeedPotion"},{"floor":2,"key":"Regen Potion"},{"floor":13,"key":"GamblersBrew"},{"floor":16,"key":"SpeedPotion"},{"floor":19,"key":"LiquidBronze"},{"floor":20,"key":"Weak Potion"}],"is_trial":false,"path_per_floor":["M","?","?","?","M","R","?","T","T","R","M","E","M","M","R","B",null,"M","M","M","T","M","R","$"],"character_chosen":"THE_SILENT","items_purchased":[],"campfire_rested":2,"item_purchase_floors":[],"current_hp_per_floor":[70,70,70,63,62,62,62,62,62,62,56,51,42,40,70,9,70,66,12,11,11,11,47,47,0],"gold":148,"neow_bonus":"RANDOM_COMMON_RELIC","is_prod":false,"is_daily":false,"chose_seed":false,"campfire_upgraded":2,"win_rate":0,"timestamp":1530428755,"path_taken":["M","?","?","?","?","R","?","?","T","R","M","E","M","M","R","BOSS","M","M","M","?","M","R","$","M"],"build_version":"2018-06-28","purchased_purges":1,"victory":false,"max_hp_per_floor":[70,70,70,70,70,70,70,70,70,70,70,70,70,70,70,70,70,70,70,70,70,70,70,70,70],"card_choices":[{"not_picked":["Well Laid Plans","Catalyst"],"picked":"Terror","floor":1},{"not_picked":["Sucker Punch","Bane","Setup"],"picked":"SKIP","floor":5},{"not_picked":["Catalyst","Dodge and Roll"],"picked":"Blade Dance","floor":11},{"not_picked":["Malaise","Flying Knee"],"picked":"Bullet Time","floor":12},{"not_picked":["Bane","Leg Sweep"],"picked":"Backflip","floor":13},{"not_picked":["Noxious Fumes","Calculated Gamble","Terror"],"picked":"SKIP","floor":14},{"not_picked":["Unload","Envenom"],"picked":"Bullet Time","floor":16},{"not_picked":["Dagger Spray","Distraction"],"picked":"Cloak And Dagger","floor":18},{"not_picked":["Expertise","Slice"],"picked":"Accuracy","floor":19},{"not_picked":["Slice","PiercingWail","Underhanded Strike"],"picked":"SKIP","floor":20},{"not_picked":["Bouncing Flask","Outmaneuver"],"picked":"Acrobatics","floor":22}],"player_experience":287683,"relics_obtained":[{"floor":8,"key":"Lantern"},{"floor":8,"key":"The Courier"},{"floor":9,"key":"Kunai"},{"floor":9,"key":"Juzu Bracelet"},{"floor":12,"key":"Regal Pillow"},{"floor":21,"key":"Boot"}],"event_choices":[{"event_name":"The Lab","player_choice":"Got Potions","floor":2,"damage_taken":0},{"event_name":"Liars Game","player_choice":"disagreed","floor":3,"damage_taken":0},{"event_name":"Scrap Ooze","player_choice":"success","floor":4,"damage_taken":7},{"event_name":"The Cleric","player_choice":"Card Removal","floor":7,"damage_taken":0}],"boss_relics":[{"not_picked":["Philosopher\u0027s Stone","Calling Bell"],"picked":"Ectoplasm"}],"items_purged_floors":[24],"is_endless":false,"potions_floor_spawned":[1,11,13,16,19,20],"killed_by":"Cultist and Chosen","ascension_level":0}