{"gold_per_floor":[119,136,149,169,169,169,202,221,221,254,271,285,285,312,312,412,412,422,422,455,466,466,466,485,485,512,512,532,532,557,584,584,584],"floor_reached":33,"playtime":6969,"items_purged":[],"score":337,"play_id":"5ee95dbf-5852-464c-90cf-3edfe602a889","local_time":"20190913153427","is_ascension_mode":false,"campfire_choices":[{"data":"Double Tap","floor":13,"key":"SMITH"},{"data":"Iron Wave","floor":15,"key":"SMITH"},{"data":"Thunderclap","floor":23,"key":"SMITH"},{"data":"Armaments","floor":25,"key":"SMITH"},{"data":"Warcry","floor":32,"key":"SMITH"}],"neow_cost":"PERCENT_DAMAGE","seed_source_timestamp":403437461092761,"circlet_count":0,"master_deck":["Defend_R","Defend_R","Defend_R","Bash","Reaper","Shrug It Off","Clothesline+1","Thunderclap+1","Twin Strike","Twin Strike","Iron Wave+1","Double Tap+1","Rampage","Demon Form+1","Armaments+1","Pommel Strike+1","Warcry+1","Bite","Bite","Bite","Bite","Bite","Warcry","Ghostly","Ghostly","Ghostly","Ghostly","Ghostly","Metallicize+1"],"relics":["Burning Blood","Meat on the Bone","Juzu Bracelet","Vajra","Frozen Egg 2","Empty Cage","Red Mask","Boot","Bronze Scales","Blood Vial"],"potions_floor_usage":[7,7,10,14,28,33,33],"damage_taken":[{"damage":10,"enemies":"Small Slimes","floor":1,"turns":3},{"damage":2,"enemies":"Cultist","floor":2,"turns":4},{"damage":0,"enemies":"2 Louse","floor":3,"turns":2},{"damage":11,"enemies":"2 Fungi Beasts","floor":4,"turns":5},{"damage":10,"enemies":"Gremlin Nob","floor":7,"turns":4},{"damage":3,"enemies":"Blue Slaver","floor":8,"turns":5},{"damage":41,"enemies":"Lagavulin","floor":10,"turns":9},{"damage":12,"enemies":"Exordium Wildlife","floor":11,"turns":5},{"damage":9,"enemies":"Red Slaver","floor":12,"turns":4},{"damage":27,"enemies":"3 Sentries","floor":14,"turns":7},{"damage":29,"enemies":"Slime Boss","floor":16,"turns":9},{"damage":6,"enemies":"Chosen","floor":18,"turns":4},{"damage":54,"enemies":"Masked Bandits","floor":20,"turns":5},{"damage":28,"enemies":"Shell Parasite","floor":21,"turns":6},{"damage":44,"enemies":"Centurion and Healer","floor":24,"turns":6},{"damage":13,"enemies":"Snake Plant","floor":28,"turns":5},{"damage":41,"enemies":"Gremlin Leader","floor":31,"turns":9},{"damage":66,"enemies":"Collector","floor":33,"turns":7}],"seed_played":"5319885234581949529","potions_obtained":[{"floor":2,"key":"Ancient Potion"},{"floor":3,"key":"SteroidPotion"},{"floor":4,"key":"BloodPotion"},{"floor":6,"key":"Poison Potion"},{"floor":8,"key":"SteroidPotion"},{"floor":10,"key":"EssenceOfSteel"},{"floor":14,"key":"Strength Potion"},{"floor":18,"key":"GamblersBrew"},{"floor":24,"key":"AttackPotion"}],"is_trial":false,"path_per_floor":["M","M","M","M","?","?","E","M","T","E","M","M","R","E","R","B",null,"M","?","?","M","?","R","M","R","T","?","M","?","T","E","R","B"],"character_chosen":"IRONCLAD","items_purchased":[],"campfire_rested":0,"item_purchase_floors":[],"current_hp_per_floor":[60,68,80,80,80,80,80,80,80,57,61,63,63,67,67,59,80,80,80,44,34,34,34,36,36,36,28,28,26,26,23,23,0],"gold":584,"neow_bonus":"THREE_RARE_CARDS","is_prod":false,"is_daily":false,"chose_seed":false,"campfire_upgraded":5,"win_rate":0.0,"timestamp":1568403267,"path_taken":["M","M","M","M","?","?","E","M","T","E","M","M","R","E","R","BOSS","M","?","?","M","?","R","M","R","T","?","M","?","?","E","R","BOSS"],"build_version":"2019-07-17","purchased_purges":0,"victory":false,"max_hp_per_floor":[80,80,80,80,80,80,80,80,80,80,80,80,80,80,80,80,80,80,80,80,80,56,56,56,56,56,28,28,33,33,33,33,33],"card_choices":[{"not_picked":["Barricade","Limit Break"],"picked":"Reaper","floor":0},{"not_picked":["Cleave","Fire Breathing"],"picked":"Shrug It Off","floor":1},{"not_picked":["Sever Soul","Searing Blow","Dropkick"],"picked":"SKIP","floor":2},{"not_picked":["Flex","Iron Wave"],"picked":"Clothesline","floor":3},{"not_picked":["True Grit","Dual Wield"],"picked":"Thunderclap","floor":4},{"not_picked":["Shrug It Off","Brutality"],"picked":"Twin Strike","floor":7},{"not_picked":["Power Through","Heavy Blade","Hemokinesis"],"picked":"SKIP","floor":8},{"not_picked":["Cleave","Anger"],"picked":"Twin Strike","floor":10},{"not_picked":["Shrug It Off","Anger"],"picked":"Iron Wave","floor":11},{"not_picked":["Body Slam","Combust"],"picked":"Double Tap","floor":12},{"not_picked":["Shrug It Off","Spot Weakness"],"picked":"Rampage","floor":14},{"not_picked":["Double Tap","Brutality+1"],"picked":"Demon Form+1","floor":16},{"not_picked":["Iron Wave","Dropkick"],"picked":"Armaments","floor":18},{"not_picked":["Thunderclap","Rampage"],"picked":"Pommel Strike+1","floor":20},{"not_picked":["Cleave","Armaments"],"picked":"Warcry","floor":21},{"not_picked":["Cleave","Pommel Strike"],"picked":"Warcry","floor":24},{"not_picked":["Heavy Blade","Fiend Fire","Armaments"],"picked":"SKIP","floor":28},{"not_picked":["Cleave","Headbutt"],"picked":"Metallicize+1","floor":31}],"player_experience":24760,"relics_obtained":[{"floor":7,"key":"Meat on the Bone"},{"floor":9,"key":"Juzu Bracelet"},{"floor":10,"key":"Vajra"},{"floor":14,"key":"Frozen Egg 2"},{"floor":20,"key":"Red Mask"},{"floor":26,"key":"Boot"},{"floor":30,"key":"Bronze Scales"},{"floor":31,"key":"Blood Vial"}],"event_choices":[{"damage_healed":0,"gold_gain":0,"player_choice":"Grow","damage_taken":0,"max_hp_gain":0,"max_hp_loss":0,"event_name":"Living Wall","floor":5,"gold_loss":0,"cards_upgraded":["Clothesline"]},{"damage_healed":0,"gold_gain":0,"player_choice":"Got Potions","damage_taken":0,"max_hp_gain":0,"max_hp_loss":0,"event_name":"Lab","floor":6,"gold_loss":0},{"cards_removed":["Strike_R"],"damage_healed":0,"gold_gain":0,"player_choice":"Purged","damage_taken":0,"max_hp_gain":0,"max_hp_loss":0,"event_name":"Purifier","floor":19,"gold_loss":0},{"damage_healed":0,"gold_gain":0,"player_choice":"Fought Bandits","damage_taken":0,"max_hp_gain":0,"max_hp_loss":0,"event_name":"Masked Bandits","floor":20,"gold_loss":0},{"damage_healed":0,"gold_gain":0,"player_choice":"Became a vampire","damage_taken":0,"max_hp_gain":0,"max_hp_loss":24,"event_name":"Vampires","floor":22,"gold_loss":0,"cards_obtained":["Bite","Bite","Bite","Bite","Bite"]},{"damage_healed":0,"gold_gain":0,"player_choice":"Became a Ghost","damage_taken":0,"max_hp_gain":0,"max_hp_loss":28,"event_name":"Ghosts","floor":27,"gold_loss":0,"cards_obtained":["Ghostly","Ghostly","Ghostly","Ghostly","Ghostly"]},{"damage_healed":0,"gold_gain":0,"player_choice":"Shed Blood","damage_taken":7,"max_hp_gain":5,"max_hp_loss":0,"event_name":"Forgotten Altar","floor":29,"gold_loss":0}],"is_beta":false,"boss_relics":[{"not_picked":["Philosopher\u0027s Stone","Eternal Feather"],"picked":"Empty Cage"}],"items_purged_floors":[],"is_endless":false,"potions_floor_spawned":[2,3,4,8,10,14,18,24],"killed_by":"Collector","ascension_level":0}