{"gold_per_floor":[112,127,2,18,18,18,48,79,115,156,168,195,239,264,276,392,404,430,453,483,495,517,564,595,636,648,677,161,161,188,207,207,303,303,319,194,213,85,105,139,139,151,177,195,205,0,0,29,29,29,29,29,29,64,64],"floor_reached":55,"playtime":10238,"items_purged":["Strike_R","Strike_R","Defend_R"],"score":988,"play_id":"0183513e-952b-4112-95ea-4dcd168745e0","local_time":"20190915184920","is_ascension_mode":false,"campfire_choices":[{"data":"Carnage","floor":6,"key":"SMITH"},{"data":"Shockwave","floor":15,"key":"SMITH"},{"data":"Feed","floor":29,"key":"SMITH"},{"data":"Dual Wield","floor":32,"key":"SMITH"},{"data":"Armaments","floor":41,"key":"SMITH"},{"floor":47,"key":"REST"},{"floor":49,"key":"RECALL"},{"data":"Feel No Pain","floor":52,"key":"SMITH"}],"neow_cost":"NONE","seed_source_timestamp":584639957176437,"circlet_count":0,"master_deck":["Strike_R+1","Strike_R+1","Strike_R+1","Defend_R+1","Defend_R+1","Defend_R","Bash","Carnage+1","Second Wind","Warcry+1","Warcry","Battle Trance","Shockwave+1","Power Through","Feel No Pain+1","Flame Barrier","Feed+1","Carnage","Warcry","Second Wind","Seeing Red","Shockwave+1","Battle Trance","Dramatic Entrance","Secret Weapon","Ghostly Armor+1","Dual Wield+1","Double Tap","Armaments+1","Second Wind","Shockwave","Discovery","Shockwave+1","Blood for Blood+1","Second Wind+1","Thunderclap+1","Body Slam+1","Headbutt"],"relics":["Burning Blood","MawBank","Red Skull","War Paint","Pen Nib","Whetstone","Busted Crown","Question Card","Juzu Bracelet","Mercury Hourglass","Vajra","Blue Candle","Runic Pyramid","Omamori","Red Mask","Ancient Tea Set","Strawberry"],"potions_floor_usage":[20,22,23,25,33,40,42,45,50,50],"damage_taken":[{"damage":6,"enemies":"Cultist","floor":1,"turns":3},{"damage":11,"enemies":"2 Louse","floor":2,"turns":4},{"damage":8,"enemies":"Jaw Worm","floor":4,"turns":3},{"damage":22,"enemies":"Gremlin Nob","floor":7,"turns":4},{"damage":0,"enemies":"2 Fungi Beasts","floor":8,"turns":3},{"damage":27,"enemies":"3 Sentries","floor":10,"turns":7},{"damage":0,"enemies":"Large Slime","floor":12,"turns":4},{"damage":1,"enemies":"Gremlin Nob","floor":13,"turns":3},{"damage":6,"enemies":"Exordium Thugs","floor":14,"turns":4},{"damage":0,"enemies":"Slime Boss","floor":16,"turns":6},{"damage":6,"enemies":"2 Thieves","floor":18,"turns":4},{"damage":0,"enemies":"Shell Parasite","floor":19,"turns":3},{"damage":0,"enemies":"Snake Plant","floor":20,"turns":5},{"damage":11,"enemies":"Centurion and Healer","floor":22,"turns":7},{"damage":38,"enemies":"Gremlin Leader","floor":23,"turns":11},{"damage":0,"enemies":"Cultist and Chosen","floor":24,"turns":5},{"damage":4,"enemies":"Book of Stabbing","floor":25,"turns":5},{"damage":3,"enemies":"Snecko","floor":27,"turns":3},{"damage":14,"enemies":"Slavers","floor":30,"turns":3},{"damage":0,"enemies":"Centurion and Healer","floor":31,"turns":3},{"damage":54,"enemies":"Champ","floor":33,"turns":10},{"damage":13,"enemies":"3 Shapes","floor":35,"turns":2},{"damage":6,"enemies":"3 Darklings","floor":37,"turns":3},{"damage":0,"enemies":"Transient","floor":39,"turns":5},{"damage":10,"enemies":"Nemesis","floor":40,"turns":11},{"damage":48,"enemies":"Maw","floor":42,"turns":10},{"damage":22,"enemies":"Spire Growth","floor":44,"turns":6},{"damage":8,"enemies":"Transient","floor":45,"turns":5},{"damage":5,"enemies":"Giant Head","floor":48,"turns":9},{"damage":34,"enemies":"Awakened One","floor":50,"turns":10},{"damage":35,"enemies":"Shield and Spear","floor":54,"turns":6},{"damage":155,"enemies":"The Heart","floor":55,"turns":9}],"seed_played":"1871777584677440478","potions_obtained":[{"floor":2,"key":"Weak Potion"},{"floor":7,"key":"Energy Potion"},{"floor":12,"key":"SmokeBomb"},{"floor":14,"key":"Block Potion"},{"floor":19,"key":"Strength Potion"},{"floor":22,"key":"Energy Potion"},{"floor":24,"key":"Poison Potion"},{"floor":27,"key":"Fire Potion"},{"floor":33,"key":"Weak Potion"},{"floor":35,"key":"SpeedPotion"},{"floor":40,"key":"FairyPotion"},{"floor":44,"key":"Regen Potion"},{"floor":48,"key":"SteroidPotion"},{"floor":54,"key":"SpeedPotion"}],"is_trial":false,"path_per_floor":["M","M","$","M","?","R","E","M","T","E","?","M","E","M","R","B",null,"M","M","M","?","M","E","M","E","T","M","$","R","E","M","R","B",null,"M","$","M","$","M","E","R","M","T","M","M","?","R","E","R","B",null,"R","$","E","B"],"character_chosen":"IRONCLAD","items_purchased":["Warcry","Dramatic Entrance","Secret Weapon","Vajra","Shockwave","Discovery"],"campfire_rested":1,"item_purchase_floors":[3,28,28,28,38,38],"current_hp_per_floor":[80,75,75,73,57,57,41,47,47,26,26,32,37,37,37,43,80,83,86,89,72,70,38,47,52,52,58,58,58,54,64,64,20,118,119,119,123,123,129,129,129,91,91,79,91,91,133,138,138,114,150,150,150,132,0],"gold":64,"neow_bonus":"THREE_CARDS","is_prod":false,"is_daily":false,"chose_seed":false,"campfire_upgraded":6,"win_rate":0,"timestamp":1568587760,"path_taken":["M","M","?","M","?","R","E","M","T","E","?","M","E","M","R","BOSS","M","?","M","?","M","E","M","E","T","M","$","R","E","M","R","BOSS","M","$","M","$","M","E","R","M","T","M","M","?","R","E","R","BOSS","R","$","E","BOSS"],"build_version":"2019-07-17","purchased_purges":3,"victory":false,"max_hp_per_floor":[80,80,80,80,80,80,80,80,80,80,80,80,80,80,80,80,80,83,86,89,94,97,97,100,103,103,106,106,106,110,114,114,118,118,126,126,130,130,130,134,134,138,138,142,142,142,142,146,146,150,150,150,150,161,161],"card_choices":[{"not_picked":["Heavy Blade","Entrench"],"picked":"Carnage","floor":0},{"not_picked":["Clash","Shrug It Off"],"picked":"Second Wind","floor":1},{"not_picked":["Clash","Sever Soul"],"picked":"Warcry","floor":2},{"not_picked":["Fire Breathing","Flex","Havoc"],"picked":"SKIP","floor":4},{"not_picked":["Evolve","Wild Strike","Flex"],"picked":"SKIP","floor":7},{"not_picked":["Thunderclap","Perfected Strike"],"picked":"Battle Trance","floor":8},{"not_picked":["Hemokinesis","Havoc"],"picked":"Shockwave","floor":10},{"not_picked":["Armaments","Sword Boomerang"],"picked":"Power Through","floor":12},{"not_picked":["Iron Wave","Rampage"],"picked":"Feel No Pain","floor":13},{"not_picked":["Warcry","Battle Trance"],"picked":"Flame Barrier","floor":14},{"not_picked":["Double Tap","Demon Form"],"picked":"Feed","floor":16},{"not_picked":[],"picked":"Carnage","floor":18},{"not_picked":[],"picked":"Warcry","floor":19},{"not_picked":["Fire Breathing"],"picked":"SKIP","floor":20},{"not_picked":[],"picked":"Second Wind","floor":22},{"not_picked":[],"picked":"Seeing Red","floor":23},{"not_picked":["Clothesline+1"],"picked":"Shockwave+1","floor":24},{"not_picked":["Offering"],"picked":"Battle Trance","floor":25},{"not_picked":["Clash+1","Burning Pact"],"picked":"SKIP","floor":27},{"not_picked":["Thunderclap+1"],"picked":"Ghostly Armor+1","floor":30},{"not_picked":["Hemokinesis"],"picked":"Dual Wield","floor":31},{"not_picked":["Brutality"],"picked":"Double Tap","floor":33},{"not_picked":["Clothesline+1"],"picked":"Armaments","floor":35},{"not_picked":["Shrug It Off"],"picked":"Second Wind","floor":37},{"not_picked":["Clothesline","Thunderclap"],"picked":"SKIP","floor":39},{"not_picked":["Power Through+1"],"picked":"Shockwave+1","floor":40},{"not_picked":["Flex"],"picked":"Blood for Blood+1","floor":42},{"not_picked":["Sword Boomerang"],"picked":"Second Wind+1","floor":44},{"not_picked":["Rampage+1"],"picked":"Thunderclap+1","floor":45},{"not_picked":["Brutality"],"picked":"Body Slam+1","floor":48},{"not_picked":["Twin Strike+1"],"picked":"Headbutt","floor":54}],"player_experience":117156,"relics_obtained":[{"floor":7,"key":"MawBank"},{"floor":9,"key":"Red Skull"},{"floor":10,"key":"War Paint"},{"floor":13,"key":"Whetstone"},{"floor":23,"key":"Question Card"},{"floor":25,"key":"Juzu Bracelet"},{"floor":26,"key":"Mercury Hourglass"},{"floor":30,"key":"Blue Candle"},{"floor":40,"key":"Omamori"},{"floor":48,"key":"Ancient Tea Set"},{"floor":54,"key":"Strawberry"}],"event_choices":[{"damage_healed":0,"gold_gain":0,"player_choice":"Entered Light","damage_taken":16,"max_hp_gain":0,"max_hp_loss":0,"event_name":"Shining Light","floor":5,"gold_loss":0,"cards_upgraded":["Strike_R","Defend_R"]},{"damage_healed":0,"gold_gain":0,"player_choice":"Gave Potion","damage_taken":0,"relics_obtained":["Pen Nib"],"max_hp_gain":0,"max_hp_loss":0,"event_name":"WeMeetAgain","floor":11,"gold_loss":0},{"damage_healed":0,"gold_gain":0,"player_choice":"Shed Blood","damage_taken":22,"max_hp_gain":5,"max_hp_loss":0,"event_name":"Forgotten Altar","floor":21,"gold_loss":0},{"damage_healed":0,"gold_gain":0,"player_choice":"Paid","damage_taken":0,"relics_obtained":["Red Mask"],"max_hp_gain":0,"max_hp_loss":0,"event_name":"Tomb of Lord Red Mask","floor":46,"gold_loss":205}],"is_beta":false,"boss_relics":[{"not_picked":["Black Blood","Black Star"],"picked":"Busted Crown"},{"not_picked":["Philosopher\u0027s Stone","Lizard Tail"],"picked":"Runic Pyramid"}],"items_purged_floors":[3,28,36],"is_endless":false,"potions_floor_spawned":[2,7,12,14,19,22,24,27,33,35,39,40,44,48,54],"killed_by":"The Heart","ascension_level":0}