{"gold_per_floor":[112,128,148,165,165,165,165,165,165,165,184,359,374,71,71,170,170,187,30,30,0],"floor_reached":21,"playtime":723,"items_purged":["Pain"],"score":169,"play_id":"d25225b8-774b-4954-8701-c998dbbadeed","local_time":"20190426113749","is_ascension_mode":false,"campfire_choices":[{"data":"Creative AI","floor":6,"key":"SMITH"},{"floor":8,"key":"REST"},{"floor":15,"key":"REST"}],"neow_cost":"TEN_PERCENT_HP_LOSS","seed_source_timestamp":205161400663037,"circlet_count":0,"master_deck":["Strike_B","Strike_B+1","Strike_B","Strike_B","Defend_B","Defend_B","Defend_B","Defend_B","Zap","Dualcast+1","Creative AI+1","Doom and Gloom","Leap","Auto Shields","Sunder+1","Redo","FTL","Creative AI","Clumsy","Conserve Battery","Loop","Injury","Regret"],"relics":["Cracked Core","Ornamental Fan","Incense Burner","Calling Bell","Vajra","Matryoshka","Unceasing Top"],"potions_floor_usage":[16,16,16,16,16,16],"damage_taken":[{"damage":11,"enemies":"2 Louse","floor":1,"turns":5},{"damage":10,"enemies":"Small Slimes","floor":2,"turns":3},{"damage":20,"enemies":"Jaw Worm","floor":3,"turns":4},{"damage":8,"enemies":"3 Louse","floor":4,"turns":2},{"damage":15,"enemies":"Large Slime","floor":11,"turns":6},{"damage":8,"enemies":"2 Fungi Beasts","floor":13,"turns":3},{"damage":10,"enemies":"Hexaghost","floor":16,"turns":12},{"damage":52,"enemies":"Shell Parasite","floor":18,"turns":9},{"damage":21,"enemies":"2 Thieves","floor":21,"turns":2}],"seed_played":"-8843942434072508133","potions_obtained":[{"floor":1,"key":"Fire Potion"},{"floor":3,"key":"EntropicBrew"},{"floor":4,"key":"SpeedPotion"}],"is_trial":false,"path_per_floor":["M","M","M","M","?","R","?","R","T","?","M","?","M","$","R","B",null,"M","$","?","M"],"character_chosen":"DEFECT","items_purchased":["Incense Burner","Loop"],"campfire_rested":2,"item_purchase_floors":[14,19],"current_hp_per_floor":[57,47,27,19,5,5,5,25,25,25,10,10,2,2,22,12,68,16,16,16,0],"gold":0,"neow_bonus":"THREE_RARE_CARDS","is_prod":false,"is_daily":false,"chose_seed":false,"campfire_upgraded":1,"win_rate":0.0,"timestamp":1556296669,"path_taken":["M","M","M","M","?","R","?","R","T","?","M","?","M","$","R","BOSS","M","$","?","M"],"build_version":"2019-01-23","purchased_purges":1,"victory":false,"max_hp_per_floor":[68,68,68,68,68,68,68,68,68,68,68,68,68,68,68,68,68,68,68,68,68],"card_choices":[{"not_picked":["Fission","Amplify"],"picked":"Creative AI","floor":0},{"not_picked":["Beam Cell","Scrape"],"picked":"Doom and Gloom","floor":1},{"not_picked":["Ball Lightning","Tempest"],"picked":"Leap","floor":2},{"not_picked":["Rebound","Streamline"],"picked":"Auto Shields","floor":3},{"not_picked":["Melter","Scrape"],"picked":"Sunder","floor":4},{"not_picked":["Stack","Go for the Eyes"],"picked":"Redo","floor":11},{"not_picked":["Beam Cell","Melter"],"picked":"FTL","floor":13},{"not_picked":["Biased Cognition","Multi-Cast"],"picked":"Creative AI","floor":16},{"not_picked":["Recycle","Ball Lightning"],"picked":"Conserve Battery","floor":18}],"player_experience":91603,"relics_obtained":[{"floor":9,"key":"Ornamental Fan"},{"floor":17,"key":"Vajra"},{"floor":17,"key":"Matryoshka"},{"floor":17,"key":"Unceasing Top"}],"event_choices":[{"damage_healed":0,"gold_gain":0,"player_choice":"Entered Light","damage_taken":14,"max_hp_gain":0,"max_hp_loss":0,"event_name":"Shining Light","floor":5,"gold_loss":0,"cards_upgraded":["Dualcast","Strike_B"]},{"damage_healed":0,"gold_gain":0,"player_choice":"Searched \u00270\u0027 times","damage_taken":0,"max_hp_gain":0,"max_hp_loss":0,"event_name":"Dead Adventurer","floor":7,"gold_loss":0},{"damage_healed":0,"gold_gain":0,"player_choice":"Grow","damage_taken":0,"max_hp_gain":0,"max_hp_loss":0,"event_name":"Living Wall","floor":10,"gold_loss":0,"cards_upgraded":["Sunder"]},{"damage_healed":0,"gold_gain":175,"player_choice":"AGREE","damage_taken":0,"max_hp_gain":0,"max_hp_loss":0,"event_name":"Liars Game","floor":12,"gold_loss":0,"cards_obtained":["Doubt"]},{"damage_healed":0,"gold_gain":0,"cards_transformed":["Pain","Doubt"],"player_choice":"Became Test Subject","damage_taken":0,"max_hp_gain":0,"max_hp_loss":0,"event_name":"Drug Dealer","floor":20,"gold_loss":0,"cards_obtained":["Injury","Regret"]}],"is_beta":false,"boss_relics":[{"not_picked":["Cursed Key","Runic Pyramid"],"picked":"Calling Bell"}],"items_purged_floors":[19],"is_endless":false,"potions_floor_spawned":[1,3,4],"killed_by":"2 Thieves","ascension_level":0}