{"gold_per_floor":[117,50,62,0,16,43,57,82,82,82,101,133,150,163,163,264,264,234],"floor_reached":18,"playtime":4477,"items_purged":[],"score":209,"play_id":"6e2b9e7c-01e7-4232-a869-64294757cee8","local_time":"20190917134907","is_ascension_mode":false,"campfire_choices":[{"data":"Flechettes","floor":10,"key":"SMITH"},{"data":"Deadly Poison","floor":15,"key":"SMITH"}],"neow_cost":"NONE","seed_source_timestamp":745213405006996,"circlet_count":0,"master_deck":["Strike_G","Strike_G","Strike_G","Strike_G","Strike_G","Defend_G","Defend_G","Defend_G","Defend_G","Defend_G","Survivor","Neutralize","Footwork","Footwork","Dodge and Roll","Dagger Spray","Venomology","Flechettes+1","Dodge and Roll","After Image","Deadly Poison+1","Well Laid Plans+1","Outmaneuver","Night Terror"],"relics":["Ring of the Snake","Thread and Needle","Matryoshka","Sundial","Boot","Frozen Egg 2","HoveringKite"],"potions_floor_usage":[7,8,12,12,14,16,16,16,16,18],"damage_taken":[{"damage":0,"enemies":"2 Louse","floor":1,"turns":5},{"damage":0,"enemies":"Cultist","floor":3,"turns":6},{"damage":0,"enemies":"Small Slimes","floor":5,"turns":5},{"damage":33,"enemies":"Lagavulin","floor":6,"turns":14},{"damage":0,"enemies":"3 Louse","floor":7,"turns":1},{"damage":22,"enemies":"Gremlin Nob","floor":8,"turns":8},{"damage":0,"enemies":"Looter","floor":11,"turns":3},{"damage":0,"enemies":"3 Sentries","floor":12,"turns":12},{"damage":0,"enemies":"Exordium Wildlife","floor":13,"turns":3},{"damage":0,"enemies":"3 Louse","floor":14,"turns":1},{"damage":21,"enemies":"Slime Boss","floor":16,"turns":18},{"damage":0,"enemies":"2 Thieves","floor":18,"turns":2}],"seed_played":"-5735410264765085079","potions_obtained":[{"floor":6,"key":"SteroidPotion"},{"floor":8,"key":"Dexterity Potion"},{"floor":11,"key":"Block Potion"},{"floor":14,"key":"Weak Potion"},{"floor":16,"key":"Fruit Juice"}],"is_trial":false,"path_per_floor":["M","$","M","?","M","E","M","E","T","R","M","E","M","M","R","B",null,"M"],"character_chosen":"THE_SILENT","items_purchased":["Footwork"],"campfire_rested":0,"item_purchase_floors":[2],"current_hp_per_floor":[77,77,77,77,77,44,44,22,22,22,22,22,22,22,22,1,77,82],"gold":234,"neow_bonus":"TEN_PERCENT_HP_BONUS","is_prod":false,"is_daily":false,"chose_seed":false,"campfire_upgraded":2,"win_rate":0,"timestamp":1568742547,"path_taken":["M","$","M","?","M","E","M","E","T","R","M","E","M","M","R","BOSS","M"],"build_version":"2019-07-17","purchased_purges":0,"victory":false,"max_hp_per_floor":[77,77,77,77,77,77,77,77,77,77,77,77,77,77,77,77,77,82],"card_choices":[{"not_picked":["Deadly Poison","Sucker Punch"],"picked":"Footwork","floor":1},{"not_picked":["Dash","Quick Slash"],"picked":"Dodge and Roll","floor":3},{"not_picked":["Dodge and Roll","Blade Dance"],"picked":"Dagger Spray","floor":5},{"not_picked":["Riddle With Holes","Bane"],"picked":"Venomology","floor":6},{"not_picked":["Blade Dance","Outmaneuver"],"picked":"Flechettes","floor":7},{"not_picked":["Poisoned Stab","Heel Hook"],"picked":"Dodge and Roll","floor":8},{"not_picked":["Backstab","Slice"],"picked":"After Image","floor":11},{"not_picked":["Underhanded Strike","Catalyst"],"picked":"Deadly Poison","floor":12},{"not_picked":["Distraction","Eviscerate"],"picked":"Well Laid Plans+1","floor":13},{"not_picked":["Dagger Spray","Flying Knee"],"picked":"Outmaneuver","floor":14},{"not_picked":["Wraith Form v2+1","After Image+1"],"picked":"Night Terror","floor":16}],"player_experience":174106,"relics_obtained":[{"floor":6,"key":"Matryoshka"},{"floor":8,"key":"Sundial"},{"floor":9,"key":"Boot"},{"floor":12,"key":"Frozen Egg 2"}],"event_choices":[{"damage_healed":0,"gold_gain":0,"player_choice":"Paid Gold","damage_taken":0,"relics_obtained":["Thread and Needle"],"max_hp_gain":0,"max_hp_loss":0,"event_name":"WeMeetAgain","floor":4,"gold_loss":62}],"is_beta":false,"boss_relics":[{"not_picked":["Tiny House","Philosopher\u0027s Stone"],"picked":"HoveringKite"}],"items_purged_floors":[],"is_endless":false,"potions_floor_spawned":[6,8,11,14,16],"killed_by":"2 Thieves","ascension_level":0}