{"gold_per_floor":[115,115,125,125,138,138,138,148,148,168,188,188,251,20,20,118,118,118,83,83,83,83,83,83,83],"floor_reached":25,"playtime":838,"items_purged":["Strike_B"],"score":195,"play_id":"15fad299-1230-428d-8559-badcde5fe427","local_time":"20190412042219","is_ascension_mode":false,"campfire_choices":[{"data":"Zap","floor":12,"key":"SMITH"},{"floor":15,"key":"REST"},{"data":"Capacitor","floor":23,"key":"SMITH"}],"neow_cost":"NONE","seed_source_timestamp":345672658364959,"circlet_count":0,"master_deck":["Strike_B","Strike_B+1","Defend_B","Defend_B","Defend_B+1","Defend_B","Zap+1","Dualcast","Darkness","Self Repair","Leap","Cold Snap","Decay","Ball Lightning","Ball Lightning","Rip and Tear","Chaos","Thunder Strike","Hologram+1","Capacitor+1","Ball Lightning","Sweeping Beam+1"],"relics":["Cracked Core","NlothsMask","Gremlin Horn","Bag of Preparation","Ectoplasm","Matryoshka"],"potions_floor_usage":[16,16,25,25],"damage_taken":[{"damage":6,"enemies":"Jaw Worm","floor":1,"turns":3},{"damage":9,"enemies":"Cultist","floor":3,"turns":4},{"damage":6,"enemies":"2 Louse","floor":5,"turns":3},{"damage":14,"enemies":"Large Slime","floor":8,"turns":5},{"damage":20,"enemies":"Looter","floor":10,"turns":3},{"damage":2,"enemies":"Red Slaver","floor":11,"turns":3},{"damage":14,"enemies":"Lagavulin Event","floor":13,"turns":5},{"damage":49,"enemies":"The Guardian","floor":16,"turns":9},{"damage":0,"enemies":"Spheric Guardian","floor":18,"turns":3},{"damage":26,"enemies":"3 Byrds","floor":20,"turns":5},{"damage":13,"enemies":"Snecko","floor":21,"turns":4},{"damage":44,"enemies":"Centurion and Healer","floor":24,"turns":6},{"damage":14,"enemies":"Cultist and Chosen","floor":25,"turns":5}],"seed_played":"8392150903072765950","potions_obtained":[{"floor":1,"key":"Poison Potion"},{"floor":11,"key":"Ancient Potion"},{"floor":13,"key":"AttackPotion"},{"floor":18,"key":"Fire Potion"},{"floor":21,"key":"Weak Potion"}],"is_trial":false,"path_per_floor":["M","?","M","?","M","?","?","M","T","M","M","R","?","$","R","B",null,"M","$","M","M","?","R","M","M"],"character_chosen":"DEFECT","items_purchased":["Bag of Preparation","Capacitor"],"campfire_rested":1,"item_purchase_floors":[14,19],"current_hp_per_floor":[69,69,67,67,68,53,53,46,46,33,38,38,31,31,53,11,75,75,75,56,50,50,50,13,0],"gold":83,"neow_bonus":"TRANSFORM_CARD","is_prod":false,"is_daily":false,"chose_seed":false,"campfire_upgraded":2,"win_rate":0.0,"timestamp":1555060939,"path_taken":["M","?","?","?","M","?","?","M","T","M","?","R","?","$","R","BOSS","M","$","M","M","?","R","M","M"],"build_version":"2019-01-23","purchased_purges":1,"victory":false,"max_hp_per_floor":[75,75,75,75,75,75,75,75,75,75,75,75,75,75,75,75,75,75,75,75,75,75,75,75,75],"card_choices":[{"not_picked":["Conserve Battery","Coolheaded"],"picked":"Self Repair","floor":1},{"not_picked":["Hello World","Auto Shields"],"picked":"Leap","floor":3},{"not_picked":["Force Field","Turbo"],"picked":"Cold Snap","floor":5},{"not_picked":["Auto Shields","Stack"],"picked":"Ball Lightning","floor":8},{"not_picked":["Biased Cognition","Barrage"],"picked":"Ball Lightning","floor":10},{"not_picked":["Hologram","Go for the Eyes"],"picked":"Rip and Tear","floor":11},{"not_picked":["Auto Shields","Melter"],"picked":"Chaos","floor":13},{"not_picked":["Hyperbeam","Seek"],"picked":"Thunder Strike","floor":16},{"not_picked":["Double Energy+1","Force Field"],"picked":"Hologram+1","floor":18},{"not_picked":["Rip and Tear","Stack"],"picked":"Ball Lightning","floor":20},{"not_picked":["Scrape","Barrage"],"picked":"Sweeping Beam+1","floor":21},{"not_picked":["Heatsinks","Skim","Chill"],"picked":"SKIP","floor":24}],"player_experience":32657,"relics_obtained":[{"floor":13,"key":"Gremlin Horn"}],"event_choices":[{"damage_healed":0,"gold_gain":0,"player_choice":"Trade","damage_taken":0,"relics_obtained":["NlothsMask"],"max_hp_gain":0,"max_hp_loss":0,"event_name":"FaceTrader","floor":2,"gold_loss":0},{"damage_healed":0,"gold_gain":0,"player_choice":"Leave","damage_taken":0,"max_hp_gain":0,"max_hp_loss":0,"event_name":"The Cleric","floor":4,"gold_loss":0},{"damage_healed":0,"gold_gain":0,"player_choice":"Entered Light","damage_taken":15,"max_hp_gain":0,"max_hp_loss":0,"event_name":"Shining Light","floor":6,"gold_loss":0,"cards_upgraded":["Strike_B","Defend_B"]},{"damage_healed":0,"gold_gain":0,"player_choice":"Cursed","damage_taken":0,"max_hp_gain":0,"max_hp_loss":0,"event_name":"Wheel of Change","floor":7,"gold_loss":0,"cards_obtained":["Decay"]},{"damage_healed":0,"gold_gain":30,"player_choice":"Searched \u00272\u0027 times","damage_taken":0,"max_hp_gain":0,"max_hp_loss":0,"event_name":"Dead Adventurer","floor":13,"gold_loss":0},{"damage_healed":0,"gold_gain":0,"player_choice":"Opened","damage_taken":0,"relics_obtained":["Matryoshka"],"max_hp_gain":0,"max_hp_loss":0,"event_name":"The Mausoleum","floor":22,"gold_loss":0}],"is_beta":false,"boss_relics":[{"not_picked":["Fusion Hammer","Runic Dome"],"picked":"Ectoplasm"}],"items_purged_floors":[14],"is_endless":false,"potions_floor_spawned":[1,11,13,18,21],"killed_by":"Cultist and Chosen","ascension_level":0}