{"path_per_floor":["M","?","M","M","?","R","E","M","T","R","M","E","$","M","R","B",null,"M","$","M","?","M"],"character_chosen":"IRONCLAD","items_purchased":["Shuriken","Headbutt","Regen Potion"],"gold_per_floor":[115,115,125,144,219,219,250,267,267,267,281,314,19,34,34,130,130,143,91,79,4,19],"floor_reached":23,"campfire_rested":2,"playtime":1354,"current_hp_per_floor":[80,80,80,80,69,69,38,35,35,59,59,47,47,54,78,20,80,80,80,69,69,47],"items_purged":[],"gold":19,"score":203,"play_id":"fb7e67b2-14f1-4013-b727-86020df38d93","is_prod":false,"is_daily":false,"is_ascension_mode":false,"campfire_upgraded":1,"path_taken":["M","?","M","M","?","R","E","M","T","R","M","E","$","M","R","BOSS","M","?","M","?","M","E"],"build_version":"2018-02-15-PROD1","purchased_purges":0,"victory":false,"master_deck":["Strike_R","Strike_R","Strike_R","Strike_R","Defend_R","Defend_R","Defend_R","Defend_R","Bash","Twin Strike","Intimidate+1","Flame Barrier","Flex","Armaments","Headbutt","Brutality","Iron Wave","Reaper","Rampage+1","Sword Boomerang+1","Blood for Blood"],"max_hp_per_floor":[80,80,80,80,80,80,80,80,80,80,80,80,80,80,80,80,80,80,80,80,80,80],"relics":["Burning Blood","NeowsBlessing","Juzu Bracelet","Meat on the Bone","Dream Catcher","Shuriken","Black Star"],"card_choices":[{"not_picked":["Thunderclap","Uppercut"],"picked":"Twin Strike"},{"not_picked":["Perfected Strike","Reckless Charge"],"picked":"Intimidate"},{"not_picked":["Wild Strike","Bloodletting"],"picked":"Flame Barrier"},{"not_picked":["Thunderclap","Flame Barrier"],"picked":"Armaments"},{"not_picked":["Dropkick","Pommel Strike"],"picked":"Flex"},{"not_picked":["Searing Blow","Heavy Blade"],"picked":"Armaments"},{"not_picked":["Iron Wave","Pummel"],"picked":"Brutality"},{"not_picked":["Sword Boomerang","Clothesline"],"picked":"Iron Wave"},{"not_picked":["Barricade","Fiend Fire"],"picked":"Reaper"},{"not_picked":["Heavy Blade","Corruption"],"picked":"Rampage"},{"not_picked":["Wild Strike","Power Through"],"picked":"Sword Boomerang"},{"not_picked":["Sword Boomerang","Perfected Strike"],"picked":"Blood for Blood"}],"player_experience":34297,"potions_floor_usage":[22,23],"damage_taken":[{"damage":0.0,"enemies":"2 Louse","floor":1.0,"turns":1.0},{"damage":0.0,"enemies":"Jaw Worm","floor":3.0,"turns":1.0},{"damage":0.0,"enemies":"Cultist","floor":4.0,"turns":1.0},{"damage":37.0,"enemies":"Lagavulin","floor":7.0,"turns":8.0},{"damage":9.0,"enemies":"Large Slime","floor":8.0,"turns":7.0},{"damage":6.0,"enemies":"Exordium Thugs","floor":11.0,"turns":6.0},{"damage":30.0,"enemies":"3 Sentries","floor":12.0,"turns":11.0},{"damage":11.0,"enemies":"Blue Slaver","floor":14.0,"turns":4.0},{"damage":76.0,"enemies":"Hexaghost","floor":16.0,"turns":16.0},{"damage":6.0,"enemies":"3 Byrds","floor":18.0,"turns":5.0},{"damage":25.0,"enemies":"2 Thieves","floor":20.0,"turns":4.0},{"damage":46,"enemies":"Slaver and Parasite","floor":22,"turns":11},{"damage":53,"enemies":"Book of Stabbing","floor":23,"turns":6}],"event_choices":[{"event_name":"Living Wall","player_choice":"Forget","floor":2.0,"damage_taken":0.0},{"event_name":"World of Goop","player_choice":"Gather Gold","floor":5.0,"damage_taken":0.0},{"event_name":"Beggar","player_choice":"Gave Gold","floor":21.0,"damage_taken":0.0}],"boss_relics":[],"potions_floor_spawned":[4,8,12,14,20,22],"seed_played":"474436168878648107","killed_by":"Book of Stabbing","ascension_level":0,"is_trial":false}