{"gold_per_floor":[109,128,140,215,165,197,208,208,208,221,231,248,283,295,295,397,397,417,437,454,454,464,498,498,512,512,512,526,542,553,563,563,668,668,685,700,206,223,240,267,283,283,283,283,297,297,332,342,342,342,342,342,7,39,39],"floor_reached":55,"playtime":12269,"items_purged":["Strike_R"],"score":848,"play_id":"1812d2db-bddf-4115-96f2-c7d6c462a85a","local_time":"20190916022514","is_ascension_mode":false,"campfire_choices":[{"data":"Double Tap","floor":8.0,"key":"SMITH"},{"data":"Iron Wave","floor":15.0,"key":"SMITH"},{"floor":32,"key":"REST"},{"floor":42,"key":"RECALL"},{"data":"Feel No Pain","floor":44,"key":"SMITH"},{"floor":49,"key":"REST"},{"data":"Barricade","floor":52,"key":"SMITH"}],"neow_cost":"NONE","seed_source_timestamp":0,"circlet_count":0,"master_deck":["Strike_R","Strike_R","Defend_R","Defend_R","Defend_R","Defend_R","Bash","Double Tap+1","Iron Wave+1","True Grit","Pummel","Carnage","Shockwave","Feel No Pain+1","Seeing Red","Ghostly Armor","Whirlwind","Exhume","Pummel","Burning Pact+1","Metallicize+1","Shrug It Off","Armaments","Injury","Barricade","Dual Wield","Iron Wave","Impervious","Havoc","Uppercut+1","Barricade+1","Ghostly Armor+1","Havoc+1","Master of Strategy","Shockwave","Flame Barrier+1","True Grit+1","Parasite","Regret","Sentinel+1","Havoc","Dramatic Entrance","Havoc"],"special_seed":0,"relics":["Burning Blood","Bottled Flame","Mummified Hand","Mercury Hourglass","Cursed Key","Vajra","Potion Belt","Nilry\u0027s Codex","Pantograph","Sozu","Blue Candle","Mango","Letter Opener","Dodecahedron","Shuriken"],"potions_floor_usage":[54,55],"damage_taken":[{"damage":5.0,"enemies":"2 Louse","floor":1.0,"turns":3.0},{"damage":0.0,"enemies":"Small Slimes","floor":2.0,"turns":3.0},{"damage":5.0,"enemies":"Cultist","floor":3.0,"turns":4.0},{"damage":34.0,"enemies":"3 Sentries","floor":6.0,"turns":13.0},{"damage":1.0,"enemies":"Lots of Slimes","floor":7.0,"turns":6.0},{"damage":4.0,"enemies":"Blue Slaver","floor":10.0,"turns":4.0},{"damage":0.0,"enemies":"Exordium Thugs","floor":11.0,"turns":5.0},{"damage":18.0,"enemies":"Gremlin Gang","floor":12.0,"turns":6.0},{"damage":18.0,"enemies":"Lagavulin","floor":13.0,"turns":7.0},{"damage":3.0,"enemies":"Large Slime","floor":14.0,"turns":3.0},{"damage":30.0,"enemies":"The Guardian","floor":16.0,"turns":20.0},{"damage":10.0,"enemies":"Spheric Guardian","floor":18.0,"turns":3.0},{"damage":5.0,"enemies":"Chosen","floor":19.0,"turns":6.0},{"damage":1.0,"enemies":"Snecko","floor":20.0,"turns":5.0},{"damage":22.0,"enemies":"Centurion and Healer","floor":22.0,"turns":6.0},{"damage":28.0,"enemies":"Slavers","floor":23.0,"turns":6.0},{"damage":15.0,"enemies":"Snake Plant","floor":25.0,"turns":4.0},{"damage":18,"enemies":"Sentry and Sphere","floor":28,"turns":6},{"damage":4,"enemies":"Centurion and Healer","floor":29,"turns":5},{"damage":0,"enemies":"Cultist and Chosen","floor":30,"turns":7},{"damage":0,"enemies":"Snecko","floor":31,"turns":6},{"damage":0,"enemies":"Champ","floor":33,"turns":12},{"damage":18,"enemies":"3 Shapes","floor":35,"turns":2},{"damage":16,"enemies":"3 Darklings","floor":36,"turns":7},{"damage":19,"enemies":"Transient","floor":38,"turns":5},{"damage":7,"enemies":"Spire Growth","floor":39,"turns":6},{"damage":2,"enemies":"Giant Head","floor":40,"turns":13},{"damage":10,"enemies":"Writhing Mass","floor":41,"turns":11},{"damage":1,"enemies":"3 Darklings","floor":45,"turns":6},{"damage":3,"enemies":"Reptomancer","floor":47,"turns":11},{"damage":10,"enemies":"Spire Growth","floor":48,"turns":7},{"damage":22,"enemies":"Awakened One","floor":50,"turns":20},{"damage":75,"enemies":"Shield and Spear","floor":54,"turns":12},{"damage":76,"enemies":"The Heart","floor":55,"turns":6}],"seed_played":"3431044917431979563","potions_obtained":[{"floor":6.0,"key":"EssenceOfSteel"},{"floor":7.0,"key":"PowerPotion"},{"floor":10.0,"key":"Dexterity Potion"},{"floor":13.0,"key":"BloodPotion"},{"floor":14.0,"key":"SkillPotion"},{"floor":18.0,"key":"SpeedPotion"},{"floor":22.0,"key":"Regen Potion"},{"floor":28,"key":"Ancient Potion"},{"floor":30,"key":"BloodPotion"}],"is_trial":false,"path_per_floor":["M","M","M","?","?","E","M","R","T","M","M","M","E","M","R","B",null,"M","M","M","?","M","E","?","M","T","?","M","M","M","M","R","B",null,"M","M","$","M","M","E","M","R","T","R","M","?","E","M","R","B",null,"R","$","E","B"],"character_chosen":"IRONCLAD","items_purchased":["Master of Strategy","Blue Candle","Dodecahedron","Dramatic Entrance"],"campfire_rested":2,"item_purchase_floors":[37,37,53,53],"current_hp_per_floor":[80,80,80,69,69,41,46,46,46,48,54,42,30,33,33,29,80,76,77,80,80,64,56,40,31,31,31,19,21,27,33,57,80,80,68,58,58,45,44,62,58,58,58,58,63,63,66,62,90,78,94,94,94,48,0],"gold":39,"neow_bonus":"ONE_RANDOM_RARE_CARD","is_prod":false,"is_daily":false,"chose_seed":false,"campfire_upgraded":4,"win_rate":0,"timestamp":1568615114,"path_taken":["M","M","M","?","?","E","M","R","T","M","M","M","E","M","R","BOSS","M","M","M","?","M","E","?","M","T","?","M","M","?","M","R","BOSS","M","?","$","M","M","E","M","R","T","R","M","?","E","M","R","BOSS","R","$","E","BOSS"],"build_version":"2019-07-17","purchased_purges":1,"victory":false,"max_hp_per_floor":[80,80,80,80,80,80,80,80,80,80,80,80,80,80,80,80,80,80,80,80,80,80,80,80,80,80,80,80,80,80,80,80,80,80,80,80,80,80,80,94,94,94,94,94,94,94,94,94,94,94,94,94,94,94,94],"card_choices":[{"not_picked":["Cleave","Flex"],"picked":"Iron Wave","floor":1.0},{"not_picked":["Clothesline","Flex"],"picked":"True Grit","floor":2.0},{"not_picked":["Perfected Strike","Immolate"],"picked":"Pummel","floor":3.0},{"not_picked":["Pommel Strike","Cleave"],"picked":"Carnage","floor":6.0},{"not_picked":["Armaments","Twin Strike"],"picked":"Shockwave","floor":7.0},{"not_picked":["True Grit","Dropkick"],"picked":"Feel No Pain","floor":10.0},{"not_picked":["Armaments","Sentinel"],"picked":"Seeing Red","floor":11.0},{"not_picked":["Dual Wield","Blood for Blood"],"picked":"Ghostly Armor","floor":12.0},{"not_picked":["Iron Wave","True Grit"],"picked":"Whirlwind","floor":13.0},{"not_picked":["Body Slam","Pommel Strike","Iron Wave"],"picked":"SKIP","floor":14.0},{"not_picked":["Impervious","Limit Break"],"picked":"Exhume","floor":16.0},{"not_picked":["Armaments","Wild Strike+1"],"picked":"Pummel","floor":18.0},{"not_picked":["Searing Blow","Armaments","Pommel Strike"],"picked":"SKIP","floor":19.0},{"not_picked":["Clash","Warcry+1"],"picked":"Burning Pact+1","floor":20.0},{"not_picked":["Uppercut","Anger"],"picked":"Metallicize+1","floor":22.0},{"not_picked":["Clothesline","Perfected Strike"],"picked":"Shrug It Off","floor":23.0},{"not_picked":["Perfected Strike","Rupture"],"picked":"Armaments","floor":25.0},{"not_picked":["Inflame+1","True Grit"],"picked":"Iron Wave","floor":28},{"not_picked":["Anger","Spot Weakness"],"picked":"Impervious","floor":29},{"not_picked":["Shrug It Off","Armaments"],"picked":"Havoc","floor":30},{"not_picked":["True Grit","Armaments"],"picked":"Uppercut+1","floor":31},{"not_picked":["Impervious","Double Tap"],"picked":"Barricade","floor":33},{"not_picked":["Thunderclap","Clothesline"],"picked":"Ghostly Armor+1","floor":35},{"not_picked":["Feel No Pain+1","Warcry"],"picked":"Havoc+1","floor":36},{"not_picked":["Juggernaut","Flex+1"],"picked":"Shockwave","floor":38},{"not_picked":["Perfected Strike+1","Body Slam"],"picked":"Flame Barrier+1","floor":39},{"not_picked":["Carnage+1","Headbutt"],"picked":"True Grit+1","floor":40},{"not_picked":["Cleave","Pummel+1","Body Slam+1"],"picked":"SKIP","floor":41},{"not_picked":["Clash+1","Thunderclap"],"picked":"Sentinel+1","floor":45},{"not_picked":["Sword Boomerang","Pommel Strike+1","Anger+1"],"picked":"SKIP","floor":47},{"not_picked":["True Grit","Flame Barrier"],"picked":"Havoc","floor":48},{"not_picked":["Battle Trance+1","Sword Boomerang+1"],"picked":"Havoc","floor":54}],"player_experience":141656,"relics_obtained":[{"floor":6.0,"key":"Bottled Flame"},{"floor":9.0,"key":"Mummified Hand"},{"floor":13.0,"key":"Mercury Hourglass"},{"floor":23.0,"key":"Potion Belt"},{"floor":24.0,"key":"Nilry\u0027s Codex"},{"floor":26.0,"key":"Pantograph"},{"floor":40,"key":"Mango"},{"floor":47,"key":"Letter Opener"},{"floor":54,"key":"Shuriken"}],"event_choices":[{"damage_healed":0.0,"max_hp_gain":0.0,"max_hp_loss":0.0,"gold_gain":75.0,"event_name":"World of Goop","player_choice":"Gather Gold","floor":4.0,"gold_loss":0.0,"damage_taken":11.0},{"cards_removed":["Strike_R"],"damage_healed":0.0,"max_hp_gain":0.0,"max_hp_loss":0.0,"gold_gain":0.0,"event_name":"The Cleric","player_choice":"Card Removal","floor":5.0,"gold_loss":50.0,"damage_taken":0.0},{"damage_healed":0.0,"max_hp_gain":0.0,"max_hp_loss":0.0,"gold_gain":0.0,"event_name":"The Mausoleum","player_choice":"Opened","floor":21.0,"gold_loss":0.0,"damage_taken":0.0,"relics_obtained":["Vajra"]},{"damage_healed":0.0,"max_hp_gain":0.0,"max_hp_loss":0.0,"gold_gain":0.0,"event_name":"Cursed Tome","player_choice":"Obtained Book","floor":24.0,"gold_loss":0.0,"damage_taken":16.0},{"damage_healed":0,"gold_gain":0,"player_choice":"2 cards matched","damage_taken":0,"max_hp_gain":0,"max_hp_loss":0,"event_name":"Match and Keep!","floor":27,"gold_loss":0,"cards_obtained":["Barricade","Dual Wield"]},{"damage_healed":0,"gold_gain":0,"player_choice":"2 cards matched","damage_taken":0,"max_hp_gain":0,"max_hp_loss":0,"event_name":"Match and Keep!","floor":27,"gold_loss":0,"cards_obtained":["Barricade","Dual Wield"]},{"cards_removed":["Strike_R"],"damage_healed":0,"gold_gain":0,"player_choice":"Removed Attack","damage_taken":0,"max_hp_gain":0,"max_hp_loss":0,"event_name":"Falling","floor":46,"gold_loss":0}],"is_beta":false,"boss_relics":[{"not_picked":["Velvet Choker","Black Blood"],"picked":"Cursed Key"},{"not_picked":["Busted Crown","Runic Cube"],"picked":"Sozu"}],"items_purged_floors":[37],"is_endless":false,"potions_floor_spawned":[6,7,10,13,14,18,22,28,30,35,36,38,41,47,54],"killed_by":"The Heart","ascension_level":0}