{"gold_per_floor":[118,136,151,168,183,183,209,209,291,328,415,397,409,186,186,287,287,287],"floor_reached":18,"playtime":1308,"items_purged":["Defend_R"],"score":170,"play_id":"efbafa64-4d25-4eef-b674-b773eb0858b2","local_time":"20190915205813","is_ascension_mode":false,"campfire_choices":[{"data":"Flame Barrier","floor":6,"key":"SMITH"},{"data":"Bludgeon","floor":8,"key":"SMITH"},{"data":"Metallicize","floor":13,"key":"SMITH"},{"data":"Shrug It Off","floor":15,"key":"SMITH"}],"neow_cost":"NONE","seed_source_timestamp":601329195548426,"circlet_count":0,"master_deck":["Strike_R","Strike_R","Strike_R","Strike_R","Defend_R","Defend_R","Defend_R","Bash","Bludgeon+1","Carnage","Flame Barrier+1","Shrug It Off+1","Spot Weakness","Metallicize+1","Feed"],"relics":["Burning Blood","Matryoshka","MawBank","Question Card","PreservedInsect","Membership Card","Runic Dome"],"potions_floor_usage":[16,16,16],"damage_taken":[{"damage":0,"enemies":"Jaw Worm","floor":1,"turns":3},{"damage":7,"enemies":"Small Slimes","floor":2,"turns":3},{"damage":1,"enemies":"Cultist","floor":3,"turns":4},{"damage":13,"enemies":"3 Louse","floor":4,"turns":3},{"damage":14,"enemies":"Large Slime","floor":5,"turns":6},{"damage":23,"enemies":"Lagavulin","floor":7,"turns":6},{"damage":17,"enemies":"Gremlin Nob","floor":10,"turns":4},{"damage":0,"enemies":"Looter","floor":12,"turns":4},{"damage":12,"enemies":"Hexaghost","floor":16,"turns":8},{"damage":6,"enemies":"Chosen","floor":18,"turns":2}],"seed_played":"4655394738738215950","potions_obtained":[{"floor":3,"key":"AttackPotion"},{"floor":7,"key":"AttackPotion"},{"floor":10,"key":"EssenceOfSteel"},{"floor":16,"key":"SteroidPotion"}],"is_trial":false,"path_per_floor":["M","M","M","M","M","R","E","R","T","E","?","M","R","$","R","B",null,"M"],"character_chosen":"IRONCLAD","items_purchased":["Membership Card"],"campfire_rested":0,"item_purchase_floors":[14],"current_hp_per_floor":[80,79,80,73,65,65,48,48,48,37,26,32,32,32,32,26,80,74],"gold":287,"neow_bonus":"TRANSFORM_CARD","is_prod":false,"is_daily":false,"chose_seed":false,"campfire_upgraded":4,"win_rate":0,"timestamp":1568595493,"path_taken":["M","M","M","M","M","R","E","R","T","E","?","M","R","$","R","BOSS","M"],"build_version":"2019-07-17","purchased_purges":1,"victory":false,"max_hp_per_floor":[80,80,80,80,80,80,80,80,80,80,80,80,80,80,80,80,80,80],"card_choices":[{"not_picked":["Heavy Blade","Corruption","Perfected Strike"],"picked":"SKIP","floor":1},{"not_picked":["Searing Blow","Anger","Pommel Strike"],"picked":"SKIP","floor":2},{"not_picked":["Corruption","True Grit"],"picked":"Carnage","floor":3},{"not_picked":["Perfected Strike","Limit Break"],"picked":"Flame Barrier","floor":4},{"not_picked":["Havoc","Sword Boomerang"],"picked":"Shrug It Off","floor":5},{"not_picked":["Hemokinesis","Pommel Strike"],"picked":"Spot Weakness","floor":7},{"not_picked":["Searing Blow","Spot Weakness","Perfected Strike"],"picked":"Metallicize","floor":10},{"not_picked":["Heavy Blade","Thunderclap","Armaments","Twin Strike"],"picked":"SKIP","floor":12},{"not_picked":["Fiend Fire","Immolate","Dark Embrace"],"picked":"Feed","floor":16}],"player_experience":133758,"relics_obtained":[{"floor":7,"key":"Matryoshka"},{"floor":9,"key":"MawBank"},{"floor":9,"key":"Question Card"},{"floor":10,"key":"PreservedInsect"}],"event_choices":[{"damage_healed":0,"gold_gain":75,"player_choice":"Gather Gold","damage_taken":11,"max_hp_gain":0,"max_hp_loss":0,"event_name":"World of Goop","floor":11,"gold_loss":0}],"is_beta":false,"boss_relics":[{"not_picked":["White Beast Statue","Fusion Hammer"],"picked":"Runic Dome"}],"items_purged_floors":[14],"is_endless":false,"potions_floor_spawned":[3,7,10,16],"killed_by":"Chosen","ascension_level":0}