{"gold_per_floor":[110,110,129,129,148,148,99,99,99,111,111,127,160,435,435,435],"floor_reached":16,"playtime":470,"items_purged":[],"score":110,"play_id":"6339f773-4ff4-42d2-83e8-4e198fb6b964","local_time":"20190907181355","is_ascension_mode":true,"campfire_choices":[{"data":"Self Repair","floor":6,"key":"SMITH"},{"data":"Cold Snap","floor":8,"key":"SMITH"},{"data":"Defragment","floor":15,"key":"SMITH"}],"neow_cost":"NONE","seed_source_timestamp":623581341776900,"circlet_count":0,"master_deck":["Strike_B","Strike_B","Strike_B","Defend_B","Defend_B","Defend_B","Defend_B","Zap","Dualcast","Cold Snap+1","Sweeping Beam","Self Repair+1","Leap","Defragment+1","Injury","Machine Learning","Barrage"],"relics":["Cracked Core","NeowsBlessing","Darkstone Periapt","Golden Idol","Omamori"],"potions_floor_usage":[16,16,16],"damage_taken":[{"damage":0,"enemies":"2 Louse","floor":1,"turns":1},{"damage":0,"enemies":"Cultist","floor":3,"turns":1},{"damage":0,"enemies":"Jaw Worm","floor":5,"turns":1},{"damage":18,"enemies":"Lots of Slimes","floor":10,"turns":3},{"damage":10,"enemies":"Blue Slaver","floor":12,"turns":5},{"damage":34,"enemies":"3 Sentries","floor":13,"turns":10},{"damage":49,"enemies":"Hexaghost","floor":16,"turns":14}],"seed_played":"3128328537459275381","potions_obtained":[{"floor":5,"key":"Dexterity Potion"},{"floor":10,"key":"GamblersBrew"},{"floor":12,"key":"Explosive Potion"}],"is_trial":false,"path_per_floor":["M","?","M","?","M","R","$","R","T","M","?","M","E","?","R","B"],"character_chosen":"DEFECT","items_purchased":["Leap"],"campfire_rested":0,"item_purchase_floors":[7],"current_hp_per_floor":[75,75,75,75,75,75,75,75,75,67,73,73,49,49,49,0],"gold":435,"neow_bonus":"THREE_ENEMY_KILL","is_prod":false,"is_daily":false,"chose_seed":false,"campfire_upgraded":3,"win_rate":0,"timestamp":1567898035,"path_taken":["M","?","?","?","M","R","$","R","T","?","?","M","E","?","R","BOSS"],"build_version":"2019-07-17","purchased_purges":0,"victory":false,"max_hp_per_floor":[75,75,75,75,75,75,75,75,75,75,81,81,81,81,81,81],"card_choices":[{"not_picked":["Go for the Eyes","Stack"],"picked":"Cold Snap","floor":1},{"not_picked":["Sunder","Stack"],"picked":"Sweeping Beam","floor":3},{"not_picked":["Go for the Eyes","Sunder"],"picked":"Self Repair","floor":5},{"not_picked":["Stack","Force Field"],"picked":"Defragment","floor":10},{"not_picked":["Ball Lightning","Turbo"],"picked":"Machine Learning","floor":12},{"not_picked":["Chill","Melter"],"picked":"Barrage","floor":13}],"player_experience":161019,"relics_obtained":[{"floor":9,"key":"Darkstone Periapt"},{"floor":13,"key":"Omamori"}],"event_choices":[{"cards_removed":["Strike_B"],"damage_healed":0,"gold_gain":0,"player_choice":"Purged","damage_taken":0,"max_hp_gain":0,"max_hp_loss":0,"event_name":"Purifier","floor":2,"gold_loss":0},{"damage_healed":0,"gold_gain":0,"player_choice":"Bought 0 Potions","damage_taken":0,"max_hp_gain":0,"max_hp_loss":0,"event_name":"The Woman in Blue","floor":4,"gold_loss":0},{"damage_healed":0,"gold_gain":0,"player_choice":"Take Wound","damage_taken":0,"relics_obtained":["Golden Idol"],"max_hp_gain":0,"max_hp_loss":0,"event_name":"Golden Idol","floor":11,"gold_loss":0,"cards_obtained":["Injury"]},{"damage_healed":0,"gold_gain":275,"player_choice":"Desecrate","damage_taken":0,"max_hp_gain":0,"max_hp_loss":0,"event_name":"Golden Shrine","floor":14,"gold_loss":0,"cards_obtained":["Regret"]}],"is_beta":false,"boss_relics":[],"items_purged_floors":[],"is_endless":false,"potions_floor_spawned":[5,10,12],"killed_by":"Hexaghost","ascension_level":2}