{"gold_per_floor":[115,130,149,167,181,181,181,181,181,215,140,215,235,245,245,245],"floor_reached":16,"playtime":531,"items_purged":["Strike_R"],"score":104,"play_id":"4c4bec3c-e49b-4f45-be0b-58ee85090606","local_time":"20190213084058","is_ascension_mode":false,"campfire_choices":[{"floor":6,"key":"REST"},{"data":"Thunderclap","floor":15,"key":"SMITH"}],"neow_cost":"NONE","seed_source_timestamp":36094943424766,"circlet_count":0,"master_deck":["Strike_R","Strike_R+1","Strike_R","Strike_R","Defend_R+1","Defend_R","Defend_R","Defend_R","Bash+1","Heavy Blade","Pummel","Pommel Strike","Thunderclap+1","Metallicize+1"],"relics":["Burning Blood","Mummified Hand","Frozen Egg 2","Paper Frog"],"potions_floor_usage":[10,16],"damage_taken":[{"damage":6,"enemies":"2 Louse","floor":1,"turns":2},{"damage":8,"enemies":"Small Slimes","floor":2,"turns":3},{"damage":6,"enemies":"Jaw Worm","floor":3,"turns":3},{"damage":38,"enemies":"Large Slime","floor":4,"turns":7},{"damage":16,"enemies":"Lots of Slimes","floor":5,"turns":5},{"damage":14,"enemies":"Gremlin Nob","floor":10,"turns":3},{"damage":13,"enemies":"Red Slaver","floor":13,"turns":2},{"damage":0,"enemies":"3 Louse","floor":14,"turns":3},{"damage":21,"enemies":"Hexaghost","floor":16,"turns":9}],"seed_played":"1942996589068709396","potions_obtained":[{"floor":3,"key":"PowerPotion"},{"floor":10,"key":"Fire Potion"}],"is_trial":false,"path_per_floor":["M","M","M","M","M","R","?","?","T","E","$","?","M","M","R","B"],"character_chosen":"IRONCLAD","items_purchased":[],"campfire_rested":1,"item_purchase_floors":[],"current_hp_per_floor":[80,78,78,46,36,60,57,41,41,33,33,22,15,21,21,0],"gold":245,"neow_bonus":"UPGRADE_CARD","is_prod":false,"is_daily":false,"chose_seed":false,"campfire_upgraded":1,"win_rate":0,"timestamp":1550068858,"path_taken":["M","M","M","M","M","R","?","?","T","E","$","?","?","M","R","BOSS"],"build_version":"2019-01-23","purchased_purges":1,"victory":false,"max_hp_per_floor":[80,80,80,80,80,80,80,80,80,80,80,80,80,80,80,80],"card_choices":[{"not_picked":["Dual Wield","Intimidate"],"picked":"Heavy Blade","floor":1},{"not_picked":["Second Wind","Whirlwind","Clothesline"],"picked":"SKIP","floor":2},{"not_picked":["Iron Wave","Shrug It Off","Whirlwind"],"picked":"SKIP","floor":3},{"not_picked":["Seeing Red","Searing Blow"],"picked":"Pummel","floor":4},{"not_picked":["Entrench","Clash","Evolve"],"picked":"SKIP","floor":5},{"not_picked":["Exhume","Hemokinesis"],"picked":"Pommel Strike","floor":10},{"not_picked":["Shockwave","Infernal Blade"],"picked":"Thunderclap","floor":13},{"not_picked":["Shrug It Off","Reckless Charge"],"picked":"Metallicize+1","floor":14}],"player_experience":295032,"relics_obtained":[{"floor":9,"key":"Frozen Egg 2"},{"floor":10,"key":"Paper Frog"}],"event_choices":[{"damage_healed":0,"gold_gain":0,"player_choice":"Success","damage_taken":3,"relics_obtained":["Mummified Hand"],"max_hp_gain":0,"max_hp_loss":0,"event_name":"Scrap Ooze","floor":7,"gold_loss":0},{"damage_healed":0,"gold_gain":0,"player_choice":"Entered Light","damage_taken":16,"max_hp_gain":0,"max_hp_loss":0,"event_name":"Shining Light","floor":8,"gold_loss":0,"cards_upgraded":["Defend_R","Strike_R"]},{"damage_healed":0,"gold_gain":75,"player_choice":"Gather Gold","damage_taken":11,"max_hp_gain":0,"max_hp_loss":0,"event_name":"World of Goop","floor":12,"gold_loss":0}],"is_beta":false,"boss_relics":[],"items_purged_floors":[11],"is_endless":false,"potions_floor_spawned":[3,10],"killed_by":"Hexaghost","ascension_level":0}