{"path_per_floor":["M","T","M","?","M","R","M","M","T","R","$","T","?","M","R","B",null,"M","?","M","M","M","E","R","E","T","$"],"character_chosen":"IRONCLAD","items_purchased":["Frozen Egg 2","Bandage Up"],"gold_per_floor":[116,116,136,136,153,153,170,184,256,256,0,0,0,10,10,115,115,127,27,47,58,75,104,104,132,132,38],"floor_reached":28,"campfire_rested":2,"playtime":1154,"current_hp_per_floor":[45,45,48,48,47,71,73,74,74,74,74,74,74,75,75,80,80,65,65,63,50,25,28,52,10,24,24],"items_purged":[],"gold":38,"score":300,"play_id":"ec11b0d1-3867-4f5a-aac9-ea2c5b043868","is_prod":false,"is_daily":false,"is_ascension_mode":false,"campfire_upgraded":2,"path_taken":["M","?","?","?","?","R","M","M","T","R","$","?","?","M","R","BOSS","M","?","?","M","M","E","R","E","T","?","M"],"build_version":"2018-02-15-PROD1","purchased_purges":0,"victory":false,"master_deck":["Strike_R","Strike_R","Strike_R","Strike_R","Strike_R","Defend_R","Defend_R","Defend_R","Defend_R","Bash","Flex+1","Heavy Blade+1","Anger+1","Pommel Strike","Sword Boomerang","Demon Form+1","J.A.X.","Pommel Strike+1","Heavy Blade","Sword Boomerang+1","Flex","Bandage Up"],"max_hp_per_floor":[80,80,80,80,80,80,80,80,80,80,80,80,80,80,80,80,80,80,80,80,80,80,80,80,80,94,94],"relics":["Burning Blood","Frozen Eye","Calipers","Kunai","Frozen Egg 2","Oddly Smooth Stone","Philosopher\u0027s Stone","Ornamental Fan","Darkstone Periapt","Mango"],"card_choices":[{"not_picked":["Perfected Strike","Twin Strike"],"picked":"Flex"},{"not_picked":["Iron Wave","Twin Strike"],"picked":"Heavy Blade"},{"not_picked":["Fire Breathing","Sword Boomerang"],"picked":"Anger"},{"not_picked":["Reckless Charge","Clash"],"picked":"Pommel Strike"},{"not_picked":["Flame Barrier","Burning Pact"],"picked":"Sword Boomerang"},{"not_picked":["Reaper","Bludgeon"],"picked":"Demon Form"},{"not_picked":["Iron Wave","Flame Barrier"],"picked":"Pommel Strike"},{"not_picked":["Clash","Armaments"],"picked":"Heavy Blade"},{"not_picked":["Combust","Rage"],"picked":"Sword Boomerang"},{"not_picked":["Whirlwind","Burning Pact"],"picked":"Flex"}],"player_experience":16617,"potions_floor_usage":[16,21,23,28],"damage_taken":[{"damage":1,"enemies":"Cultist","floor":1,"turns":3},{"damage":3,"enemies":"Jaw Worm","floor":3,"turns":4},{"damage":7,"enemies":"Small Slimes","floor":5,"turns":4},{"damage":4,"enemies":"Blue Slaver","floor":7,"turns":4},{"damage":5,"enemies":"Large Slime","floor":8,"turns":5},{"damage":5,"enemies":"3 Louse","floor":14,"turns":4},{"damage":0,"enemies":"Slime Boss","floor":16,"turns":6},{"damage":21,"enemies":"Shell Parasite","floor":18,"turns":4},{"damage":8,"enemies":"Spheric Guardian","floor":20,"turns":3},{"damage":19,"enemies":"Centurion and Healer","floor":21,"turns":4},{"damage":31,"enemies":"Slaver and Parasite","floor":22,"turns":4},{"damage":3,"enemies":"Gremlin Leader","floor":23,"turns":5},{"damage":48,"enemies":"Slavers","floor":25,"turns":4},{"damage":42,"enemies":"Cultist and Chosen","floor":28,"turns":6}],"event_choices":[{"event_name":"Upgrade Shrine","player_choice":"Upgraded","floor":4,"damage_taken":0},{"event_name":"Liars Game","player_choice":"disagreed","floor":13,"damage_taken":0},{"event_name":"Drug Dealer","player_choice":"Got JAXXED","floor":19,"damage_taken":0}],"boss_relics":[{"not_picked":["Question Card","Black Star"],"picked":"Philosopher\u0027s Stone"}],"potions_floor_spawned":[7,14,16,22,23],"seed_played":"2209142591657457848","killed_by":"Cultist and Chosen","ascension_level":0,"is_trial":false}