{"gold_per_floor":[110,110,130,80,80,100,126,126,126,140,140,140,167,177,177,272,272,284,284,69,9,23,23,55,55,55,55,55,55],"floor_reached":29,"playtime":1144,"items_purged":[],"score":263,"play_id":"36d7d036-8548-48d4-b691-03094a620432","local_time":"20190907235308","is_ascension_mode":true,"campfire_choices":[{"floor":8,"key":"REST"},{"floor":12,"key":"REST"},{"floor":15,"key":"REST"},{"floor":23,"key":"REST"},{"floor":25,"key":"REST"},{"data":"Echo Form","floor":28,"key":"SMITH"}],"neow_cost":"TEN_PERCENT_HP_LOSS","seed_source_timestamp":643259031967800,"circlet_count":0,"master_deck":["Strike_B","Strike_B","Strike_B","Strike_B","Defend_B","Defend_B","Defend_B","Defend_B","Zap","Dualcast","Electrodynamics","Leap","Hello World","Genetic Algorithm","Coolheaded","Consume","Machine Learning","Auto Shields","Echo Form+1","Stack+1","Capacitor","Glacier+1"],"relics":["Cracked Core","Sundial","Odd Mushroom","Regal Pillow","Bag of Marbles","Inserter","DataDisk","WingedGreaves"],"potions_floor_usage":[16,22,22],"damage_taken":[{"damage":9,"enemies":"Jaw Worm","floor":1,"turns":3},{"damage":12,"enemies":"Small Slimes","floor":3,"turns":3},{"damage":7,"enemies":"2 Louse","floor":6,"turns":2},{"damage":26,"enemies":"The Mushroom Lair","floor":7,"turns":3},{"damage":19,"enemies":"Exordium Wildlife","floor":10,"turns":4},{"damage":35,"enemies":"Lagavulin","floor":13,"turns":8},{"damage":6,"enemies":"Red Slaver","floor":14,"turns":4},{"damage":23,"enemies":"Slime Boss","floor":16,"turns":10},{"damage":25,"enemies":"3 Byrds","floor":18,"turns":3},{"damage":11,"enemies":"2 Thieves","floor":21,"turns":4},{"damage":0,"enemies":"Sentry and Sphere","floor":22,"turns":7},{"damage":27,"enemies":"Book of Stabbing","floor":24,"turns":11},{"damage":45,"enemies":"Colosseum Slavers","floor":27,"turns":9},{"damage":20,"enemies":"3 Cultists","floor":29,"turns":5}],"seed_played":"-1804130238961606922","potions_obtained":[{"floor":1,"key":"Dexterity Potion"},{"floor":13,"key":"Block Potion"},{"floor":18,"key":"Poison Potion"},{"floor":22,"key":"Strength Potion"}],"is_trial":false,"path_per_floor":["M","?","M","?","$","M","?","R","T","M","$","R","E","M","R","B",null,"M","?","$","M","M","R","E","R","T","?","R","M"],"character_chosen":"DEFECT","items_purchased":["DataDisk","Capacitor"],"campfire_rested":5,"item_purchase_floors":[20,20],"current_hp_per_floor":[59,59,47,47,47,40,14,34,34,15,15,50,15,9,44,21,68,43,31,31,20,20,56,29,65,65,20,20,0],"gold":55,"neow_bonus":"THREE_RARE_CARDS","is_prod":false,"is_daily":false,"chose_seed":false,"campfire_upgraded":1,"win_rate":0,"timestamp":1567918388,"path_taken":["M","?","M","?","$","M","?","R","T","?","?","R","E","M","R","BOSS","M","?","$","M","M","R","E","R","T","?","R","M"],"build_version":"2019-07-17","purchased_purges":0,"victory":false,"max_hp_per_floor":[68,68,68,68,68,68,68,68,68,68,68,68,68,68,68,68,68,68,73,73,73,73,73,73,73,73,73,73,73],"card_choices":[{"not_picked":["Rainbow","Thunder Strike"],"picked":"Electrodynamics","floor":0},{"not_picked":["Rebound","Beam Cell"],"picked":"Leap","floor":1},{"not_picked":["Streamline","Compile Driver"],"picked":"Hello World","floor":3},{"not_picked":["Go for the Eyes","Undo"],"picked":"Genetic Algorithm","floor":6},{"not_picked":["Hologram","Turbo"],"picked":"Coolheaded","floor":7},{"not_picked":["Static Discharge","Hologram"],"picked":"Consume","floor":10},{"not_picked":["Go for the Eyes","Sweeping Beam"],"picked":"Machine Learning","floor":13},{"not_picked":["Reinforced Body","Redo"],"picked":"Auto Shields","floor":14},{"not_picked":["Fission","Hyperbeam"],"picked":"Echo Form","floor":16},{"not_picked":["Rebound","Ball Lightning"],"picked":"Stack+1","floor":18},{"not_picked":["Barrage","Recycle","Darkness"],"picked":"SKIP","floor":21},{"not_picked":["Lockon","Static Discharge","Steam"],"picked":"SKIP","floor":22},{"not_picked":["Gash+1","Reprogram+1"],"picked":"Glacier+1","floor":24}],"player_experience":161489,"relics_obtained":[{"floor":7,"key":"Odd Mushroom"},{"floor":9,"key":"Regal Pillow"},{"floor":13,"key":"Bag of Marbles"},{"floor":24,"key":"WingedGreaves"}],"event_choices":[{"damage_healed":0,"gold_gain":0,"player_choice":"Box","damage_taken":0,"relics_obtained":["Sundial"],"max_hp_gain":0,"max_hp_loss":0,"event_name":"Big Fish","floor":2,"gold_loss":0,"cards_obtained":["Regret"]},{"cards_removed":["Regret"],"damage_healed":0,"gold_gain":0,"player_choice":"Card Removal","damage_taken":0,"max_hp_gain":0,"max_hp_loss":0,"event_name":"The Cleric","floor":4,"gold_loss":50},{"damage_healed":0,"gold_gain":0,"player_choice":"Fought Mushrooms","damage_taken":0,"max_hp_gain":0,"max_hp_loss":0,"event_name":"Mushrooms","floor":7,"gold_loss":0},{"damage_healed":0,"gold_gain":0,"player_choice":"Shed Blood","damage_taken":17,"max_hp_gain":5,"max_hp_loss":0,"event_name":"Forgotten Altar","floor":19,"gold_loss":0},{"damage_healed":0,"gold_gain":0,"player_choice":"Fight","damage_taken":0,"max_hp_gain":0,"max_hp_loss":0,"event_name":"Colosseum","floor":27,"gold_loss":0},{"damage_healed":0,"gold_gain":0,"player_choice":"Fled From Nobs","damage_taken":0,"max_hp_gain":0,"max_hp_loss":0,"event_name":"Colosseum","floor":27,"gold_loss":0}],"is_beta":false,"boss_relics":[{"not_picked":["Lizard Tail","Eternal Feather"],"picked":"Inserter"}],"items_purged_floors":[],"is_endless":false,"potions_floor_spawned":[1,13,18,22,27],"killed_by":"3 Cultists","ascension_level":2}