{"gold_per_floor":[210,210,225,239,251,251,285,285,311,311,311,261,280,40,40,136,136,148,148,11,21,41,41,67,67,67,67,17,52,72,88,88,88],"floor_reached":33,"playtime":6487,"items_purged":["Defend_R","Strike_R"],"score":285,"play_id":"8e26c2b7-1b51-49ca-9874-fbd73420031a","local_time":"20190913133743","is_ascension_mode":false,"campfire_choices":[{"data":"Iron Wave","floor":6,"key":"SMITH"},{"data":"Uppercut","floor":8,"key":"SMITH"},{"data":"Clothesline","floor":11,"key":"SMITH"},{"data":"Master of Strategy","floor":15,"key":"SMITH"},{"data":"Armaments","floor":23,"key":"SMITH"},{"data":"Bludgeon","floor":25,"key":"SMITH"},{"floor":27,"key":"REST"},{"data":"Bloodletting","floor":32,"key":"SMITH"}],"neow_cost":"NONE","seed_source_timestamp":396913384011987,"circlet_count":0,"master_deck":["Strike_R","Strike_R","Strike_R","Defend_R+1","Defend_R+1","Defend_R","Bash","Iron Wave+1","Clothesline+1","Uppercut+1","Twin Strike","Master of Strategy+1","Bludgeon+1","Twin Strike","Bloodletting+1","Armaments+1","Corruption","Spot Weakness","Shrug It Off+1"],"relics":["Burning Blood","Oddly Smooth Stone","Red Skull","Lantern","Centennial Puzzle","Black Star","War Paint","Darkstone Periapt","Self Forming Clay","Frozen Egg 2","Vajra"],"potions_floor_usage":[7,18,18,21,24,24,29,33,33],"damage_taken":[{"damage":8,"enemies":"Small Slimes","floor":1,"turns":3},{"damage":0,"enemies":"Cultist","floor":3,"turns":3},{"damage":1,"enemies":"Jaw Worm","floor":4,"turns":4},{"damage":2,"enemies":"2 Fungi Beasts","floor":5,"turns":5},{"damage":39,"enemies":"Lagavulin","floor":7,"turns":10},{"damage":0,"enemies":"Red Slaver","floor":13,"turns":3},{"damage":28,"enemies":"Slime Boss","floor":16,"turns":9},{"damage":10,"enemies":"Spheric Guardian","floor":18,"turns":4},{"damage":0,"enemies":"Chosen","floor":21,"turns":4},{"damage":18,"enemies":"Centurion and Healer","floor":22,"turns":4},{"damage":50,"enemies":"Gremlin Leader","floor":24,"turns":7},{"damage":17,"enemies":"Slavers","floor":29,"turns":6},{"damage":8,"enemies":"Chosen and Byrds","floor":30,"turns":5},{"damage":0,"enemies":"Snecko","floor":31,"turns":3},{"damage":49,"enemies":"Automaton","floor":33,"turns":6}],"seed_played":"-6678064550724250684","potions_obtained":[{"floor":4,"key":"Block Potion"},{"floor":5,"key":"Explosive Potion"},{"floor":13,"key":"Weak Potion"},{"floor":16,"key":"EssenceOfSteel"},{"floor":18,"key":"EssenceOfSteel"},{"floor":19,"key":"Weak Potion"},{"floor":29,"key":"EssenceOfSteel"},{"floor":30,"key":"Strength Potion"}],"is_trial":false,"path_per_floor":["M","?","M","M","M","R","E","R","T","?","R","?","M","$","R","B",null,"M","?","$","M","M","R","E","R","T","R","$","E","M","M","R","B"],"character_chosen":"IRONCLAD","items_purchased":["Master of Strategy","Bloodletting","Energy Potion"],"campfire_rested":1,"item_purchase_floors":[14,20,28],"current_hp_per_floor":[78,78,80,80,80,80,47,47,47,35,35,35,41,41,41,19,80,76,76,76,80,68,68,24,24,24,48,48,37,35,41,41,0],"gold":88,"neow_bonus":"HUNDRED_GOLD","is_prod":false,"is_daily":false,"chose_seed":false,"campfire_upgraded":7,"win_rate":0.0,"timestamp":1568396263,"path_taken":["M","?","?","M","M","R","E","R","T","?","R","?","M","$","R","BOSS","M","?","$","?","M","R","E","R","T","R","?","E","M","M","R","BOSS"],"build_version":"2019-07-17","purchased_purges":2,"victory":false,"max_hp_per_floor":[80,80,80,80,80,80,80,80,80,80,80,80,80,80,80,80,80,80,80,80,80,80,80,80,80,80,80,80,80,80,80,80,80],"card_choices":[{"not_picked":["True Grit","Flex"],"picked":"Seeing Red","floor":1},{"not_picked":["Power Through","Combust"],"picked":"Iron Wave","floor":3},{"not_picked":["Sever Soul","Anger","Dual Wield"],"picked":"SKIP","floor":4},{"not_picked":["Iron Wave","Carnage"],"picked":"Clothesline","floor":5},{"not_picked":["True Grit","Battle Trance"],"picked":"Uppercut","floor":7},{"not_picked":["Thunderclap","Warcry"],"picked":"Twin Strike","floor":13},{"not_picked":["Limit Break","Berserk"],"picked":"Bludgeon","floor":16},{"not_picked":["Combust","True Grit"],"picked":"Twin Strike","floor":18},{"not_picked":["Clothesline","Power Through"],"picked":"Armaments","floor":21},{"not_picked":["Disarm","Clash"],"picked":"Corruption","floor":22},{"not_picked":["Clash","Perfected Strike"],"picked":"Spot Weakness","floor":24},{"not_picked":["Sword Boomerang+1","Clothesline+1"],"picked":"Shrug It Off+1","floor":29},{"not_picked":["Twin Strike","Burning Pact+1","Combust+1"],"picked":"SKIP","floor":30},{"not_picked":["Intimidate","Twin Strike","Thunderclap"],"picked":"SKIP","floor":31}],"player_experience":18273,"relics_obtained":[{"floor":7,"key":"Red Skull"},{"floor":9,"key":"Lantern"},{"floor":24,"key":"War Paint"},{"floor":24,"key":"Darkstone Periapt"},{"floor":26,"key":"Self Forming Clay"},{"floor":29,"key":"Frozen Egg 2"},{"floor":29,"key":"Vajra"}],"event_choices":[{"cards_removed":["Seeing Red"],"damage_healed":0,"gold_gain":0,"player_choice":"Gave Card","damage_taken":0,"relics_obtained":["Oddly Smooth Stone"],"max_hp_gain":0,"max_hp_loss":0,"event_name":"WeMeetAgain","floor":2,"gold_loss":0},{"damage_healed":0,"gold_gain":0,"player_choice":"Success","damage_taken":12,"relics_obtained":["Centennial Puzzle"],"max_hp_gain":0,"max_hp_loss":0,"event_name":"Scrap Ooze","floor":10,"gold_loss":0},{"cards_removed":["Strike_R"],"damage_healed":0,"gold_gain":0,"player_choice":"Card Removal","damage_taken":0,"max_hp_gain":0,"max_hp_loss":0,"event_name":"The Cleric","floor":12,"gold_loss":50},{"damage_healed":0,"gold_gain":0,"player_choice":"Got Potions","damage_taken":0,"max_hp_gain":0,"max_hp_loss":0,"event_name":"Lab","floor":19,"gold_loss":0}],"is_beta":false,"boss_relics":[{"not_picked":["Fusion Hammer","Busted Crown"],"picked":"Black Star"}],"items_purged_floors":[14,20],"is_endless":false,"potions_floor_spawned":[4,5,13,16,18,29,30],"killed_by":"Automaton","ascension_level":0}