{"gold_per_floor":[115,128,128,146,146,178,178,194,218,218,230,230,250,261,261,261],"floor_reached":16,"playtime":683,"items_purged":[],"score":104,"play_id":"92fadccd-1525-4258-ad31-59dd0a9870ce","local_time":"20190212174808","is_ascension_mode":false,"campfire_choices":[{"data":"Static Discharge","floor":7,"key":"SMITH"},{"data":"Loop","floor":10,"key":"SMITH"},{"floor":12,"key":"REST"},{"floor":15,"key":"REST"}],"neow_cost":"NONE","seed_source_timestamp":349308068158367,"circlet_count":0,"master_deck":["Strike_B","Strike_B","Strike_B","Defend_B","Defend_B","Defend_B","Defend_B","Zap+1","Dualcast","Static Discharge+1","Double Energy","Stack+1","Loop+1","Self Repair","Heatsinks","Genetic Algorithm"],"relics":["Cracked Core","GremlinMask","Regal Pillow","War Paint"],"potions_floor_usage":[6,6,6,6,14,16],"damage_taken":[{"damage":1,"enemies":"Jaw Worm","floor":1,"turns":4},{"damage":9,"enemies":"2 Louse","floor":2,"turns":3},{"damage":5,"enemies":"Cultist","floor":4,"turns":3},{"damage":25,"enemies":"3 Sentries","floor":6,"turns":6},{"damage":11,"enemies":"Exordium Wildlife","floor":8,"turns":4},{"damage":20,"enemies":"3 Louse","floor":11,"turns":3},{"damage":23,"enemies":"Lots of Slimes","floor":13,"turns":4},{"damage":37,"enemies":"Exordium Thugs","floor":14,"turns":4},{"damage":52,"enemies":"Slime Boss","floor":16,"turns":5}],"seed_played":"1576580540412960532","potions_obtained":[{"floor":1,"key":"Poison Potion"},{"floor":2,"key":"AttackPotion"},{"floor":4,"key":"EntropicBrew"},{"floor":11,"key":"Weak Potion"}],"is_trial":false,"path_per_floor":["M","M","?","M","?","E","R","M","T","R","M","R","M","M","R","B"],"character_chosen":"DEFECT","items_purchased":[],"campfire_rested":2,"item_purchase_floors":[],"current_hp_per_floor":[81,72,72,67,67,42,42,31,31,31,18,57,41,11,50,0],"gold":261,"neow_bonus":"TEN_PERCENT_HP_BONUS","is_prod":false,"is_daily":false,"chose_seed":false,"campfire_upgraded":2,"win_rate":0.0,"timestamp":1550015288,"path_taken":["M","M","?","M","?","E","R","M","T","R","?","R","M","M","R","BOSS"],"build_version":"2019-01-23","purchased_purges":0,"victory":false,"max_hp_per_floor":[82,82,82,82,82,82,82,82,82,82,82,82,82,82,82,82],"card_choices":[{"not_picked":["BootSequence","Conserve Battery"],"picked":"Static Discharge","floor":1},{"not_picked":["Reinforced Body","Melter"],"picked":"Double Energy","floor":2},{"not_picked":["Auto Shields","Sweeping Beam"],"picked":"Stack","floor":4},{"not_picked":["All For One","Barrage"],"picked":"Loop","floor":6},{"not_picked":["Gash","Reprogram"],"picked":"Self Repair","floor":8},{"not_picked":["Hologram","Barrage"],"picked":"Heatsinks","floor":11},{"not_picked":["Conserve Battery","Reinforced Body","Gash"],"picked":"SKIP","floor":13},{"not_picked":["Conserve Battery","Go for the Eyes"],"picked":"Genetic Algorithm","floor":14}],"player_experience":290322,"relics_obtained":[{"floor":6,"key":"Regal Pillow"},{"floor":9,"key":"War Paint"}],"event_choices":[{"cards_removed":["Strike_B"],"damage_healed":0,"gold_gain":0,"player_choice":"Forget","damage_taken":0,"max_hp_gain":0,"max_hp_loss":0,"event_name":"Living Wall","floor":3,"gold_loss":0},{"damage_healed":0,"gold_gain":0,"player_choice":"Trade","damage_taken":0,"relics_obtained":["GremlinMask"],"max_hp_gain":0,"max_hp_loss":0,"event_name":"FaceTrader","floor":5,"gold_loss":0}],"is_beta":false,"boss_relics":[],"items_purged_floors":[],"is_endless":false,"potions_floor_spawned":[1,2,4,11],"killed_by":"Slime Boss","ascension_level":0}