{"gold_per_floor":[113,3,21,34,209,209,209,209,264,277,277,296,173,186,186,283,283,294,169,151,169,169],"floor_reached":22,"playtime":1100,"items_purged":["Strike_R","Strike_R","Strike_R"],"score":178,"play_id":"b47995b3-d818-40b8-9fc3-f0ab6a6bf56c","local_time":"20181106081247","is_ascension_mode":false,"campfire_choices":[{"data":"Bash","floor":6,"key":"SMITH"},{"data":"Anger","floor":11,"key":"SMITH"},{"data":"Power Through","floor":15,"key":"SMITH"}],"neow_cost":"NONE","seed_source_timestamp":51395830985565,"circlet_count":0,"master_deck":["Strike_R","Strike_R","Defend_R","Defend_R","Defend_R","Defend_R","Bash+1","Body Slam","Dropkick","Anger+1","Thunderclap","Doubt","Flame Barrier","Power Through+1","Pommel Strike","Shrug It Off","Demon Form"],"relics":["Burning Blood","NeowsBlessing","StoneCalendar","Kunai","Blood Vial","Busted Crown"],"potions_floor_usage":[22,22,22],"damage_taken":[{"damage":0,"enemies":"Jaw Worm","floor":1,"turns":1},{"damage":0,"enemies":"Small Slimes","floor":3,"turns":1},{"damage":0,"enemies":"Cultist","floor":4,"turns":1},{"damage":8,"enemies":"Blue Slaver","floor":10,"turns":4},{"damage":14,"enemies":"Large Slime","floor":12,"turns":6},{"damage":3,"enemies":"2 Fungi Beasts","floor":14,"turns":4},{"damage":36,"enemies":"The Guardian","floor":16,"turns":11},{"damage":5,"enemies":"Chosen","floor":18,"turns":3},{"damage":10,"enemies":"2 Thieves","floor":20,"turns":4},{"damage":32,"enemies":"Snake Plant","floor":21,"turns":4},{"damage":12,"enemies":"Colosseum Slavers","floor":22,"turns":5},{"damage":63,"enemies":"Colosseum Nobs","floor":22,"turns":4}],"seed_played":"2117052472809910300","potions_obtained":[{"floor":3,"key":"Regen Potion"},{"floor":14,"key":"Block Potion"},{"floor":16,"key":"SpeedPotion"}],"is_trial":false,"path_per_floor":["M","$","M","M","?","R","T","?","T","M","R","M","$","M","R","B",null,"M","$","M","M","?"],"character_chosen":"IRONCLAD","items_purchased":["Dropkick","Pommel Strike"],"campfire_rested":0,"item_purchase_floors":[2,13],"current_hp_per_floor":[80,80,80,80,80,80,80,80,80,78,78,72,72,77,77,49,80,80,80,76,52,0],"gold":169,"neow_bonus":"THREE_ENEMY_KILL","is_prod":false,"is_daily":false,"chose_seed":false,"campfire_upgraded":3,"win_rate":0,"timestamp":1541513567,"path_taken":["M","$","M","M","?","R","?","?","T","M","R","M","?","M","R","BOSS","M","$","M","M","?"],"build_version":"2018-11-01","purchased_purges":3,"victory":false,"max_hp_per_floor":[80,80,80,80,80,80,80,80,80,80,80,80,80,80,80,80,80,80,80,80,80,80],"card_choices":[{"not_picked":["Iron Wave","Warcry"],"picked":"Body Slam","floor":1},{"not_picked":["Perfected Strike","Clothesline"],"picked":"Anger","floor":3},{"not_picked":["Bloodletting","Flex"],"picked":"Thunderclap","floor":4},{"not_picked":["Thunderclap","Shockwave"],"picked":"Flame Barrier","floor":10},{"not_picked":["Armaments","Reaper"],"picked":"Power Through","floor":12},{"not_picked":["Infernal Blade","Clothesline"],"picked":"Shrug It Off","floor":14},{"not_picked":["Offering","Barricade"],"picked":"Demon Form","floor":16},{"not_picked":["Body Slam"],"picked":"SKIP","floor":18},{"not_picked":["Shrug It Off"],"picked":"SKIP","floor":20},{"not_picked":["Clash"],"picked":"SKIP","floor":21}],"player_experience":18393,"relics_obtained":[{"floor":7,"key":"StoneCalendar"},{"floor":9,"key":"Blood Vial"}],"event_choices":[{"damage_healed":0,"gold_gain":175,"player_choice":"AGREE","damage_taken":0,"max_hp_gain":0,"max_hp_loss":0,"event_name":"Liars Game","floor":5,"gold_loss":0,"cards_obtained":["Doubt"]},{"damage_healed":0,"gold_gain":0,"player_choice":"Searched \u00271\u0027 times","damage_taken":0,"relics_obtained":["Kunai"],"max_hp_gain":0,"max_hp_loss":0,"event_name":"Dead Adventurer","floor":8,"gold_loss":0},{"damage_healed":0,"gold_gain":0,"player_choice":"Fight","damage_taken":0,"max_hp_gain":0,"max_hp_loss":0,"event_name":"Colosseum","floor":22,"gold_loss":0},{"damage_healed":0,"gold_gain":0,"player_choice":"Fought Nobs","damage_taken":0,"max_hp_gain":0,"max_hp_loss":0,"event_name":"Colosseum","floor":22,"gold_loss":0}],"is_beta":false,"boss_relics":[{"not_picked":["Velvet Choker","Runic Dome"],"picked":"Busted Crown"}],"items_purged_floors":[2,13,19],"is_endless":false,"potions_floor_spawned":[3,14,16,18],"killed_by":"Colosseum Nobs","ascension_level":0}