{"gold_per_floor":[112,112,127,127,127,152,152,167,167,178,204,268,285,297,297,297],"floor_reached":16,"playtime":2147,"items_purged":[],"score":112,"play_id":"37fd01d9-1602-469d-b684-f85bb45c772d","local_time":"20190915060140","is_ascension_mode":false,"campfire_choices":[{"data":"Corruption","floor":7,"key":"SMITH"},{"data":"Heavy Blade","floor":15,"key":"SMITH"}],"neow_cost":"NONE","seed_source_timestamp":546698089459000,"circlet_count":0,"master_deck":["Strike_R","Strike_R","Strike_R","Strike_R","Defend_R","Defend_R","Defend_R","Defend_R","Bash","Corruption+1","Thunderclap","Disarm","Clash","Heavy Blade+1","Ghostly Armor","Entrench"],"relics":["Burning Blood","Self Forming Clay","Shuriken","Ancient Tea Set","Bag of Marbles","Bronze Scales"],"potions_floor_usage":[11,11,12,16,16],"damage_taken":[{"damage":6,"enemies":"Cultist","floor":1,"turns":3},{"damage":6,"enemies":"Jaw Worm","floor":3,"turns":5},{"damage":39,"enemies":"3 Sentries","floor":6,"turns":10},{"damage":3,"enemies":"2 Louse","floor":8,"turns":3},{"damage":3,"enemies":"2 Fungi Beasts","floor":10,"turns":4},{"damage":14,"enemies":"Gremlin Nob","floor":11,"turns":4},{"damage":21,"enemies":"Lagavulin Event","floor":12,"turns":5},{"damage":0,"enemies":"3 Louse","floor":13,"turns":3},{"damage":3,"enemies":"Gremlin Gang","floor":14,"turns":5},{"damage":63,"enemies":"Slime Boss","floor":16,"turns":10}],"seed_played":"3474263894901127211","potions_obtained":[{"floor":3,"key":"BloodPotion"},{"floor":6,"key":"Weak Potion"},{"floor":8,"key":"Fire Potion"},{"floor":11,"key":"Energy Potion"},{"floor":14,"key":"Ancient Potion"}],"is_trial":false,"path_per_floor":["M","?","M","?","?","E","R","M","T","M","E","?","M","M","R","B"],"character_chosen":"IRONCLAD","items_purchased":[],"campfire_rested":0,"item_purchase_floors":[],"current_hp_per_floor":[88,93,93,81,81,48,48,51,51,54,46,31,37,40,40,0],"gold":297,"neow_bonus":"TEN_PERCENT_HP_BONUS","is_prod":false,"is_daily":false,"chose_seed":false,"campfire_upgraded":2,"win_rate":0,"timestamp":1568541700,"path_taken":["M","?","M","?","?","E","R","M","T","M","E","?","M","M","R","BOSS"],"build_version":"2019-07-17","purchased_purges":0,"victory":false,"max_hp_per_floor":[88,93,93,93,93,93,93,93,93,93,93,93,93,93,93,93],"card_choices":[{"not_picked":["Iron Wave","True Grit"],"picked":"Corruption","floor":1},{"not_picked":["Rage","Perfected Strike"],"picked":"Thunderclap","floor":3},{"not_picked":["Rage","Sword Boomerang","Clothesline"],"picked":"SKIP","floor":6},{"not_picked":["Twin Strike","Pommel Strike"],"picked":"Disarm","floor":8},{"not_picked":["Clothesline","Warcry","Twin Strike"],"picked":"SKIP","floor":10},{"not_picked":["Iron Wave","Sword Boomerang"],"picked":"Clash","floor":11},{"not_picked":["Flex","Offering"],"picked":"Heavy Blade","floor":12},{"not_picked":["Carnage","Twin Strike"],"picked":"Ghostly Armor","floor":13},{"not_picked":["Second Wind","Cleave"],"picked":"Entrench","floor":14}],"player_experience":93519,"relics_obtained":[{"floor":6,"key":"Shuriken"},{"floor":9,"key":"Ancient Tea Set"},{"floor":11,"key":"Bag of Marbles"}],"event_choices":[{"damage_healed":0,"gold_gain":0,"player_choice":"Donut","damage_taken":0,"max_hp_gain":5,"max_hp_loss":0,"event_name":"Big Fish","floor":2,"gold_loss":0},{"damage_healed":0,"gold_gain":0,"player_choice":"Success","damage_taken":12,"relics_obtained":["Self Forming Clay"],"max_hp_gain":0,"max_hp_loss":0,"event_name":"Scrap Ooze","floor":4,"gold_loss":0},{"cards_removed":["Strike_R"],"damage_healed":0,"gold_gain":0,"player_choice":"Forget","damage_taken":0,"max_hp_gain":0,"max_hp_loss":0,"event_name":"Living Wall","floor":5,"gold_loss":0},{"damage_healed":0,"gold_gain":0,"player_choice":"Searched \u00273\u0027 times","damage_taken":0,"relics_obtained":["Bronze Scales"],"max_hp_gain":0,"max_hp_loss":0,"event_name":"Dead Adventurer","floor":12,"gold_loss":0}],"is_beta":false,"boss_relics":[],"items_purged_floors":[],"is_endless":false,"potions_floor_spawned":[3,6,8,11,14],"killed_by":"Slime Boss","ascension_level":0}