{"gold_per_floor":[110,130,130,146,146,181,199,229,229,243,263,263,213,213,213,317,317,331,331,17,217,232,263,263,293,293,309,323,351,351,351,351,455,455,475,475,475,486,496,522,522,536,606,634,76,102,202,212,212,212],"floor_reached":51,"playtime":2646,"items_purged":["Clumsy"],"score":994,"play_id":"952e65ec-2d5b-4256-9172-8609b5aaea36","local_time":"20190217230200","is_ascension_mode":true,"campfire_choices":[{"floor":15.0,"key":"REST"},{"floor":24.0,"key":"REST"},{"data":"Demon Form","floor":32.0,"key":"SMITH"},{"data":"Heavy Blade","floor":41,"key":"SMITH"},{"data":"Bash","floor":49,"key":"SMITH"}],"neow_cost":"NONE","seed_source_timestamp":0,"circlet_count":0,"master_deck":["Strike_R","Strike_R","Strike_R","Defend_R","Defend_R","Defend_R","Defend_R","Bash+1","Wild Strike+1","Flex+1","Heavy Blade+1","Heavy Blade+1","Reckless Charge","Reaper","Power Through+1","Infernal Blade+1","Reaper","Clumsy","True Grit+1","Sever Soul","Impatience+1","Infernal Blade+1","Demon Form+1","Wild Strike+1","Spot Weakness+1","Anger+1","Combust","Offering+1","Burning Pact+1","Madness+1","Madness+1","Sever Soul","Armaments+1","Second Wind+1","Reckless Charge+1","Feel No Pain+1","True Grit+1"],"special_seed":0,"relics":["Black Blood","Art of War","Toxic Egg 2","Potion Belt","Darkstone Periapt","Calling Bell","Red Skull","Meat on the Bone","Torii","Bronze Scales","Paper Frog","Champion Belt","Mummified Hand","Bottled Tornado","Centennial Puzzle","Ice Cream","Shuriken","MawBank","Pear","Molten Egg 2","Blue Candle","Unceasing Top"],"potions_floor_usage":[47,50,50,50,50,50],"damage_taken":[{"damage":6.0,"enemies":"Jaw Worm","floor":1.0,"turns":4.0},{"damage":5.0,"enemies":"Cultist","floor":2.0,"turns":4.0},{"damage":0.0,"enemies":"2 Louse","floor":4.0,"turns":2.0},{"damage":30.0,"enemies":"Gremlin Nob","floor":6.0,"turns":4.0},{"damage":22.0,"enemies":"Large Slime","floor":7.0,"turns":6.0},{"damage":31.0,"enemies":"Lagavulin","floor":8.0,"turns":4.0},{"damage":16.0,"enemies":"2 Fungi Beasts","floor":10.0,"turns":3.0},{"damage":15.0,"enemies":"Exordium Thugs","floor":11.0,"turns":5.0},{"damage":28.0,"enemies":"Slime Boss","floor":16.0,"turns":10.0},{"damage":23.0,"enemies":"Spheric Guardian","floor":18.0,"turns":6.0},{"damage":11.0,"enemies":"3 Byrds","floor":22.0,"turns":4.0},{"damage":67.0,"enemies":"Slavers","floor":23.0,"turns":8.0},{"damage":106.0,"enemies":"Gremlin Leader","floor":25.0,"turns":9.0},{"damage":2.0,"enemies":"Centurion and Healer","floor":27.0,"turns":4.0},{"damage":1.0,"enemies":"Chosen and Byrds","floor":28.0,"turns":3.0},{"damage":51.0,"enemies":"Slavers","floor":29.0,"turns":5.0},{"damage":60.0,"enemies":"Automaton","floor":33.0,"turns":7.0},{"damage":36.0,"enemies":"3 Darklings","floor":35.0,"turns":4.0},{"damage":11.0,"enemies":"Orb Walker","floor":38.0,"turns":2.0},{"damage":20.0,"enemies":"Maw","floor":39.0,"turns":6.0},{"damage":9.0,"enemies":"Reptomancer","floor":40.0,"turns":4.0},{"damage":47,"enemies":"Writhing Mass","floor":42,"turns":5},{"damage":34,"enemies":"Giant Head","floor":44,"turns":7},{"damage":31,"enemies":"Nemesis","floor":46,"turns":3},{"damage":15,"enemies":"Mind Bloom Boss Battle","floor":47,"turns":4},{"damage":36,"enemies":"Spire Growth","floor":48,"turns":5},{"damage":86,"enemies":"Awakened One","floor":50,"turns":7}],"seed_played":"1888901886841282260","potions_obtained":[{"floor":6.0,"key":"Dexterity Potion"},{"floor":7.0,"key":"Ancient Potion"},{"floor":10.0,"key":"Ancient Potion"},{"floor":23.0,"key":"BloodPotion"},{"floor":25.0,"key":"Energy Potion"},{"floor":27.0,"key":"SteroidPotion"},{"floor":35.0,"key":"GamblersBrew"},{"floor":42,"key":"Poison Potion"},{"floor":48,"key":"Strength Potion"}],"is_trial":false,"path_per_floor":["M","M","?","M","?","E","M","E","T","M","M","?","?","?","R","B",null,"M","?","$","?","M","E","R","E","T","M","M","E","?","?","R","B",null,"M","?","?","M","M","E","R","M","T","E","$","E","?","M","R","B",null],"character_chosen":"IRONCLAD","items_purchased":["Bronze Scales","Impatience+1","Infernal Blade+1","Pear","Molten Egg 2"],"campfire_rested":2,"item_purchase_floors":[20,20,20,45,45],"current_hp_per_floor":[80,80,85,85,85,61,45,20,20,16,17,17,17,17,42,24,103,86,86,86,86,99,61,91,31,31,47,64,64,64,64,64,61,103,103,90,90,101,103,103,103,72,72,87,97,76,82,77,77,86],"gold":212,"neow_bonus":"RANDOM_COMMON_RELIC","is_prod":false,"is_daily":false,"chose_seed":false,"campfire_upgraded":3,"win_rate":0,"timestamp":1550466120,"path_taken":["M","M","?","M","?","E","M","E","T","M","?","?","?","?","R","BOSS","M","?","?","?","M","E","R","E","T","M","?","E","?","?","R","BOSS","M","?","?","?","M","E","R","M","T","E","$","E","?","M","R","BOSS"],"build_version":"2019-01-23","purchased_purges":1,"victory":true,"max_hp_per_floor":[80,80,85,85,85,85,85,85,85,85,85,85,85,85,85,85,103,103,103,103,103,103,103,103,103,103,103,103,103,103,103,103,103,103,103,103,103,103,103,103,103,103,103,103,113,113,113,113,113,113],"card_choices":[{"not_picked":["True Grit","Sentinel"],"picked":"Wild Strike","floor":1.0},{"not_picked":["Heavy Blade","Armaments"],"picked":"Flex","floor":2.0},{"not_picked":["Body Slam","Sword Boomerang"],"picked":"Heavy Blade","floor":4.0},{"not_picked":["Uppercut","Clothesline"],"picked":"Heavy Blade","floor":6.0},{"not_picked":["Rupture","Second Wind+1"],"picked":"Reckless Charge","floor":7.0},{"not_picked":["Clothesline","Dual Wield+1"],"picked":"Reaper","floor":8.0},{"not_picked":["Wild Strike","Sword Boomerang"],"picked":"Power Through+1","floor":10.0},{"not_picked":["Anger","Wild Strike"],"picked":"Infernal Blade+1","floor":11.0},{"not_picked":["Demon Form","Double Tap+1"],"picked":"Reaper","floor":16.0},{"not_picked":["Flex+1","Bloodletting+1"],"picked":"True Grit+1","floor":18.0},{"not_picked":["Bloodletting+1","Uppercut","Headbutt"],"picked":"SKIP","floor":22.0},{"not_picked":["Twin Strike","Clash"],"picked":"Demon Form","floor":23.0},{"not_picked":["Power Through+1","Berserk"],"picked":"Wild Strike+1","floor":25.0},{"not_picked":["Combust+1","Twin Strike+1"],"picked":"Spot Weakness+1","floor":27.0},{"not_picked":["Perfected Strike","Thunderclap+1"],"picked":"Anger+1","floor":28.0},{"not_picked":["Fire Breathing+1","Headbutt"],"picked":"Combust","floor":29.0},{"not_picked":["Impervious+1","Immolate"],"picked":"Offering+1","floor":33.0},{"not_picked":["Wild Strike","Reckless Charge+1"],"picked":"Burning Pact+1","floor":35.0},{"not_picked":["True Grit+1","Wild Strike"],"picked":"Sever Soul","floor":38.0},{"not_picked":["Perfected Strike+1","Fire Breathing+1"],"picked":"Armaments+1","floor":39.0},{"not_picked":["Iron Wave","Clash+1","Body Slam+1"],"picked":"SKIP","floor":40},{"not_picked":["Feed","Clash+1"],"picked":"Second Wind+1","floor":42},{"not_picked":["Intimidate+1","Battle Trance+1"],"picked":"Reckless Charge+1","floor":44},{"not_picked":["Second Wind+1","Seeing Red+1"],"picked":"Feel No Pain+1","floor":46},{"not_picked":["Wild Strike+1","Thunderclap+1"],"picked":"True Grit+1","floor":47},{"not_picked":["Seeing Red+1","Bloodletting+1","Perfected Strike+1"],"picked":"SKIP","floor":48}],"player_experience":308768,"relics_obtained":[{"floor":6.0,"key":"Toxic Egg 2"},{"floor":8.0,"key":"Potion Belt"},{"floor":9.0,"key":"Darkstone Periapt"},{"floor":17.0,"key":"Red Skull"},{"floor":17.0,"key":"Meat on the Bone"},{"floor":17.0,"key":"Torii"},{"floor":23.0,"key":"Paper Frog"},{"floor":25.0,"key":"Champion Belt"},{"floor":26.0,"key":"Mummified Hand"},{"floor":29.0,"key":"Bottled Tornado"},{"floor":40,"key":"Ice Cream"},{"floor":43,"key":"Shuriken"},{"floor":44,"key":"MawBank"},{"floor":46,"key":"Blue Candle"},{"floor":47,"key":"Unceasing Top"}],"event_choices":[{"damage_healed":0.0,"max_hp_gain":5.0,"max_hp_loss":0.0,"gold_gain":0.0,"event_name":"Big Fish","player_choice":"Donut","floor":3.0,"gold_loss":0.0,"damage_taken":0.0},{"damage_healed":0.0,"max_hp_gain":0.0,"max_hp_loss":0.0,"gold_gain":0.0,"event_name":"Upgrade Shrine","player_choice":"Upgraded","floor":5.0,"gold_loss":0.0,"damage_taken":0.0,"cards_upgraded":["Flex"]},{"damage_healed":0.0,"max_hp_gain":0.0,"max_hp_loss":0.0,"gold_gain":0.0,"event_name":"Living Wall","player_choice":"Grow","floor":12.0,"gold_loss":0.0,"damage_taken":0.0,"cards_upgraded":["Wild Strike"]},{"cards_removed":["Strike_R"],"damage_healed":0.0,"max_hp_gain":0.0,"max_hp_loss":0.0,"gold_gain":0.0,"event_name":"The Cleric","player_choice":"Card Removal","floor":13.0,"gold_loss":50.0,"damage_taken":0.0},{"damage_healed":0.0,"max_hp_gain":0.0,"max_hp_loss":0.0,"gold_gain":0.0,"event_name":"Shining Light","player_choice":"Ignored","floor":14.0,"gold_loss":0.0,"damage_taken":0.0},{"damage_healed":0.0,"max_hp_gain":0.0,"max_hp_loss":0.0,"gold_gain":0.0,"cards_transformed":["Strike_R"],"event_name":"Transmorgrifier","player_choice":"Transformed","floor":19.0,"gold_loss":0.0,"damage_taken":0.0,"cards_obtained":["Sever Soul"]},{"damage_healed":0.0,"max_hp_gain":0.0,"max_hp_loss":0.0,"gold_gain":200.0,"event_name":"Wheel of Change","player_choice":"Gold","floor":21.0,"gold_loss":0.0,"damage_taken":0.0},{"damage_healed":0.0,"max_hp_gain":0.0,"max_hp_loss":0.0,"gold_gain":0.0,"event_name":"The Mausoleum","player_choice":"Opened","floor":30.0,"gold_loss":0.0,"damage_taken":0.0,"relics_obtained":["Centennial Puzzle"]},{"cards_removed":["Writhe"],"damage_healed":0.0,"max_hp_gain":0.0,"max_hp_loss":0.0,"gold_gain":0.0,"event_name":"Back to Basics","player_choice":"Elegance","floor":31.0,"gold_loss":0.0,"damage_taken":0.0},{"damage_healed":0.0,"max_hp_gain":0.0,"max_hp_loss":0.0,"gold_gain":0.0,"event_name":"Winding Halls","player_choice":"Embrace Madness","floor":36.0,"gold_loss":0.0,"damage_taken":13.0,"cards_obtained":["Madness","Madness"]},{"damage_healed":0.0,"max_hp_gain":0.0,"max_hp_loss":0.0,"gold_gain":0.0,"event_name":"Upgrade Shrine","player_choice":"Upgraded","floor":37.0,"gold_loss":0.0,"damage_taken":0.0,"cards_upgraded":["Heavy Blade"]},{"damage_healed":0,"gold_gain":0,"player_choice":"Fight","damage_taken":0,"max_hp_gain":0,"max_hp_loss":0,"event_name":"MindBloom","floor":47,"gold_loss":0}],"is_beta":false,"boss_relics":[{"not_picked":["Busted Crown","Pandora\u0027s Box"],"picked":"Calling Bell"},{"not_picked":["Runic Pyramid","Black Star"],"picked":"Black Blood"}],"items_purged_floors":[45],"is_endless":false,"potions_floor_spawned":[6,7,10,23,25,27,35,42,48],"ascension_level":1}