{"gold_per_floor":[11,23,40,40,40,65,65,80,149,3,30,30,30],"floor_reached":13,"playtime":371,"items_purged":[],"score":107,"play_id":"92ecf46c-043f-4ac9-b6bc-49187f68f544","local_time":"20190215181141","is_ascension_mode":true,"campfire_choices":[{"data":"Adrenaline","floor":7,"key":"SMITH"}],"neow_cost":"NO_GOLD","seed_source_timestamp":2035287803896,"circlet_count":0,"master_deck":["Defend_G","Defend_G","Defend_G","Defend_G+1","Defend_G","Strike_G","Strike_G","Strike_G","Strike_G","Strike_G+1","Survivor","Neutralize","Adrenaline+1","Dagger Throw","Leg Sweep","Slice","Terror","Flying Knee","Die Die Die"],"relics":["Ring of the Snake","Incense Burner","Shuriken","PreservedInsect","Pen Nib","Singing Bowl"],"potions_floor_usage":[13],"damage_taken":[{"damage":1,"enemies":"Cultist","floor":1,"turns":3},{"damage":7,"enemies":"Small Slimes","floor":2,"turns":4},{"damage":2,"enemies":"2 Louse","floor":3,"turns":2},{"damage":28,"enemies":"Gremlin Nob","floor":6,"turns":5},{"damage":8,"enemies":"Exordium Wildlife","floor":8,"turns":6},{"damage":22,"enemies":"Lagavulin","floor":11,"turns":6},{"damage":12,"enemies":"Gremlin Nob","floor":13,"turns":2}],"seed_played":"4332124008691018642","potions_obtained":[{"floor":6,"key":"LiquidBronze"},{"floor":8,"key":"Ancient Potion"},{"floor":11,"key":"SteroidPotion"}],"is_trial":false,"path_per_floor":["M","M","M","?","?","E","R","M","T","$","E","?","E"],"character_chosen":"THE_SILENT","items_purchased":["PreservedInsect"],"campfire_rested":0,"item_purchase_floors":[10],"current_hp_per_floor":[69,62,60,46,69,41,41,33,33,33,11,11,0],"gold":30,"neow_bonus":"THREE_RARE_CARDS","is_prod":false,"is_daily":false,"chose_seed":false,"campfire_upgraded":1,"win_rate":0,"timestamp":1550275901,"path_taken":["M","M","M","?","?","E","R","M","T","$","E","?","E"],"build_version":"2019-01-23","purchased_purges":0,"victory":false,"max_hp_per_floor":[70,70,70,70,70,70,70,70,70,70,70,70,70],"card_choices":[{"not_picked":["Venomology","Corpse Explosion"],"picked":"Adrenaline","floor":0},{"not_picked":["Prepared","Deadly Poison"],"picked":"Dagger Throw","floor":1},{"not_picked":["Endless Agony","Acrobatics"],"picked":"Leg Sweep","floor":2},{"not_picked":["Outmaneuver","Prepared"],"picked":"Slice","floor":3},{"not_picked":["Venomology","Underhanded Strike"],"picked":"Terror","floor":6},{"not_picked":["Skewer","Blade Dance"],"picked":"Flying Knee","floor":8},{"not_picked":["Envenom","Heel Hook"],"picked":"Die Die Die","floor":11}],"player_experience":306869,"relics_obtained":[{"floor":6,"key":"Incense Burner"},{"floor":9,"key":"Shuriken"},{"floor":11,"key":"Pen Nib"}],"event_choices":[{"damage_healed":0,"gold_gain":0,"player_choice":"Entered Light","damage_taken":14,"max_hp_gain":0,"max_hp_loss":0,"event_name":"Shining Light","floor":4,"gold_loss":0,"cards_upgraded":["Strike_G","Defend_G"]},{"damage_healed":23,"gold_gain":0,"player_choice":"Banana","damage_taken":0,"max_hp_gain":0,"max_hp_loss":0,"event_name":"Big Fish","floor":5,"gold_loss":0},{"damage_healed":0,"gold_gain":0,"player_choice":"Searched \u00272\u0027 times","damage_taken":0,"relics_obtained":["Singing Bowl"],"max_hp_gain":0,"max_hp_loss":0,"event_name":"Dead Adventurer","floor":12,"gold_loss":0}],"is_beta":false,"boss_relics":[],"items_purged_floors":[],"is_endless":false,"potions_floor_spawned":[6,8,11],"killed_by":"Gremlin Nob","ascension_level":3}