{"path_per_floor":["M","M","?","M","$","E","R","M","T","R","M","E","$","M","R","B",null,"M","?","M","M","$","R","M","M","T","M","$","R","E","M","R"],"character_chosen":"IRONCLAD","items_purchased":["Rampage"],"gold_per_floor":[110,124,124,137,22,54,54,71,71,71,87,120,20,36,36,133,133,146,146,134,146,21,21,33,51,51,65,65,65,95,113,113,113],"floor_reached":33,"campfire_rested":2,"playtime":1496,"current_hp_per_floor":[80,80,73,78,78,64,64,59,59,59,65,64,64,70,70,56,80,80,80,80,78,78,78,75,65,65,43,43,67,59,47,71,0],"items_purged":["Strike_R","Strike_R","Defend_R"],"gold":113,"score":281,"play_id":"37e13bff-579f-435a-a151-401f6a20bb6f","local_time":"20180405093604","is_prod":false,"is_daily":false,"is_ascension_mode":false,"campfire_upgraded":4,"timestamp":1522938964,"path_taken":["M","M","?","M","?","E","R","?","T","R","M","E","$","M","R","BOSS","M","?","M","M","$","R","M","M","T","M","$","R","E","M","R","BOSS"],"build_version":"2018-03-29v2","purchased_purges":3,"victory":false,"master_deck":["Strike_R","Strike_R","Defend_R","Defend_R","Bash","Rampage+1","Armaments+1","Flame Barrier","Metallicize+1","Flex","Shrug It Off","Cleave+1","Bludgeon","Clash+1","True Grit+1","Offering","Flex+1","Inflame"],"max_hp_per_floor":[80,80,80,80,80,80,80,80,80,80,80,80,80,80,80,80,80,80,80,80,80,80,80,80,80,80,80,80,80,80,80,80,80],"relics":["Black Blood","Prayer Wheel","Gremlin Horn","Lantern","Molten Egg 2","Omamori"],"card_choices":[{"not_picked":["Carnage","Body Slam"],"picked":"Armaments","floor":6},{"not_picked":["Hemokinesis","Exhume"],"picked":"Flame Barrier","floor":8},{"not_picked":["Power Through","Body Slam"],"picked":"Metallicize","floor":9},{"not_picked":["Headbutt","Entrench"],"picked":"Flex","floor":11},{"not_picked":["Dropkick","Clash"],"picked":"Shrug It Off","floor":12},{"not_picked":["Armaments","Metallicize"],"picked":"Cleave","floor":14},{"not_picked":["Berserk","Impervious"],"picked":"Bludgeon","floor":16},{"not_picked":["Headbutt","Armaments"],"picked":"Clash","floor":20},{"not_picked":["Rampage","Thunderclap"],"picked":"True Grit","floor":21},{"not_picked":["Perfected Strike","Havoc"],"picked":"Offering","floor":26},{"not_picked":["Pommel Strike","Metallicize"],"picked":"Flex","floor":27},{"not_picked":["Uppercut","Heavy Blade"],"picked":"Inflame","floor":31}],"player_experience":92868,"potions_floor_usage":[12,16,20,24,30,33],"damage_taken":[{"damage":6,"enemies":"Jaw Worm","floor":1,"turns":3},{"damage":4,"enemies":"Small Slimes","floor":2,"turns":5},{"damage":1,"enemies":"Cultist","floor":4,"turns":4},{"damage":20,"enemies":"Gremlin Nob","floor":6,"turns":4},{"damage":11,"enemies":"Lots of Slimes","floor":8,"turns":4},{"damage":0,"enemies":"Red Slaver","floor":11,"turns":7},{"damage":7,"enemies":"3 Sentries","floor":12,"turns":7},{"damage":0,"enemies":"Exordium Thugs","floor":14,"turns":7},{"damage":20,"enemies":"Slime Boss","floor":16,"turns":11},{"damage":0,"enemies":"Shell Parasite","floor":18,"turns":7},{"damage":10,"enemies":"2 Thieves","floor":20,"turns":4},{"damage":12,"enemies":"Snake Plant","floor":21,"turns":4},{"damage":13,"enemies":"Cultist and Chosen","floor":24,"turns":6},{"damage":20,"enemies":"Chosen and Byrds","floor":25,"turns":5},{"damage":32,"enemies":"Snake Plant","floor":27,"turns":5},{"damage":18,"enemies":"Book of Stabbing","floor":30,"turns":6},{"damage":22,"enemies":"Snecko","floor":31,"turns":6},{"damage":80,"enemies":"Champ","floor":33,"turns":12}],"event_choices":[{"event_name":"Golden Wing","player_choice":"Card Removal","floor":3,"damage_taken":0},{"event_name":"The Lab","player_choice":"Got Potions","floor":19,"damage_taken":0}],"boss_relics":[{"not_picked":["Orrery","White Beast Statue"],"picked":"Black Blood"}],"potions_floor_spawned":[2,6,8,11,16,21,24,27],"seed_played":"5614829387838304835","killed_by":"Champ","ascension_level":0,"is_trial":false}