{"gold_per_floor":[112,112,62,82,42,42,42,5,59,59,79,79],"floor_reached":12,"playtime":261,"items_purged":[],"score":66,"play_id":"3a6cdb71-e0e0-4868-a6f1-abac60cca3d6","local_time":"20190411225906","is_ascension_mode":false,"campfire_choices":[{"data":"Capacitor","floor":6,"key":"SMITH"}],"neow_cost":"CURSE","seed_source_timestamp":326856384459067,"circlet_count":0,"master_deck":["Strike_B","Strike_B","Strike_B","Strike_B","Defend_B+1","Defend_B","Defend_B","Defend_B","Zap+1","Dualcast","Echo Form+1","Gash","Chill","Capacitor+1","Defragment","Injury","Darkness"],"relics":["Cracked Core","Vajra","Golden Idol"],"potions_floor_usage":[],"damage_taken":[{"damage":21,"enemies":"Cultist","floor":1,"turns":4},{"damage":15,"enemies":"Small Slimes","floor":4,"turns":3},{"damage":8,"enemies":"Jaw Worm","floor":11,"turns":4},{"damage":18,"enemies":"Lagavulin","floor":12,"turns":2}],"seed_played":"-3599090209906156387","potions_obtained":[{"floor":11,"key":"LiquidBronze"}],"is_trial":false,"path_per_floor":["M","?","?","M","$","R","?","$","T","?","M","E"],"character_chosen":"DEFECT","items_purchased":["Capacitor","Defragment"],"campfire_rested":0,"item_purchase_floors":[5,8],"current_hp_per_floor":[54,39,39,24,24,24,24,24,24,24,16,0],"gold":79,"neow_bonus":"THREE_RARE_CARDS","is_prod":false,"is_daily":false,"chose_seed":false,"campfire_upgraded":1,"win_rate":0.0,"timestamp":1555041546,"path_taken":["M","?","?","M","$","R","?","?","T","?","M","E"],"build_version":"2019-01-23","purchased_purges":0,"victory":false,"max_hp_per_floor":[75,75,75,75,75,75,75,75,75,75,75,75],"card_choices":[{"not_picked":["Reboot","Biased Cognition"],"picked":"Echo Form","floor":0},{"not_picked":["Consume","Recycle"],"picked":"Gash","floor":1},{"not_picked":["Static Discharge","Stack"],"picked":"Chill","floor":4},{"not_picked":["Sweeping Beam","Skim"],"picked":"Darkness","floor":11}],"player_experience":27608,"relics_obtained":[{"floor":9,"key":"Vajra"}],"event_choices":[{"damage_healed":0,"gold_gain":0,"player_choice":"Entered Light","damage_taken":15,"max_hp_gain":0,"max_hp_loss":0,"event_name":"Shining Light","floor":2,"gold_loss":0,"cards_upgraded":["Echo Form","Defend_B"]},{"cards_removed":["Pain"],"damage_healed":0,"gold_gain":0,"player_choice":"Card Removal","damage_taken":0,"max_hp_gain":0,"max_hp_loss":0,"event_name":"The Cleric","floor":3,"gold_loss":50},{"damage_healed":0,"gold_gain":0,"player_choice":"Grow","damage_taken":0,"max_hp_gain":0,"max_hp_loss":0,"event_name":"Living Wall","floor":7,"gold_loss":0,"cards_upgraded":["Zap"]},{"damage_healed":0,"gold_gain":0,"player_choice":"Take Wound","damage_taken":0,"relics_obtained":["Golden Idol"],"max_hp_gain":0,"max_hp_loss":0,"event_name":"Golden Idol","floor":10,"gold_loss":0,"cards_obtained":["Injury"]}],"is_beta":false,"boss_relics":[],"items_purged_floors":[],"is_endless":false,"potions_floor_spawned":[11],"killed_by":"Lagavulin","ascension_level":0}