{"path_per_floor":["M","M","M","M","M","R","?","R","T","E","R","M","M","M","R","B",null,"M","?","M","M","M"],"character_chosen":"IRONCLAD","items_purchased":[],"gold_per_floor":[113,129,148,162,177,177,177,177,223,255,255,273,287,306,306,404,404,416,416,435,452,464,464],"floor_reached":23,"campfire_rested":2,"playtime":1056,"current_hp_per_floor":[70,65,59,56,51,75,75,75,75,69,69,66,53,45,69,27,80,80,80,60,30,23,0],"items_purged":[],"gold":464,"score":199,"play_id":"d6acbb71-7722-466e-bada-66f64f4f6ffc","local_time":"20180404191733","is_prod":false,"is_daily":false,"is_ascension_mode":false,"campfire_upgraded":2,"timestamp":1522887453,"path_taken":["M","M","M","M","M","R","?","R","T","E","R","M","?","M","R","BOSS","M","?","?","M","M","E"],"build_version":"2018-03-29v2","purchased_purges":0,"victory":false,"master_deck":["Strike_R","Strike_R","Strike_R+1","Strike_R","Strike_R","Defend_R","Defend_R","Defend_R","Defend_R","Bash","Corruption","Shrug It Off","Fiend Fire+1","Disarm","Pommel Strike+1","Writhe","Bash","Flame Barrier+1","Limit Break","Demon Form","Shrug It Off","Flame Barrier+1","Impervious","Shrug It Off"],"max_hp_per_floor":[80,80,80,80,80,80,80,80,80,80,80,80,80,80,80,80,80,80,80,80,80,80,80],"relics":["Runic Cube","Oddly Smooth Stone","Whetstone","Black Star"],"card_choices":[{"not_picked":["Shrug It Off","Rampage"],"picked":"Corruption","floor":1.0},{"not_picked":["Headbutt","Clothesline"],"picked":"Shrug It Off","floor":2.0},{"not_picked":["Bloodletting","Sever Soul"],"picked":"Fiend Fire","floor":3.0},{"not_picked":["Reckless Charge","True Grit"],"picked":"Disarm","floor":4.0},{"not_picked":["Heavy Blade","Body Slam"],"picked":"Pommel Strike","floor":5.0},{"not_picked":["Rage","Carnage"],"picked":"Flame Barrier","floor":10.0},{"not_picked":["Sword Boomerang","Armaments"],"picked":"Limit Break","floor":14.0},{"not_picked":["Impervious","Bludgeon"],"picked":"Demon Form","floor":16.0},{"not_picked":["Wild Strike","Body Slam"],"picked":"Shrug It Off","floor":18},{"not_picked":["Wild Strike","True Grit"],"picked":"Impervious","floor":20},{"not_picked":["Sword Boomerang","Combust"],"picked":"Shrug It Off","floor":22}],"player_experience":84890,"potions_floor_usage":[21],"damage_taken":[{"damage":10.0,"enemies":"Jaw Worm","floor":1.0,"turns":4.0},{"damage":5.0,"enemies":"Cultist","floor":2.0,"turns":5.0},{"damage":6.0,"enemies":"2 Louse","floor":3.0,"turns":4.0},{"damage":3.0,"enemies":"Red Slaver","floor":4.0,"turns":3.0},{"damage":5.0,"enemies":"Blue Slaver","floor":5.0,"turns":5.0},{"damage":6.0,"enemies":"Gremlin Nob","floor":10.0,"turns":3.0},{"damage":3.0,"enemies":"Gremlin Gang","floor":12.0,"turns":5.0},{"damage":13.0,"enemies":"Red Slaver","floor":13.0,"turns":5.0},{"damage":8.0,"enemies":"Lots of Slimes","floor":14.0,"turns":5.0},{"damage":55.0,"enemies":"Slime Boss","floor":16.0,"turns":15.0},{"damage":0,"enemies":"Chosen","floor":18,"turns":2},{"damage":20,"enemies":"Spheric Guardian","floor":20,"turns":8},{"damage":30,"enemies":"3 Cultists","floor":21,"turns":7},{"damage":7,"enemies":"Snecko","floor":22,"turns":5},{"damage":24,"enemies":"Gremlin Leader","floor":23,"turns":2}],"event_choices":[{"event_name":"Match and Keep!","player_choice":"2 cards matched","floor":7.0,"damage_taken":0.0},{"event_name":"Duplicator","player_choice":"One dupe","floor":19,"damage_taken":0}],"boss_relics":[{"not_picked":["Snecko Eye","Runic Pyramid"],"picked":"Black Star"}],"potions_floor_spawned":[2,4,10,14,20],"seed_played":"-7079297615042380660","killed_by":"Gremlin Leader","ascension_level":0,"is_trial":false}