{"gold_per_floor":[114,134,149,165,165,195,195,84,140,40,40],"floor_reached":11,"playtime":630,"items_purged":["Strike_B","Strike_B"],"score":80,"play_id":"b998609e-7655-437f-956a-8301e9626993","local_time":"20190919033754","is_ascension_mode":true,"campfire_choices":[{"data":"Skim","floor":7,"key":"SMITH"}],"neow_cost":"TEN_PERCENT_HP_LOSS","seed_source_timestamp":885085157657005,"circlet_count":0,"master_deck":["Strike_B","Strike_B","Defend_B","Defend_B+1","Defend_B","Defend_B","Zap","Dualcast","Go for the Eyes","Gash","Beam Cell+1","Skim+1","Skim"],"special_seed":0,"relics":["Cracked Core","Calipers","Potion Belt","Tiny Chest"],"potions_floor_usage":[],"damage_taken":[{"damage":10.0,"enemies":"Small Slimes","floor":1.0,"turns":4.0},{"damage":0.0,"enemies":"2 Louse","floor":2.0,"turns":1.0},{"damage":7.0,"enemies":"Jaw Worm","floor":3.0,"turns":2.0},{"damage":7.0,"enemies":"Exordium Thugs","floor":4.0,"turns":4.0},{"damage":19,"enemies":"Gremlin Nob","floor":6,"turns":4}],"seed_played":"-5572003509537043641","potions_obtained":[{"floor":1.0,"key":"SteroidPotion"},{"floor":3.0,"key":"Dexterity Potion"},{"floor":6,"key":"Swift Potion"}],"is_trial":false,"path_per_floor":["M","M","M","M","?","E","R","$","T","$","?"],"character_chosen":"DEFECT","items_purchased":["Skim"],"campfire_rested":0,"item_purchase_floors":[8],"current_hp_per_floor":[58,58,51,44,30,11,11,11,11,11,11],"gold":40,"neow_bonus":"ONE_RARE_RELIC","is_prod":false,"is_daily":false,"chose_seed":false,"campfire_upgraded":1,"win_rate":0,"timestamp":1568878674,"path_taken":["M","M","M","M","?","E","R","$","T","$","?"],"build_version":"2019-07-17","purchased_purges":2,"victory":false,"max_hp_per_floor":[68,68,68,68,68,68,68,68,68,68,68],"card_choices":[{"not_picked":["Rebound","Sunder"],"picked":"Go for the Eyes","floor":1.0},{"not_picked":["Ball Lightning","Cold Snap"],"picked":"Gash","floor":2.0},{"not_picked":["Coolheaded","Hello World"],"picked":"Beam Cell","floor":3.0},{"not_picked":["Static Discharge","Lockon"],"picked":"Skim","floor":4.0},{"not_picked":["Thunder Strike","Doom and Gloom","Go for the Eyes"],"picked":"SKIP","floor":6}],"player_experience":238319,"relics_obtained":[{"floor":6,"key":"Potion Belt"},{"floor":9,"key":"Tiny Chest"}],"event_choices":[{"damage_healed":0.0,"max_hp_gain":0.0,"max_hp_loss":0.0,"gold_gain":0.0,"event_name":"Shining Light","player_choice":"Entered Light","floor":5.0,"gold_loss":0.0,"damage_taken":14.0,"cards_upgraded":["Beam Cell","Defend_B"]}],"is_beta":false,"boss_relics":[],"items_purged_floors":[8,10],"is_endless":false,"potions_floor_spawned":[1,3,6],"ascension_level":2}