{"gold_per_floor":[112,123,140,151,151,179,192,192,192,192,192,192,211,211,211,334,334,312,327,327,6,6,6,26,66,66,66,106,106,205,218,218,339,339,359,359,359,359,374,374],"floor_reached":40,"playtime":2260,"items_purged":["Regret"],"score":488,"play_id":"7f9e6815-2375-450a-a117-8b1b0c8a99f0","local_time":"20190213201437","is_ascension_mode":true,"campfire_choices":[{"floor":8.0,"key":"REST"},{"floor":10.0,"key":"REST"},{"floor":15.0,"key":"REST"},{"floor":23.0,"key":"RECALL"},{"floor":27.0,"key":"REST"},{"data":"Noxious Fumes","floor":32.0,"key":"SMITH"}],"neow_cost":"NONE","seed_source_timestamp":0,"circlet_count":0,"master_deck":["Defend_G","Defend_G","Defend_G","Defend_G","Defend_G","Strike_G","Strike_G","Strike_G+1","Strike_G","Survivor","Neutralize","Backstab","Flying Knee","Sucker Punch","Noxious Fumes+1","Unload","Well Laid Plans","Footwork+1","After Image","Dagger Throw","Dodge and Roll","Tools of the Trade","Clumsy","Doubt","Masterful Stab","Slice","Footwork","Unload","Caltrops","Backstab","Phantasmal Killer","Cloak And Dagger+1","Apotheosis","Caltrops"],"special_seed":0,"relics":["Ring of the Serpent","Dream Catcher","Potion Belt","Unceasing Top","Golden Idol","Calling Bell","Centennial Puzzle","Kunai","Tingsha","Ninja Scroll","WingedGreaves","Thread and Needle","Mummified Hand"],"potions_floor_usage":[40,40],"damage_taken":[{"damage":1.0,"enemies":"2 Louse","floor":1.0,"turns":3.0},{"damage":0.0,"enemies":"Cultist","floor":2.0,"turns":3.0},{"damage":0.0,"enemies":"Small Slimes","floor":3.0,"turns":2.0},{"damage":18.0,"enemies":"Exordium Wildlife","floor":4.0,"turns":6.0},{"damage":48.0,"enemies":"Gremlin Nob","floor":6.0,"turns":6.0},{"damage":1.0,"enemies":"Looter","floor":7.0,"turns":2.0},{"damage":1.0,"enemies":"2 Fungi Beasts","floor":13.0,"turns":3.0},{"damage":18.0,"enemies":"The Guardian","floor":16.0,"turns":12.0},{"damage":22.0,"enemies":"2 Thieves","floor":18.0,"turns":5.0},{"damage":5.0,"enemies":"Shell Parasite","floor":19.0,"turns":8.0},{"damage":12.0,"enemies":"Snake Plant","floor":24.0,"turns":6.0},{"damage":12.0,"enemies":"Book of Stabbing","floor":25.0,"turns":8.0},{"damage":14.0,"enemies":"Gremlin Leader","floor":28.0,"turns":9.0},{"damage":6.0,"enemies":"Shelled Parasite and Fungi","floor":31.0,"turns":5.0},{"damage":14.0,"enemies":"Automaton","floor":33.0,"turns":11.0},{"damage":15.0,"enemies":"3 Darklings","floor":35.0,"turns":5.0},{"damage":5,"enemies":"3 Shapes","floor":39,"turns":4},{"damage":53,"enemies":"Reptomancer","floor":40,"turns":4}],"seed_played":"-2165848252457431611","potions_obtained":[{"floor":1.0,"key":"Energy Potion"},{"floor":4.0,"key":"EssenceOfSteel"},{"floor":13.0,"key":"GamblersBrew"},{"floor":16.0,"key":"SkillPotion"},{"floor":19.0,"key":"GamblersBrew"},{"floor":25.0,"key":"SkillPotion"},{"floor":33.0,"key":"Block Potion"},{"floor":35,"key":"Swift Potion"}],"is_trial":false,"path_per_floor":["M","M","M","M","?","E","M","R","T","R","?","?","M","?","R","B",null,"M","M","?","$","?","R","M","E","T","R","E","?","?","M","R","B",null,"M","?","?","?","M","E"],"character_chosen":"THE_SILENT","items_purchased":["Ninja Scroll"],"campfire_rested":4,"item_purchase_floors":[21],"current_hp_per_floor":[69,69,69,51,51,3,2,23,23,44,44,37,36,22,43,25,70,48,43,43,43,43,43,31,19,19,40,26,49,49,43,43,29,70,55,55,55,55,50,0],"gold":374,"neow_bonus":"RANDOM_COMMON_RELIC","is_prod":false,"is_daily":false,"chose_seed":false,"campfire_upgraded":1,"win_rate":0,"timestamp":1550110477,"path_taken":["M","M","M","M","?","E","?","R","T","R","?","?","M","?","R","BOSS","M","M","?","$","?","R","M","E","T","R","E","?","?","M","R","BOSS","M","?","?","?","?","E"],"build_version":"2019-01-23","purchased_purges":1,"victory":false,"max_hp_per_floor":[70,70,70,70,70,70,70,70,70,70,70,70,70,70,70,70,70,70,70,70,70,70,70,70,70,70,70,70,70,70,70,70,70,70,70,70,70,70,70,70],"card_choices":[{"not_picked":["Dagger Throw","Poisoned Stab"],"picked":"Backstab","floor":1.0},{"not_picked":["Dodge and Roll","Quick Slash"],"picked":"Flying Knee","floor":2.0},{"not_picked":["PiercingWail","Dagger Spray"],"picked":"Sucker Punch","floor":3.0},{"not_picked":["Leg Sweep","Riddle With Holes"],"picked":"Noxious Fumes","floor":4.0},{"not_picked":["Concentrate","Accuracy"],"picked":"Unload","floor":6.0},{"not_picked":["Distraction","Underhanded Strike"],"picked":"Well Laid Plans","floor":7.0},{"not_picked":["Quick Slash","Sucker Punch"],"picked":"Footwork","floor":8.0},{"not_picked":["Bane","Prepared"],"picked":"After Image","floor":10.0},{"not_picked":["Cloak And Dagger","Expertise"],"picked":"Dagger Throw","floor":13.0},{"not_picked":["Flechettes","All Out Attack"],"picked":"Dodge and Roll","floor":15.0},{"not_picked":["Venomology","Storm of Steel"],"picked":"Tools of the Trade","floor":16.0},{"not_picked":["Blur","Dash+1"],"picked":"Masterful Stab","floor":18.0},{"not_picked":["Predator","Expertise+1"],"picked":"Slice","floor":19.0},{"not_picked":["Cloak And Dagger","Finisher"],"picked":"Footwork","floor":24.0},{"not_picked":["PiercingWail","Catalyst"],"picked":"Unload","floor":25.0},{"not_picked":["Sucker Punch","Prepared+1"],"picked":"Caltrops","floor":27.0},{"not_picked":["Deadly Poison+1","Sucker Punch","Eviscerate"],"picked":"SKIP","floor":28.0},{"not_picked":["Deflect","Dodge and Roll"],"picked":"Backstab","floor":31.0},{"not_picked":["Burst","Storm of Steel"],"picked":"Phantasmal Killer","floor":33.0},{"not_picked":["Deadly Poison+1","Distraction+1"],"picked":"Cloak And Dagger+1","floor":35},{"not_picked":["Jack Of All Trades","Flash of Steel"],"picked":"Apotheosis","floor":37},{"not_picked":["Prepared+1","Expertise","Dash"],"picked":"SKIP","floor":39}],"player_experience":297041,"relics_obtained":[{"floor":6.0,"key":"Potion Belt"},{"floor":9.0,"key":"Unceasing Top"},{"floor":17.0,"key":"Centennial Puzzle"},{"floor":17.0,"key":"Kunai"},{"floor":17.0,"key":"Tingsha"},{"floor":25.0,"key":"WingedGreaves"},{"floor":26.0,"key":"Thread and Needle"},{"floor":28.0,"key":"Mummified Hand"}],"event_choices":[{"cards_removed":["Strike_G"],"damage_healed":0.0,"max_hp_gain":0.0,"max_hp_loss":0.0,"gold_gain":0.0,"event_name":"Bonfire Elementals","player_choice":"Offered Basic","floor":5.0,"gold_loss":0.0,"damage_taken":0.0},{"damage_healed":0.0,"max_hp_gain":0.0,"max_hp_loss":0.0,"gold_gain":0.0,"event_name":"Golden Idol","player_choice":"Take Wound","floor":11.0,"gold_loss":0.0,"damage_taken":0.0,"relics_obtained":["Golden Idol"],"cards_obtained":["Injury"]},{"cards_removed":["Injury"],"damage_healed":0.0,"max_hp_gain":0.0,"max_hp_loss":0.0,"gold_gain":0.0,"event_name":"Golden Wing","player_choice":"Card Removal","floor":12.0,"gold_loss":0.0,"damage_taken":7.0},{"damage_healed":0.0,"max_hp_gain":0.0,"max_hp_loss":0.0,"gold_gain":0.0,"event_name":"Shining Light","player_choice":"Entered Light","floor":14.0,"gold_loss":0.0,"damage_taken":14.0,"cards_upgraded":["Strike_G","Footwork"]},{"damage_healed":0.0,"max_hp_gain":0.0,"max_hp_loss":0.0,"gold_gain":0.0,"event_name":"Beggar","player_choice":"Ignored","floor":20.0,"gold_loss":0.0,"damage_taken":0.0},{"damage_healed":0.0,"max_hp_gain":0.0,"max_hp_loss":0.0,"gold_gain":0.0,"event_name":"Ghosts","player_choice":"Ignored","floor":22.0,"gold_loss":0.0,"damage_taken":0.0},{"damage_healed":23.0,"max_hp_gain":0.0,"max_hp_loss":0.0,"gold_gain":0.0,"event_name":"The Library","player_choice":"Heal","floor":29.0,"gold_loss":0.0,"damage_taken":0.0},{"damage_healed":0.0,"max_hp_gain":0.0,"max_hp_loss":0.0,"gold_gain":99.0,"event_name":"Nest","player_choice":"Stole From Cult","floor":30.0,"gold_loss":0.0,"damage_taken":0.0},{"damage_healed":0,"gold_gain":0,"player_choice":"Ignored","damage_taken":0,"max_hp_gain":0,"max_hp_loss":0,"event_name":"Tomb of Lord Red Mask","floor":36,"gold_loss":0},{"damage_healed":0,"gold_gain":0,"player_choice":"Memory 1","damage_taken":0,"max_hp_gain":0,"max_hp_loss":0,"event_name":"SensoryStone","floor":37,"gold_loss":0},{"damage_healed":0,"gold_gain":0,"player_choice":"Copied","damage_taken":0,"max_hp_gain":0,"max_hp_loss":0,"event_name":"Duplicator","floor":38,"gold_loss":0,"cards_obtained":["Caltrops"]}],"is_beta":false,"boss_relics":[{"not_picked":["Astrolabe","Snecko Eye"],"picked":"Calling Bell"},{"not_picked":["Lizard Tail","Tiny House"],"picked":"Ring of the Serpent"}],"items_purged_floors":[21],"is_endless":false,"potions_floor_spawned":[1,4,13,16,19,25,33,35],"killed_by":"Reptomancer","ascension_level":3}