{"gold_per_floor":[114,129,81,81,81,81,96,96,121,97,99,124,139,70,70,170,170,185,185,185,200,50,50,50,50,50,50,50,0,0,15,15,15],"floor_reached":33,"playtime":1215,"items_purged":["Pain"],"score":229,"play_id":"67ada4c4-ec09-483e-851e-822149e773a0","local_time":"20181213011511","daily_mods":["Shiny","Flight","Night Terrors"],"is_ascension_mode":false,"campfire_choices":[{"data":"Limit Break","floor":6.0,"key":"SMITH"},{"floor":8.0,"key":"REST"},{"data":"Heavy Blade","floor":15.0,"key":"SMITH"},{"floor":23,"key":"REST"},{"floor":25,"key":"REST"},{"floor":30,"key":"REST"},{"floor":32,"key":"REST"}],"neow_cost":"","seed_source_timestamp":0,"circlet_count":0,"master_deck":["Double Tap","Demon Form","Bludgeon","Feed","Limit Break+1","Barricade","Fiend Fire","Dark Embrace","Berserk","Impervious","Juggernaut","Brutality","Reaper","Exhume","Offering","Immolate","Clothesline","Flex","Shrug It Off","Shockwave","Shrug It Off","Armaments","Heavy Blade+1","Disarm","Heavy Blade"],"special_seed":17856,"relics":["Burning Blood","Gremlin Horn","Bronze Scales","Odd Mushroom","Smiling Mask","Lizard Tail","WarpedTongs","Lantern","Blood Vial"],"potions_floor_usage":[],"damage_taken":[{"damage":6.0,"enemies":"Cultist","floor":1.0,"turns":1.0},{"damage":6.0,"enemies":"Small Slimes","floor":2.0,"turns":1.0},{"damage":14.0,"enemies":"Jaw Worm","floor":7.0,"turns":4.0},{"damage":24.0,"enemies":"The Mushroom Lair","floor":11.0,"turns":2.0},{"damage":17.0,"enemies":"Exordium Wildlife","floor":13.0,"turns":3.0},{"damage":54.0,"enemies":"Slime Boss","floor":16.0,"turns":8.0},{"damage":60.0,"enemies":"Shell Parasite","floor":18.0,"turns":5.0},{"damage":26,"enemies":"3 Byrds","floor":21,"turns":5},{"damage":43,"enemies":"Colosseum Slavers","floor":27,"turns":4},{"damage":38,"enemies":"3 Cultists","floor":31,"turns":5},{"damage":145,"enemies":"Automaton","floor":33,"turns":8}],"seed_played":"5157453857479764110","potions_obtained":[{"floor":1.0,"key":"AttackPotion"},{"floor":7.0,"key":"GamblersBrew"},{"floor":21,"key":"Weak Potion"},{"floor":31,"key":"Block Potion"}],"is_trial":false,"path_per_floor":["M","M","$","?","?","R","M","R","T","$","?","T","M","$","R","B",null,"M","?","?","M","$","R","?","R","T","?","?","$","R","M","R","B"],"character_chosen":"IRONCLAD","items_purchased":["Shrug It Off","Shrug It Off","Disarm","Lantern"],"campfire_rested":5,"item_purchase_floors":[3,10,14,22],"current_hp_per_floor":[80,80,80,80,62,62,54,75,75,75,60,60,52,52,52,13,81,27,27,27,10,10,79,79,74,74,40,26,26,77,45,72,0],"gold":15,"neow_bonus":"","is_prod":false,"is_daily":true,"chose_seed":false,"campfire_upgraded":2,"win_rate":0,"timestamp":1544685311,"path_taken":["M","?","$","?","?","R","M","R","T","?","?","?","M","$","R","BOSS","M","?","?","?","$","R","?","R","T","?","?","?","R","?","R","BOSS"],"build_version":"2018-12-06","purchased_purges":1,"victory":false,"max_hp_per_floor":[80,80,80,80,80,80,80,75,75,75,78,78,78,78,78,81,81,81,81,81,84,84,79,79,74,74,77,82,82,77,77,72,72],"card_choices":[{"not_picked":["Feel No Pain","Havoc"],"picked":"Clothesline","floor":1.0},{"not_picked":["Rampage","Intimidate"],"picked":"Flex","floor":2.0},{"not_picked":["Sword Boomerang","Power Through"],"picked":"Shockwave","floor":7.0},{"not_picked":["Reckless Charge","Rupture"],"picked":"Armaments","floor":11.0},{"not_picked":["Sever Soul","Armaments"],"picked":"Heavy Blade","floor":13.0},{"not_picked":["Offering","Feed"],"picked":"Impervious","floor":16.0},{"not_picked":["Intimidate+1","Rupture+1"],"picked":"Heavy Blade","floor":18.0},{"not_picked":["True Grit","Hemokinesis+1","Sever Soul"],"picked":"SKIP","floor":21},{"not_picked":["Feel No Pain+1","Anger","Warcry"],"picked":"SKIP","floor":31}],"player_experience":22345,"relics_obtained":[{"floor":9.0,"key":"Bronze Scales"},{"floor":11.0,"key":"Odd Mushroom"},{"floor":12.0,"key":"Smiling Mask"},{"floor":26,"key":"Blood Vial"}],"event_choices":[{"damage_healed":0.0,"max_hp_gain":0.0,"max_hp_loss":0.0,"gold_gain":0.0,"event_name":"The Cleric","player_choice":"Leave","floor":4.0,"gold_loss":0.0,"damage_taken":0.0},{"damage_healed":0.0,"max_hp_gain":0.0,"max_hp_loss":0.0,"gold_gain":0.0,"event_name":"Scrap Ooze","player_choice":"Success","floor":5.0,"gold_loss":0.0,"damage_taken":18.0,"relics_obtained":["Gremlin Horn"]},{"damage_healed":0.0,"max_hp_gain":0.0,"max_hp_loss":0.0,"gold_gain":0.0,"event_name":"Mushrooms","player_choice":"Fought Mushrooms","floor":11.0,"gold_loss":0.0,"damage_taken":0.0},{"damage_healed":0.0,"max_hp_gain":0.0,"max_hp_loss":0.0,"gold_gain":0.0,"event_name":"Ghosts","player_choice":"Ignored","floor":19.0,"gold_loss":0.0,"damage_taken":0.0},{"damage_healed":0.0,"max_hp_gain":0.0,"max_hp_loss":0.0,"gold_gain":0.0,"event_name":"Accursed Blacksmith","player_choice":"Rummage","floor":20.0,"gold_loss":0.0,"damage_taken":0.0,"relics_obtained":["WarpedTongs"],"cards_obtained":["Pain"]},{"cards_removed":["Impervious"],"damage_healed":0,"gold_gain":0,"player_choice":"Elegance","damage_taken":0,"max_hp_gain":0,"max_hp_loss":0,"event_name":"Back to Basics","floor":24,"gold_loss":0},{"damage_healed":0,"gold_gain":0,"player_choice":"Fight","damage_taken":0,"max_hp_gain":0,"max_hp_loss":0,"event_name":"Colosseum","floor":27,"gold_loss":0},{"damage_healed":0,"gold_gain":0,"player_choice":"Fled From Nobs","damage_taken":0,"max_hp_gain":0,"max_hp_loss":0,"event_name":"Colosseum","floor":27,"gold_loss":0},{"damage_healed":0,"gold_gain":0,"player_choice":"Shed Blood","damage_taken":19,"max_hp_gain":5,"max_hp_loss":0,"event_name":"Forgotten Altar","floor":28,"gold_loss":0}],"is_beta":false,"boss_relics":[{"not_picked":["Empty Cage","Fusion Hammer"],"picked":"Lizard Tail"}],"items_purged_floors":[29],"is_endless":false,"potions_floor_spawned":[1,7,21,31],"killed_by":"Automaton","ascension_level":0}