{"gold_per_floor":[111,111,130,141,141,141,168,168,168,185,185,201,230,230,230,328,328,341,355,375,387,387,387],"floor_reached":23,"playtime":945,"items_purged":[],"score":248,"play_id":"2e378537-711b-4855-8650-90f70917150d","local_time":"20190420042633","is_ascension_mode":true,"campfire_choices":[{"data":"Bash","floor":6,"key":"SMITH"},{"data":"Mind Blast","floor":8,"key":"SMITH"},{"floor":15,"key":"REST"}],"neow_cost":"NONE","seed_source_timestamp":270604230400138,"circlet_count":0,"master_deck":["Strike_R","Strike_R","Strike_R","Strike_R","Strike_R","Defend_R","Defend_R","Defend_R","Defend_R","Bash+1","Headbutt","Mind Blast+1","Sword Boomerang","Twin Strike","Dual Wield","Iron Wave","Flex","Pain","Dropkick","Dropkick","Barricade","True Grit+1"],"relics":["Burning Blood","NeowsBlessing","Mango","Ice Cream","WarpedTongs","Pen Nib","FaceOfCleric","Busted Crown","Dream Catcher"],"potions_floor_usage":[16,16,23],"damage_taken":[{"damage":0,"enemies":"2 Louse","floor":1,"turns":1},{"damage":0,"enemies":"Cultist","floor":3,"turns":1},{"damage":0,"enemies":"Small Slimes","floor":4,"turns":1},{"damage":48,"enemies":"3 Sentries","floor":7,"turns":8},{"damage":8,"enemies":"Red Slaver","floor":10,"turns":3},{"damage":2,"enemies":"3 Louse","floor":12,"turns":3},{"damage":33,"enemies":"Lagavulin","floor":13,"turns":4},{"damage":44,"enemies":"The Guardian","floor":16,"turns":12},{"damage":9,"enemies":"3 Byrds","floor":18,"turns":7},{"damage":8,"enemies":"Spheric Guardian","floor":19,"turns":3},{"damage":47,"enemies":"Snecko","floor":20,"turns":5},{"damage":43,"enemies":"Centurion and Healer","floor":21,"turns":6},{"damage":24,"enemies":"Book of Stabbing","floor":23,"turns":3}],"seed_played":"4676633504971259538","potions_obtained":[{"floor":3,"key":"Dexterity Potion"},{"floor":10,"key":"EssenceOfSteel"},{"floor":12,"key":"Swift Potion"},{"floor":16,"key":"GamblersBrew"},{"floor":20,"key":"Explosive Potion"}],"is_trial":false,"path_per_floor":["M","?","M","M","$","R","E","R","T","M","?","M","E","?","R","B",null,"M","M","M","M","?","E"],"character_chosen":"IRONCLAD","items_purchased":[],"campfire_rested":1,"item_purchase_floors":[],"current_hp_per_floor":[80,80,80,80,80,80,52,52,52,50,50,54,27,27,55,18,95,93,92,52,16,16,0],"gold":387,"neow_bonus":"THREE_ENEMY_KILL","is_prod":false,"is_daily":false,"chose_seed":false,"campfire_upgraded":2,"win_rate":0,"timestamp":1555752393,"path_taken":["M","?","M","?","$","R","E","R","T","?","?","?","E","?","R","BOSS","M","M","?","M","?","E"],"build_version":"2019-01-23","purchased_purges":0,"victory":false,"max_hp_per_floor":[80,80,80,80,80,80,94,94,94,94,94,94,94,94,94,95,95,96,97,98,99,99,99],"card_choices":[{"not_picked":["Fire Breathing","Thunderclap"],"picked":"Headbutt","floor":1},{"not_picked":["Perfected Strike","True Grit"],"picked":"Twin Strike","floor":3},{"not_picked":["True Grit","Corruption"],"picked":"Dual Wield","floor":4},{"not_picked":["Body Slam","Dark Embrace"],"picked":"Iron Wave","floor":7},{"not_picked":["Combust","Pommel Strike"],"picked":"Flex","floor":10},{"not_picked":["Fire Breathing","Clash"],"picked":"Dropkick","floor":12},{"not_picked":["Ghostly Armor","Bloodletting"],"picked":"Dropkick","floor":13},{"not_picked":["Limit Break","Offering"],"picked":"Barricade","floor":16},{"not_picked":[],"picked":"True Grit+1","floor":18},{"not_picked":["Feel No Pain"],"picked":"SKIP","floor":19},{"not_picked":["Hemokinesis"],"picked":"SKIP","floor":20},{"not_picked":["Clash"],"picked":"SKIP","floor":21}],"player_experience":67077,"relics_obtained":[{"floor":7,"key":"Mango"},{"floor":9,"key":"Ice Cream"},{"floor":13,"key":"Pen Nib"}],"event_choices":[{"damage_healed":0,"gold_gain":0,"player_choice":"2 cards matched","damage_taken":0,"max_hp_gain":0,"max_hp_loss":0,"event_name":"Match and Keep!","floor":2,"gold_loss":0,"cards_obtained":["Mind Blast","Sword Boomerang"]},{"damage_healed":0,"gold_gain":0,"player_choice":"Rummage","damage_taken":0,"relics_obtained":["WarpedTongs"],"max_hp_gain":0,"max_hp_loss":0,"event_name":"Accursed Blacksmith","floor":11,"gold_loss":0,"cards_obtained":["Pain"]},{"damage_healed":0,"gold_gain":0,"player_choice":"Trade","damage_taken":0,"relics_obtained":["FaceOfCleric"],"max_hp_gain":0,"max_hp_loss":0,"event_name":"FaceTrader","floor":14,"gold_loss":0},{"damage_healed":0,"gold_gain":0,"player_choice":"Opened","damage_taken":0,"relics_obtained":["Dream Catcher"],"max_hp_gain":0,"max_hp_loss":0,"event_name":"The Mausoleum","floor":22,"gold_loss":0}],"is_beta":false,"boss_relics":[{"not_picked":["Coffee Dripper","Lizard Tail"],"picked":"Busted Crown"}],"items_purged_floors":[],"is_endless":false,"potions_floor_spawned":[3,10,12,16,20],"killed_by":"Book of Stabbing","ascension_level":2}