{"gold_per_floor":[117,117,17,37,49,81,81,156,208,133,28,28,47,47,47,123,123,133,151,151,151,165,165,182,182,182,197,197,211,211,211],"floor_reached":31,"playtime":2163,"items_purged":["Defend_B"],"score":494,"play_id":"74c4e2d1-7bbc-47c5-9eb8-5b88c881b171","local_time":"20190904204303","is_ascension_mode":true,"campfire_choices":[{"data":"Defragment","floor":7.0,"key":"SMITH"},{"data":"Streamline","floor":12.0,"key":"SMITH"},{"floor":15.0,"key":"REST"},{"floor":23.0,"key":"REST"},{"data":"Streamline","floor":25.0,"key":"SMITH"},{"floor":30.0,"key":"REST"}],"neow_cost":"NONE","seed_source_timestamp":17391924518966,"circlet_count":0,"master_deck":["AscendersBane","Strike_B","Strike_B","Defend_B","Zap","Dualcast","Defragment+1","Genetic Algorithm","Cold Snap","Coolheaded","Consume","Reinforced Body","Streamline+1","Conserve Battery","Ball Lightning","Machine Learning","Streamline+1","Writhe","Shame","Shame","Tempest","Steam","Machine Learning","Glacier"],"special_seed":0,"relics":["Sozu","DataDisk","Orichalcum","Cursed Key","Blue Candle","Potion Belt","Kunai"],"potions_floor_usage":[],"damage_taken":[{"damage":2.0,"enemies":"Cultist","floor":1.0,"turns":4.0},{"damage":5.0,"enemies":"2 Louse","floor":4.0,"turns":3.0},{"damage":4.0,"enemies":"Small Slimes","floor":5.0,"turns":4.0},{"damage":0.0,"enemies":"Lagavulin","floor":6.0,"turns":10.0},{"damage":3.0,"enemies":"Blue Slaver","floor":13.0,"turns":4.0},{"damage":33.0,"enemies":"Hexaghost","floor":16.0,"turns":11.0},{"damage":9.0,"enemies":"Shell Parasite","floor":18.0,"turns":6.0},{"damage":15.0,"enemies":"Chosen","floor":19.0,"turns":5.0},{"damage":10.0,"enemies":"Snake Plant","floor":22.0,"turns":5.0},{"damage":8.0,"enemies":"Centurion and Healer","floor":24.0,"turns":8.0},{"damage":11.0,"enemies":"Sentry and Sphere","floor":27.0,"turns":5.0},{"damage":19.0,"enemies":"Snake Plant","floor":29.0,"turns":3.0},{"damage":42,"enemies":"Gremlin Leader","floor":31,"turns":4}],"seed_played":"5443171954661437091","potions_obtained":[],"is_trial":false,"path_per_floor":["M","?","$","M","M","E","R","?","T","?","$","R","M","$","R","B",null,"M","M","?","?","M","R","M","R","T","M","?","M","R","E"],"character_chosen":"DEFECT","items_purchased":["Cold Snap","Streamline","Conserve Battery"],"campfire_rested":3,"item_purchase_floors":[3,11,11],"current_hp_per_floor":[62,62,62,57,53,53,53,42,42,42,42,42,39,39,60,27,60,51,36,36,36,26,47,39,39,39,28,28,9,30,0],"gold":211,"neow_bonus":"BOSS_RELIC","is_prod":false,"is_daily":false,"chose_seed":false,"campfire_upgraded":3,"win_rate":0,"timestamp":1567647783,"path_taken":["M","?","$","?","M","E","R","?","T","?","?","R","M","$","R","BOSS","M","M","?","?","?","R","M","R","T","M","?","M","R","E"],"build_version":"2019-07-17","purchased_purges":1,"victory":false,"max_hp_per_floor":[71,71,71,71,71,71,71,71,71,71,71,71,71,71,71,71,71,71,71,71,71,71,71,71,71,71,71,71,71,71,71],"card_choices":[{"not_picked":["Rebound","Leap"],"picked":"Defragment","floor":1.0},{"not_picked":["Cold Snap","Stack"],"picked":"Coolheaded","floor":4.0},{"not_picked":["Streamline","Aggregate"],"picked":"Consume","floor":5.0},{"not_picked":["Buffer","Stack"],"picked":"Reinforced Body","floor":6.0},{"not_picked":["Redo","Conserve Battery"],"picked":"Ball Lightning","floor":13.0},{"not_picked":["Rainbow","Creative AI"],"picked":"Machine Learning","floor":16.0},{"not_picked":["Storm","Compile Driver"],"picked":"Streamline","floor":18.0},{"not_picked":["Heatsinks+1","Steam Power","Rebound"],"picked":"SKIP","floor":19.0},{"not_picked":["Turbo+1","Reinforced Body","Beam Cell"],"picked":"SKIP","floor":22.0},{"not_picked":["Lockon","Turbo+1","Scrape+1"],"picked":"SKIP","floor":24.0},{"not_picked":["Storm","Fusion"],"picked":"Tempest","floor":27.0},{"not_picked":["Streamline","Redo+1"],"picked":"Glacier","floor":29.0}],"player_experience":1092423,"relics_obtained":[{"floor":6.0,"key":"DataDisk"},{"floor":9.0,"key":"Orichalcum"},{"floor":26.0,"key":"Kunai"}],"event_choices":[{"damage_healed":0.0,"max_hp_gain":0.0,"max_hp_loss":0.0,"gold_gain":0.0,"cards_transformed":["Strike_B"],"event_name":"Transmorgrifier","player_choice":"Transformed","floor":2.0,"gold_loss":0.0,"damage_taken":0.0,"cards_obtained":["Genetic Algorithm"]},{"damage_healed":0.0,"max_hp_gain":0.0,"max_hp_loss":0.0,"gold_gain":75.0,"event_name":"World of Goop","player_choice":"Gather Gold","floor":8.0,"gold_loss":0.0,"damage_taken":11.0},{"cards_removed":["Defend_B"],"damage_healed":0.0,"max_hp_gain":0.0,"max_hp_loss":0.0,"gold_gain":0.0,"event_name":"The Cleric","player_choice":"Card Removal","floor":10.0,"gold_loss":75.0,"damage_taken":0.0},{"damage_healed":0.0,"max_hp_gain":0.0,"max_hp_loss":0.0,"gold_gain":0.0,"event_name":"The Mausoleum","player_choice":"Opened","floor":20.0,"gold_loss":0.0,"damage_taken":0.0,"relics_obtained":["Blue Candle"],"cards_obtained":["Writhe"]},{"damage_healed":0.0,"max_hp_gain":0.0,"max_hp_loss":0.0,"gold_gain":0.0,"event_name":"Addict","player_choice":"Stole Relic","floor":21.0,"gold_loss":0.0,"damage_taken":0.0,"relics_obtained":["Potion Belt"],"cards_obtained":["Shame"]},{"damage_healed":0.0,"max_hp_gain":0.0,"max_hp_loss":0.0,"gold_gain":0.0,"cards_transformed":["Strike_B","Defend_B"],"event_name":"Drug Dealer","player_choice":"Became Test Subject","floor":28.0,"gold_loss":0.0,"damage_taken":0.0,"cards_obtained":["Steam","Machine Learning"]}],"is_beta":false,"boss_relics":[{"not_picked":["Black Star","Pandora\u0027s Box"],"picked":"Cursed Key"}],"items_purged_floors":[3],"is_endless":false,"potions_floor_spawned":[4,6,13,16,22,24],"killed_by":"Gremlin Leader","ascension_level":18}