{"gold_per_floor":[112,128,146,221,221,254,254,272,272,301,301,317,337,46,46,46],"floor_reached":16,"playtime":483,"items_purged":[],"score":116,"play_id":"f9f38da4-057e-4d9f-b9fc-216cbda9baf7","local_time":"20181226184630","is_ascension_mode":true,"campfire_choices":[{"data":"Flex","floor":7,"key":"SMITH"},{"floor":15,"key":"DIG"}],"neow_cost":"NONE","seed_source_timestamp":0,"circlet_count":0,"master_deck":["Strike_R","Strike_R","Strike_R","Strike_R","Defend_R","Defend_R","Defend_R","Bash","Flex+1","Heavy Blade","Whirlwind","Flex","Second Wind","Ghostly Armor"],"special_seed":0,"relics":["Burning Blood","Bronze Scales","Darkstone Periapt","Gremlin Horn","Odd Mushroom","Shovel","Bottled Flame"],"potions_floor_usage":[16,16],"damage_taken":[{"damage":2,"enemies":"Small Slimes","floor":1,"turns":4},{"damage":6,"enemies":"Cultist","floor":2,"turns":3},{"damage":2,"enemies":"2 Louse","floor":3,"turns":3},{"damage":30,"enemies":"Gremlin Nob","floor":6,"turns":4},{"damage":15,"enemies":"Looter","floor":8,"turns":3},{"damage":13,"enemies":"3 Sentries","floor":10,"turns":3},{"damage":0,"enemies":"3 Louse","floor":12,"turns":1},{"damage":5,"enemies":"The Mushroom Lair","floor":13,"turns":3},{"damage":39,"enemies":"Hexaghost","floor":16,"turns":9}],"seed_played":"-5563776722509970301","potions_obtained":[{"floor":3,"key":"Poison Potion"},{"floor":6,"key":"EssenceOfSteel"},{"floor":10,"key":"Fire Potion"},{"floor":13,"key":"PowerPotion"}],"is_trial":false,"path_per_floor":["M","M","M","?","?","E","R","M","T","E","?","M","?","$","R","B"],"character_chosen":"IRONCLAD","items_purchased":["Shovel"],"campfire_rested":0,"item_purchase_floors":[14],"current_hp_per_floor":[88,88,88,77,70,46,46,37,37,30,30,36,37,37,37,0],"gold":46,"neow_bonus":"TEN_PERCENT_HP_BONUS","is_prod":false,"is_daily":false,"chose_seed":false,"campfire_upgraded":1,"win_rate":0,"timestamp":1545871590,"path_taken":["M","M","M","?","?","E","R","M","T","E","?","?","?","$","R","BOSS"],"build_version":"2018-12-20","purchased_purges":0,"victory":false,"max_hp_per_floor":[88,88,88,88,88,88,88,88,88,88,88,88,88,88,88,88],"card_choices":[{"not_picked":["Shrug It Off","Pummel"],"picked":"Flex","floor":1},{"not_picked":["Body Slam","Warcry"],"picked":"Heavy Blade","floor":2},{"not_picked":["Shrug It Off","Heavy Blade"],"picked":"Whirlwind","floor":3},{"not_picked":["Ghostly Armor","Flame Barrier","Reckless Charge"],"picked":"SKIP","floor":6},{"not_picked":["Havoc","Warcry"],"picked":"Flex","floor":8},{"not_picked":["Shrug It Off","Dual Wield","Blood for Blood"],"picked":"SKIP","floor":10},{"not_picked":["Headbutt","Wild Strike","Armaments"],"picked":"SKIP","floor":12},{"not_picked":["Sword Boomerang","Combust"],"picked":"Ghostly Armor","floor":13}],"player_experience":278471,"relics_obtained":[{"floor":6,"key":"Bronze Scales"},{"floor":9,"key":"Darkstone Periapt"},{"floor":10,"key":"Gremlin Horn"},{"floor":13,"key":"Odd Mushroom"},{"floor":15,"key":"Bottled Flame"}],"event_choices":[{"damage_healed":0,"gold_gain":75,"player_choice":"Gather Gold","damage_taken":11,"max_hp_gain":0,"max_hp_loss":0,"event_name":"World of Goop","floor":4,"gold_loss":0},{"cards_removed":["Strike_R"],"damage_healed":0,"gold_gain":0,"player_choice":"Card Removal","damage_taken":7,"max_hp_gain":0,"max_hp_loss":0,"event_name":"Golden Wing","floor":5,"gold_loss":0},{"damage_healed":0,"gold_gain":0,"cards_transformed":["Defend_R"],"player_choice":"Transformed","damage_taken":0,"max_hp_gain":0,"max_hp_loss":0,"event_name":"Transmorgrifier","floor":11,"gold_loss":0,"cards_obtained":["Second Wind"]},{"damage_healed":0,"gold_gain":0,"player_choice":"Fought Mushrooms","damage_taken":0,"max_hp_gain":0,"max_hp_loss":0,"event_name":"Mushrooms","floor":13,"gold_loss":0}],"is_beta":false,"boss_relics":[],"items_purged_floors":[],"is_endless":false,"potions_floor_spawned":[3,6,10,13],"killed_by":"Hexaghost","ascension_level":1}