{"gold_per_floor":[113,127,202,202,214,214,248,258,340,354,367,377,377,62,62,161,161,174,185,185,195,212,212,247,247,247,247,261,292,292,292,292,393,393,409,409,424,439,181,207,207,238,238,238,256,256,285,39,39,39],"floor_reached":51,"playtime":2562,"items_purged":["Strike_G"],"score":875,"play_id":"046f7f98-0774-4eb3-a3e2-07679422b30e","local_time":"20190212102830","is_ascension_mode":true,"campfire_choices":[{"data":"Cloak And Dagger","floor":6,"key":"SMITH"},{"floor":13,"key":"REST"},{"data":"Flying Knee","floor":15,"key":"SMITH"},{"data":"After Image","floor":23,"key":"SMITH"},{"data":"Adrenaline","floor":25,"key":"SMITH"},{"data":"A Thousand Cuts","floor":30,"key":"SMITH"},{"data":"Infinite Blades","floor":32,"key":"SMITH"},{"floor":41,"key":"REST"},{"floor":44,"key":"REST"},{"floor":49,"key":"REST"}],"neow_cost":"NONE","seed_source_timestamp":321041020469412,"circlet_count":0,"master_deck":["Defend_G","Defend_G","Defend_G","Defend_G","Survivor","Neutralize","Quick Slash","Footwork+1","Cloak And Dagger+1","Quick Slash","Backflip","Flying Knee+1","Accuracy","Adrenaline+1","Slice+1","Bite+1","Bite+1","Bite+1","Bite+1","Bite+1","Slice+1","After Image+1","Infinite Blades+1","A Thousand Cuts+1","RitualDagger+1","Storm of Steel","Backflip+1","Acrobatics+1","Malaise","Leg Sweep+1","Cloak And Dagger","Flying Knee+1","Blade Dance+1"],"relics":["Ring of the Snake","Bird Faced Urn","Sundial","Molten Egg 2","WristBlade","Oddly Smooth Stone","Letter Opener","Ginger","PreservedInsect","Fusion Hammer","Bottled Lightning","Ancient Tea Set","Blue Candle","Unceasing Top","Vajra","Bottled Tornado"],"potions_floor_usage":[7,12,21,22,29,33,37,40,47,50,50,50],"damage_taken":[{"damage":1,"enemies":"2 Louse","floor":1,"turns":3},{"damage":8,"enemies":"Small Slimes","floor":2,"turns":3},{"damage":2,"enemies":"Cultist","floor":5,"turns":4},{"damage":28,"enemies":"Gremlin Nob","floor":7,"turns":5},{"damage":9,"enemies":"Lots of Slimes","floor":8,"turns":6},{"damage":0,"enemies":"Large Slime","floor":10,"turns":8},{"damage":11,"enemies":"Exordium Thugs","floor":11,"turns":6},{"damage":0,"enemies":"2 Fungi Beasts","floor":12,"turns":3},{"damage":32,"enemies":"Hexaghost","floor":16,"turns":16},{"damage":15,"enemies":"Chosen","floor":18,"turns":6},{"damage":4,"enemies":"3 Byrds","floor":19,"turns":5},{"damage":13,"enemies":"3 Cultists","floor":21,"turns":5},{"damage":4,"enemies":"Cultist and Chosen","floor":22,"turns":5},{"damage":35,"enemies":"Slavers","floor":24,"turns":7},{"damage":6,"enemies":"Centurion and Healer","floor":28,"turns":5},{"damage":2,"enemies":"Gremlin Leader","floor":29,"turns":8},{"damage":30,"enemies":"Collector","floor":33,"turns":10},{"damage":12,"enemies":"3 Shapes","floor":35,"turns":4},{"damage":4,"enemies":"3 Darklings","floor":37,"turns":4},{"damage":2,"enemies":"Sphere and 2 Shapes","floor":38,"turns":3},{"damage":19,"enemies":"Nemesis","floor":40,"turns":7},{"damage":1,"enemies":"Giant Head","floor":42,"turns":5},{"damage":30,"enemies":"Spire Growth","floor":45,"turns":5},{"damage":32,"enemies":"Reptomancer","floor":47,"turns":4},{"damage":48,"enemies":"Awakened One","floor":50,"turns":11}],"seed_played":"-1627103241437199583","potions_obtained":[{"floor":1,"key":"SteroidPotion"},{"floor":7,"key":"Energy Potion"},{"floor":10,"key":"SkillPotion"},{"floor":16,"key":"AttackPotion"},{"floor":18,"key":"Swift Potion"},{"floor":24,"key":"GhostInAJar"},{"floor":29,"key":"Explosive Potion"},{"floor":33,"key":"Block Potion"},{"floor":42,"key":"FearPotion"},{"floor":45,"key":"Ancient Potion"},{"floor":47,"key":"EntropicBrew"}],"is_trial":false,"path_per_floor":["M","M","?","?","M","R","E","M","T","M","M","M","R","$","R","B",null,"M","M","?","M","M","R","E","R","T","T","M","E","R","?","R","B",null,"M","$","M","M","$","E","R","E","T","R","M","?","E","$","R","B",null],"character_chosen":"THE_SILENT","items_purchased":["Molten Egg 2","Bottled Lightning","Bottled Tornado"],"campfire_rested":4,"item_purchase_floors":[14,39,48],"current_hp_per_floor":[76,68,57,57,55,55,27,20,20,22,13,15,38,38,38,10,77,63,63,53,52,53,53,32,32,32,32,44,53,53,47,47,51,53,44,44,53,53,53,37,52,53,53,53,32,32,20,20,35,15],"gold":39,"neow_bonus":"TEN_PERCENT_HP_BONUS","is_prod":false,"is_daily":false,"chose_seed":false,"campfire_upgraded":6,"win_rate":0,"timestamp":1549988910,"path_taken":["M","M","?","?","M","R","E","M","T","M","M","?","R","?","R","BOSS","M","M","?","M","M","R","E","R","T","?","M","E","R","?","R","BOSS","M","$","M","M","$","E","R","E","T","R","M","?","E","?","R","BOSS"],"build_version":"2019-01-23","purchased_purges":1,"victory":true,"max_hp_per_floor":[77,77,77,77,77,77,77,77,77,77,77,77,77,77,77,77,77,77,77,53,53,53,53,53,53,53,53,53,53,53,53,53,53,53,53,53,53,53,53,53,53,53,53,53,53,53,53,53,53,53],"card_choices":[{"not_picked":["Expertise","Deadly Poison"],"picked":"Quick Slash","floor":1},{"not_picked":["Blade Dance","Leg Sweep"],"picked":"Footwork","floor":2},{"not_picked":["Underhanded Strike","Terror"],"picked":"Cloak And Dagger","floor":5},{"not_picked":["Flechettes","Endless Agony"],"picked":"Quick Slash","floor":7},{"not_picked":["Bane","Acrobatics"],"picked":"Backflip","floor":8},{"not_picked":["Acrobatics","Setup","Prepared"],"picked":"SKIP","floor":10},{"not_picked":["Concentrate","Flechettes"],"picked":"Flying Knee","floor":11},{"not_picked":["Outmaneuver","Expertise"],"picked":"Accuracy","floor":12},{"not_picked":["Corpse Explosion","Venomology"],"picked":"Adrenaline","floor":16},{"not_picked":["Crippling Poison","PiercingWail"],"picked":"Slice+1","floor":18},{"not_picked":["Dagger Throw+1","Poisoned Stab+1","Quick Slash+1"],"picked":"SKIP","floor":19},{"not_picked":["Crippling Poison+1","Footwork"],"picked":"Slice+1","floor":21},{"not_picked":["Poisoned Stab+1","Accuracy"],"picked":"After Image","floor":22},{"not_picked":["Distraction","Terror","Acrobatics+1"],"picked":"SKIP","floor":24},{"not_picked":["Underhanded Strike+1","Sucker Punch+1"],"picked":"Infinite Blades","floor":28},{"not_picked":["Catalyst","Cloak And Dagger"],"picked":"A Thousand Cuts","floor":29},{"not_picked":["Bullet Time","Corpse Explosion"],"picked":"Storm of Steel","floor":33},{"not_picked":["Dagger Throw+1","Expertise"],"picked":"Backflip+1","floor":35},{"not_picked":["Deflect+1","All Out Attack+1"],"picked":"Acrobatics+1","floor":37},{"not_picked":["Dagger Throw+1","Underhanded Strike+1"],"picked":"Malaise","floor":38},{"not_picked":["Outmaneuver+1","Unload+1"],"picked":"Leg Sweep+1","floor":40},{"not_picked":["Underhanded Strike+1","Noxious Fumes+1"],"picked":"Cloak And Dagger","floor":42},{"not_picked":["Caltrops","Dagger Throw+1"],"picked":"Flying Knee+1","floor":45},{"not_picked":["Backstab+1","Slice+1"],"picked":"Blade Dance+1","floor":47}],"player_experience":287760,"relics_obtained":[{"floor":7,"key":"Bird Faced Urn"},{"floor":9,"key":"Sundial"},{"floor":24,"key":"Oddly Smooth Stone"},{"floor":26,"key":"Letter Opener"},{"floor":27,"key":"Ginger"},{"floor":29,"key":"PreservedInsect"},{"floor":40,"key":"Ancient Tea Set"},{"floor":42,"key":"Blue Candle"},{"floor":43,"key":"Unceasing Top"},{"floor":47,"key":"Vajra"}],"event_choices":[{"damage_healed":0,"gold_gain":75,"player_choice":"Gather Gold","damage_taken":11,"max_hp_gain":0,"max_hp_loss":0,"event_name":"World of Goop","floor":3,"gold_loss":0},{"damage_healed":0,"gold_gain":0,"player_choice":"Upgraded","damage_taken":0,"max_hp_gain":0,"max_hp_loss":0,"event_name":"Upgrade Shrine","floor":4,"gold_loss":0,"cards_upgraded":["Footwork"]},{"damage_healed":0,"gold_gain":0,"player_choice":"Became a vampire","damage_taken":0,"max_hp_gain":0,"max_hp_loss":24,"event_name":"Vampires","floor":20,"gold_loss":0,"cards_obtained":["Bite","Bite","Bite","Bite","Bite"]},{"damage_healed":0,"gold_gain":0,"player_choice":"Joined the Cult","damage_taken":6,"max_hp_gain":0,"max_hp_loss":0,"event_name":"Nest","floor":31,"gold_loss":0,"cards_obtained":["RitualDagger"]},{"cards_removed":["Defend_G"],"damage_healed":0,"gold_gain":0,"player_choice":"Removed Skill","damage_taken":0,"max_hp_gain":0,"max_hp_loss":0,"event_name":"Falling","floor":46,"gold_loss":0}],"is_beta":false,"boss_relics":[{"not_picked":["Snecko Eye","Cursed Key"],"picked":"WristBlade"},{"not_picked":["Eternal Feather","HoveringKite"],"picked":"Fusion Hammer"}],"items_purged_floors":[14],"is_endless":false,"potions_floor_spawned":[1,7,10,16,18,24,29,33,42,45,47],"ascension_level":2}