{"gold_per_floor":[115,115,133,149,167,167,182,182,208,208,220,252,294,306,318,455,467,503,89,89,109,109,145,145,2,2,2,20,45,45,45,45,173,173,188,206,539,539,182,182,216,91,145,164,164,178,178,49,49,49],"floor_reached":51,"playtime":2605,"items_purged":["Defend_G","Strike_G+1","Defend_G+1"],"score":743,"play_id":"58bed250-bab6-416a-8116-4d2442574e28","local_time":"20190919130509","is_ascension_mode":false,"campfire_choices":[{"data":"Neutralize","floor":6,"key":"SMITH"},{"data":"Cloak And Dagger","floor":8,"key":"SMITH"},{"data":"Terror","floor":15,"key":"SMITH"},{"data":"Accuracy","floor":24,"key":"SMITH"},{"data":"Survivor","floor":27,"key":"SMITH"},{"data":"Dodge and Roll","floor":32,"key":"SMITH"},{"data":"Cloak And Dagger","floor":40,"key":"SMITH"},{"data":"Noxious Fumes","floor":45,"key":"SMITH"},{"data":"Footwork","floor":49,"key":"SMITH"}],"neow_cost":"NONE","seed_source_timestamp":613500582311700,"circlet_count":0,"master_deck":["Strike_G+1","Strike_G+1","Strike_G+1","Defend_G+1","Defend_G+1","Defend_G+1","Survivor+1","Neutralize+1","PiercingWail","Dodge and Roll+1","Backstab","Corpse Explosion","Cloak And Dagger+1","Poisoned Stab","Terror+1","Envenom+1","Backflip+1","Accuracy+1","Slice+1","Setup+1","Leg Sweep+1","Cloak And Dagger+1","Noxious Fumes+1","Footwork+1","Deadly Poison","Well Laid Plans"],"special_seed":0,"relics":["Ring of the Serpent","Boot","MawBank","Bag of Preparation","Sozu","Nunchaku","Molten Egg 2","Omamori","Anchor","Pear","InkBottle","Vajra","Pen Nib"],"potions_floor_usage":[5,13,18,33,50],"damage_taken":[{"damage":0.0,"enemies":"Jaw Worm","floor":1.0,"turns":6.0},{"damage":0.0,"enemies":"2 Louse","floor":3.0,"turns":3.0},{"damage":2.0,"enemies":"Cultist","floor":4.0,"turns":4.0},{"damage":0,"enemies":"Looter","floor":5,"turns":4},{"damage":0,"enemies":"Blue Slaver","floor":7,"turns":4},{"damage":0,"enemies":"Lots of Slimes","floor":12,"turns":1},{"damage":4,"enemies":"Gremlin Nob","floor":13,"turns":4},{"damage":29,"enemies":"Hexaghost","floor":16,"turns":11},{"damage":8,"enemies":"2 Thieves","floor":18,"turns":3},{"damage":2,"enemies":"Shell Parasite","floor":21,"turns":4},{"damage":14,"enemies":"Book of Stabbing","floor":23,"turns":5},{"damage":0,"enemies":"Cultist and Chosen","floor":28,"turns":6},{"damage":2,"enemies":"3 Cultists","floor":29,"turns":3},{"damage":41,"enemies":"Champ","floor":33,"turns":18},{"damage":0,"enemies":"3 Shapes","floor":35,"turns":4},{"damage":0,"enemies":"Orb Walker","floor":36,"turns":3},{"damage":0,"enemies":"Giant Head","floor":41,"turns":8},{"damage":0,"enemies":"3 Darklings","floor":44,"turns":3},{"damage":0,"enemies":"4 Shapes","floor":46,"turns":3},{"damage":46,"enemies":"Time Eater","floor":50,"turns":13}],"seed_played":"3316365866304312290","potions_obtained":[{"floor":0.0,"key":"Strength Potion"},{"floor":0.0,"key":"Weak Potion"},{"floor":0.0,"key":"AttackPotion"},{"floor":7,"key":"GhostInAJar"},{"floor":16,"key":"Weak Potion"}],"is_trial":false,"path_per_floor":["M","?","M","M","M","R","M","R","T","?","$","M","E","?","R","B",null,"M","$","?","M","T","E","R","$","T","R","M","M","?","$","R","B",null,"M","M","?","?","$","R","E","$","T","M","R","M","?","$","R","B",null],"character_chosen":"THE_SILENT","items_purchased":["Accuracy","Nunchaku","Anchor","Cloak And Dagger","InkBottle","Noxious Fumes","Deadly Poison","Well Laid Plans"],"campfire_rested":0,"item_purchase_floors":[19,19,25,39,39,39,48,48],"current_hp_per_floor":[70,63,63,61,61,61,61,61,61,61,61,61,57,40,40,11,70,62,62,62,60,60,46,46,46,56,56,56,54,54,54,54,13,80,80,80,80,80,80,80,80,80,80,80,80,80,80,80,80,34],"gold":49,"neow_bonus":"THREE_SMALL_POTIONS","is_prod":false,"is_daily":false,"chose_seed":false,"campfire_upgraded":9,"win_rate":0,"timestamp":1568865909,"path_taken":["M","?","M","M","M","R","M","R","T","?","$","?","E","?","R","BOSS","M","$","?","?","?","E","R","$","T","R","M","M","?","?","R","BOSS","M","M","?","?","$","R","E","?","T","M","R","M","?","$","R","BOSS"],"build_version":"2019-09-18","purchased_purges":3,"victory":true,"max_hp_per_floor":[70,70,70,70,70,70,70,70,70,70,70,70,70,70,70,70,70,70,70,70,70,70,70,70,70,80,80,80,80,80,80,80,80,80,80,80,80,80,80,80,80,80,80,80,80,80,80,80,80,80],"card_choices":[{"not_picked":["PiercingWail","Bane","Underhanded Strike"],"picked":"SKIP","floor":1.0},{"not_picked":["Bane","Underhanded Strike"],"picked":"PiercingWail","floor":1.0},{"not_picked":["All Out Attack","Outmaneuver"],"picked":"Dodge and Roll","floor":3.0},{"not_picked":["Deflect","Masterful Stab"],"picked":"Backstab","floor":4.0},{"not_picked":["Outmaneuver","Infinite Blades"],"picked":"Corpse Explosion","floor":5},{"not_picked":["Heel Hook","Slice"],"picked":"Cloak And Dagger","floor":7},{"not_picked":["Bane","Concentrate"],"picked":"Poisoned Stab","floor":12},{"not_picked":["Setup","Accuracy"],"picked":"Terror","floor":13},{"not_picked":["Malaise","Phantasmal Killer"],"picked":"Envenom","floor":16},{"not_picked":["Blade Dance","Infinite Blades"],"picked":"Backflip+1","floor":18},{"not_picked":["Dagger Throw","Sucker Punch","Heel Hook"],"picked":"SKIP","floor":21},{"not_picked":["Bane+1","Sucker Punch+1"],"picked":"Slice+1","floor":23},{"not_picked":["Slice+1","Prepared"],"picked":"Setup+1","floor":28},{"not_picked":["Dagger Throw+1","Slice+1"],"picked":"Leg Sweep+1","floor":29},{"not_picked":["Prepared","Endless Agony+1","Acrobatics+1"],"picked":"SKIP","floor":35},{"not_picked":["Calculated Gamble+1","Escape Plan+1","Flying Knee+1"],"picked":"SKIP","floor":36},{"not_picked":["Flying Knee+1","Dagger Spray+1","Underhanded Strike+1"],"picked":"SKIP","floor":41},{"not_picked":["Escape Plan+1","Flying Knee+1","Acrobatics+1"],"picked":"SKIP","floor":44},{"not_picked":["Poisoned Stab+1","Setup+1"],"picked":"Footwork","floor":46}],"player_experience":491341,"relics_obtained":[{"floor":9,"key":"Boot"},{"floor":10,"key":"MawBank"},{"floor":13,"key":"Bag of Preparation"},{"floor":22,"key":"Molten Egg 2"},{"floor":23,"key":"Omamori"},{"floor":26,"key":"Pear"},{"floor":41,"key":"Vajra"},{"floor":43,"key":"Pen Nib"}],"event_choices":[{"cards_removed":["Strike_G"],"damage_healed":0.0,"max_hp_gain":0.0,"max_hp_loss":0.0,"gold_gain":0.0,"event_name":"Golden Wing","player_choice":"Card Removal","floor":2.0,"gold_loss":0.0,"damage_taken":7.0},{"damage_healed":0,"gold_gain":0,"player_choice":"Relic","damage_taken":0,"max_hp_gain":0,"max_hp_loss":0,"event_name":"Wheel of Change","floor":10,"gold_loss":0},{"damage_healed":0,"gold_gain":0,"player_choice":"Take Damage","damage_taken":17,"relics_obtained":["Golden Idol"],"max_hp_gain":0,"max_hp_loss":0,"event_name":"Golden Idol","floor":14,"gold_loss":0},{"damage_healed":0,"gold_gain":0,"player_choice":"Upgraded","damage_taken":0,"max_hp_gain":0,"max_hp_loss":0,"event_name":"Upgrade Shrine","floor":20,"gold_loss":0,"cards_upgraded":["Envenom"]},{"damage_healed":0,"gold_gain":0,"player_choice":"Simplicity","damage_taken":0,"max_hp_gain":0,"max_hp_loss":0,"event_name":"Back to Basics","floor":30,"gold_loss":0,"cards_upgraded":["Strike_G","Strike_G","Strike_G","Strike_G","Defend_G","Defend_G","Defend_G","Defend_G"]},{"damage_healed":0,"gold_gain":333,"player_choice":"Gave Idol","damage_taken":0,"max_hp_gain":0,"max_hp_loss":0,"event_name":"The Moai Head","floor":37,"relics_lost":["Golden Idol"],"gold_loss":0},{"damage_healed":0,"gold_gain":0,"player_choice":"Ignored","damage_taken":0,"max_hp_gain":0,"max_hp_loss":0,"event_name":"Tomb of Lord Red Mask","floor":38,"gold_loss":0},{"damage_healed":0,"gold_gain":0,"player_choice":"Memory 1","damage_taken":0,"max_hp_gain":0,"max_hp_loss":0,"event_name":"SensoryStone","floor":47,"gold_loss":0}],"is_beta":true,"boss_relics":[{"not_picked":["WristBlade","HoveringKite"],"picked":"Sozu"},{"not_picked":["Busted Crown","Runic Pyramid"],"picked":"Ring of the Serpent"}],"items_purged_floors":[19,39,42],"is_endless":false,"potions_floor_spawned":[1,4,7,16,23,29,33,41,46],"ascension_level":0}