{"gold_per_floor":[367,80,5,5,19,19,54,81,174,203,215,227,314,343,355,442,454,479,501,428,440,452,464,476],"floor_reached":24,"playtime":697,"items_purged":["Injury"],"score":388,"play_id":"5b5cf0fd-455b-411c-93e9-c0d7d1071a14","local_time":"20190917004409","is_ascension_mode":true,"campfire_choices":[{"data":"Shrug It Off","floor":6.0,"key":"SMITH"},{"data":"Body Slam","floor":12.0,"key":"SMITH"},{"floor":15.0,"key":"REST"},{"data":"RitualDagger","floor":23.0,"key":"SMITH"}],"neow_cost":"CURSE","seed_source_timestamp":502990967452466,"circlet_count":0,"master_deck":["AscendersBane","Strike_R","Strike_R","Strike_R","Strike_R","Strike_R","Defend_R","Defend_R","Defend_R","Bash","Spot Weakness+1","Shrug It Off+1","Shrug It Off+1","Body Slam+1","Juggernaut","Armaments+1","RitualDagger+1"],"special_seed":0,"relics":["Burning Blood","Lantern","MawBank","Darkstone Periapt","Velvet Choker","Strawberry"],"potions_floor_usage":[24],"damage_taken":[{"damage":10.0,"enemies":"2 Louse","floor":1.0,"turns":3.0},{"damage":2.0,"enemies":"Jaw Worm","floor":5.0,"turns":3.0},{"damage":20.0,"enemies":"Lagavulin","floor":7.0,"turns":6.0},{"damage":7.0,"enemies":"Small Slimes","floor":8.0,"turns":4.0},{"damage":12.0,"enemies":"Looter","floor":10.0,"turns":4.0},{"damage":8.0,"enemies":"Blue Slaver","floor":14.0,"turns":2.0},{"damage":22.0,"enemies":"Slime Boss","floor":16.0,"turns":7.0},{"damage":23.0,"enemies":"Shell Parasite","floor":18.0,"turns":6.0},{"damage":17.0,"enemies":"Spheric Guardian","floor":19.0,"turns":5.0},{"damage":49,"enemies":"Book of Stabbing","floor":24,"turns":5}],"seed_played":"8715413511492342957","potions_obtained":[{"floor":5.0,"key":"Poison Potion"},{"floor":10.0,"key":"SteroidPotion"},{"floor":16.0,"key":"SpeedPotion"},{"floor":18.0,"key":"Ancient Potion"}],"is_trial":false,"path_per_floor":["M","$","?","?","M","R","E","M","T","M","?","R","?","M","R","B",null,"M","M","?","?","$","R","E"],"character_chosen":"IRONCLAD","items_purchased":["Lantern","Shrug It Off"],"campfire_rested":1,"item_purchase_floors":[2,2],"current_hp_per_floor":[64,64,64,41,45,45,31,30,30,24,49,49,38,36,58,42,67,50,39,46,40,40,40,0],"gold":476,"neow_bonus":"TWO_FIFTY_GOLD","is_prod":false,"is_daily":false,"chose_seed":false,"campfire_upgraded":3,"win_rate":0,"timestamp":1568699049,"path_taken":["M","$","?","?","M","R","E","M","T","M","?","R","?","M","R","BOSS","M","M","?","?","$","R","E"],"build_version":"2019-07-17","purchased_purges":1,"victory":false,"max_hp_per_floor":[75,75,75,75,75,75,75,75,75,75,75,75,75,75,75,75,75,75,75,82,82,82,82,82],"card_choices":[{"not_picked":["True Grit","Iron Wave"],"picked":"Spot Weakness","floor":1.0},{"not_picked":["Thunderclap","Heavy Blade"],"picked":"Shrug It Off","floor":5.0},{"not_picked":["Perfected Strike","Twin Strike"],"picked":"Body Slam","floor":7.0},{"not_picked":["Second Wind","Spot Weakness","Shockwave"],"picked":"SKIP","floor":8.0},{"not_picked":["Metallicize","Twin Strike","Anger"],"picked":"SKIP","floor":10.0},{"not_picked":["Sever Soul","Shrug It Off","Cleave"],"picked":"SKIP","floor":14.0},{"not_picked":["Limit Break","Barricade"],"picked":"Juggernaut","floor":16.0},{"not_picked":["Shrug It Off+1","Dual Wield"],"picked":"Armaments+1","floor":18.0},{"not_picked":["Iron Wave+1","Feel No Pain","Infernal Blade"],"picked":"SKIP","floor":19.0}],"player_experience":1306470,"relics_obtained":[{"floor":7.0,"key":"MawBank"},{"floor":9.0,"key":"Darkstone Periapt"}],"event_choices":[{"cards_removed":["Defend_R"],"damage_healed":0.0,"max_hp_gain":0.0,"max_hp_loss":0.0,"gold_gain":0.0,"event_name":"The Cleric","player_choice":"Card Removal","floor":3.0,"gold_loss":75.0,"damage_taken":0.0},{"damage_healed":0.0,"max_hp_gain":0.0,"max_hp_loss":0.0,"gold_gain":0.0,"event_name":"Shining Light","player_choice":"Entered Light","floor":4.0,"gold_loss":0.0,"damage_taken":23.0,"cards_upgraded":["Spot Weakness","Shrug It Off"]},{"damage_healed":25.0,"max_hp_gain":0.0,"max_hp_loss":0.0,"gold_gain":0.0,"event_name":"Big Fish","player_choice":"Banana","floor":11.0,"gold_loss":0.0,"damage_taken":0.0},{"damage_healed":0.0,"max_hp_gain":0.0,"max_hp_loss":0.0,"gold_gain":75.0,"event_name":"World of Goop","player_choice":"Gather Gold","floor":13.0,"gold_loss":0.0,"damage_taken":11.0},{"damage_healed":0.0,"max_hp_gain":0.0,"max_hp_loss":0.0,"gold_gain":0.0,"event_name":"Addict","player_choice":"Obtained Relic","floor":20.0,"gold_loss":85.0,"damage_taken":0.0,"relics_obtained":["Strawberry"]},{"damage_healed":0.0,"max_hp_gain":0.0,"max_hp_loss":0.0,"gold_gain":0.0,"event_name":"Nest","player_choice":"Joined the Cult","floor":21.0,"gold_loss":0.0,"damage_taken":6.0,"cards_obtained":["RitualDagger"]}],"is_beta":false,"boss_relics":[{"not_picked":["Eternal Feather","Coffee Dripper"],"picked":"Velvet Choker"}],"items_purged_floors":[2],"is_endless":false,"potions_floor_spawned":[5,10,16,18],"killed_by":"Book of Stabbing","ascension_level":20}