{"gold_per_floor":[115,130,4,4,4,4,19,19,19,19,49,49,79,99,99,204,204,224,224,224,99,99,99,111,141,164,176,223,262,303,230,242,351,363,385,408,437,449,461,501,523,535],"floor_reached":42,"playtime":5000,"items_purged":["Strike_R","Defend_R"],"score":540,"play_id":"17bb7b51-b1f4-4600-b10c-fbc0f39fd1f5","local_time":"20190915112304","is_ascension_mode":false,"campfire_choices":[{"data":"Demon Form","floor":6,"key":"SMITH"},{"data":"Dual Wield","floor":8,"key":"SMITH"},{"data":"Twin Strike","floor":10,"key":"SMITH"},{"data":"Shrug It Off","floor":15,"key":"SMITH"},{"data":"Feed","floor":23,"key":"SMITH"},{"data":"Clothesline","floor":27,"key":"SMITH"},{"floor":32,"key":"REST"}],"neow_cost":"PERCENT_DAMAGE","seed_source_timestamp":563130974699286,"circlet_count":0,"master_deck":["Strike_R","Strike_R","Defend_R","Defend_R","Bash","Demon Form+1","Twin Strike+1","Headbutt","Dual Wield+1","Shrug It Off+1","Shrug It Off","Feed+1","Clothesline+1","Rampage","Barricade","Entrench+1","Apotheosis","Secret Technique","Secret Technique"],"relics":["Burning Blood","Oddly Smooth Stone","Darkstone Periapt","Velvet Choker","Ancient Tea Set","MawBank","Bottled Tornado","Omamori","Pantograph","Bag of Marbles","Sozu","Blood Vial","Dream Catcher"],"potions_floor_usage":[11,16,25,30,33,41],"damage_taken":[{"damage":7,"enemies":"Cultist","floor":1,"turns":5},{"damage":1,"enemies":"2 Louse","floor":2,"turns":3},{"damage":0,"enemies":"Small Slimes","floor":7,"turns":3},{"damage":13,"enemies":"Lagavulin","floor":11,"turns":5},{"damage":6,"enemies":"Gremlin Nob","floor":13,"turns":4},{"damage":5,"enemies":"Blue Slaver","floor":14,"turns":4},{"damage":10,"enemies":"Hexaghost","floor":16,"turns":7},{"damage":34,"enemies":"3 Byrds","floor":18,"turns":6},{"damage":2,"enemies":"Shell Parasite","floor":24,"turns":7},{"damage":8,"enemies":"Book of Stabbing","floor":25,"turns":7},{"damage":27,"enemies":"Gremlin Leader","floor":28,"turns":5},{"damage":33,"enemies":"Slavers","floor":30,"turns":5},{"damage":41,"enemies":"Automaton","floor":33,"turns":9},{"damage":12,"enemies":"3 Shapes","floor":35,"turns":5},{"damage":24,"enemies":"3 Darklings","floor":36,"turns":20},{"damage":36,"enemies":"4 Shapes","floor":37,"turns":7},{"damage":9,"enemies":"Nemesis","floor":40,"turns":15},{"damage":29,"enemies":"Transient","floor":41,"turns":5},{"damage":60,"enemies":"Reptomancer","floor":42,"turns":2}],"seed_played":"2062743930943353928","potions_obtained":[{"floor":7,"key":"Weak Potion"},{"floor":14,"key":"Swift Potion"},{"floor":16,"key":"LiquidBronze"},{"floor":24,"key":"Block Potion"},{"floor":25,"key":"Poison Potion"},{"floor":33,"key":"Weak Potion"}],"is_trial":false,"path_per_floor":["M","M","$","$","?","R","M","R","T","R","E","$","E","M","R","B",null,"M","?","?","$","?","R","M","E","T","R","E","T","E","?","R","B",null,"M","M","M","?","?","E","M","E"],"character_chosen":"IRONCLAD","items_purchased":["Shrug It Off","Clothesline"],"campfire_rested":1,"item_purchase_floors":[3,21],"current_hp_per_floor":[55,60,60,60,60,60,66,66,66,66,59,59,59,60,60,56,80,58,58,41,41,41,41,49,51,51,51,34,34,11,11,43,37,111,109,95,77,67,67,70,49,0],"gold":535,"neow_bonus":"TRANSFORM_TWO_CARDS","is_prod":false,"is_daily":false,"chose_seed":false,"campfire_upgraded":6,"win_rate":0,"timestamp":1568560984,"path_taken":["M","M","?","$","?","R","M","R","T","R","E","$","E","M","R","BOSS","M","?","?","$","?","R","?","E","T","R","E","?","E","?","R","BOSS","M","M","M","?","?","E","?","E"],"build_version":"2019-07-17","purchased_purges":2,"victory":false,"max_hp_per_floor":[80,80,80,80,80,80,80,80,80,80,80,80,80,80,80,80,80,86,86,91,91,91,91,95,99,99,99,103,103,107,107,107,111,111,115,119,131,131,131,135,135,135],"card_choices":[{"not_picked":["Flame Barrier","Thunderclap"],"picked":"Headbutt","floor":1},{"not_picked":["Body Slam","Heavy Blade"],"picked":"Dual Wield","floor":2},{"not_picked":["Clash","Sword Boomerang"],"picked":"Shrug It Off","floor":7},{"not_picked":["Limit Break","Iron Wave","Pummel"],"picked":"SKIP","floor":11},{"not_picked":["Flex","Reckless Charge","Perfected Strike"],"picked":"SKIP","floor":13},{"not_picked":["Thunderclap","Pommel Strike","Clash"],"picked":"SKIP","floor":14},{"not_picked":["Demon Form","Limit Break"],"picked":"Feed","floor":16},{"not_picked":["Clash","Shockwave"],"picked":"Armaments+1","floor":18},{"not_picked":["Entrench","Rupture","Clothesline"],"picked":"SKIP","floor":24},{"not_picked":["Flame Barrier","Sword Boomerang"],"picked":"Rampage","floor":25},{"not_picked":["Iron Wave","Infernal Blade","Evolve+1"],"picked":"SKIP","floor":28},{"not_picked":["Flame Barrier","Anger","Dropkick+1"],"picked":"SKIP","floor":30},{"not_picked":["Immolate","Limit Break"],"picked":"Barricade","floor":33},{"not_picked":["Spot Weakness","Uppercut"],"picked":"Entrench+1","floor":35},{"not_picked":["Wild Strike+1","Thunderclap+1","Carnage"],"picked":"SKIP","floor":36},{"not_picked":["Feel No Pain","Havoc","Anger+1"],"picked":"SKIP","floor":37},{"not_picked":["Panacea","Mind Blast"],"picked":"Apotheosis","floor":38},{"not_picked":["Panacea","Finesse"],"picked":"Secret Technique","floor":38},{"not_picked":["Blind","Enlightenment"],"picked":"Secret Technique","floor":38},{"not_picked":["Feel No Pain","Flex","Infernal Blade"],"picked":"SKIP","floor":40},{"not_picked":["Body Slam+1","Clash+1","Wild Strike+1"],"picked":"SKIP","floor":41}],"player_experience":109833,"relics_obtained":[{"floor":11,"key":"Oddly Smooth Stone"},{"floor":13,"key":"Darkstone Periapt"},{"floor":25,"key":"Ancient Tea Set"},{"floor":26,"key":"MawBank"},{"floor":28,"key":"Bottled Tornado"},{"floor":29,"key":"Omamori"},{"floor":30,"key":"Pantograph"},{"floor":40,"key":"Dream Catcher"}],"event_choices":[{"cards_removed":["Strike_R"],"damage_healed":0,"gold_gain":0,"player_choice":"Forget","damage_taken":0,"max_hp_gain":0,"max_hp_loss":0,"event_name":"Living Wall","floor":5,"gold_loss":0},{"damage_healed":0,"gold_gain":0,"player_choice":"Ignored","damage_taken":0,"max_hp_gain":0,"max_hp_loss":0,"event_name":"The Mausoleum","floor":19,"gold_loss":0},{"damage_healed":0,"gold_gain":0,"player_choice":"Shed Blood","damage_taken":22,"max_hp_gain":5,"max_hp_loss":0,"event_name":"Forgotten Altar","floor":20,"gold_loss":0},{"damage_healed":0,"gold_gain":0,"player_choice":"Ignored","damage_taken":0,"max_hp_gain":0,"max_hp_loss":0,"event_name":"Vampires","floor":22,"gold_loss":0},{"damage_healed":0,"gold_gain":0,"player_choice":"Obtained Relic","damage_taken":0,"relics_obtained":["Bag of Marbles"],"max_hp_gain":0,"max_hp_loss":0,"event_name":"Addict","floor":31,"gold_loss":85},{"damage_healed":0,"gold_gain":0,"player_choice":"Memory 3","damage_taken":10,"max_hp_gain":0,"max_hp_loss":0,"event_name":"SensoryStone","floor":38,"gold_loss":0},{"cards_removed":["Armaments"],"damage_healed":0,"gold_gain":0,"player_choice":"Gave Card","damage_taken":0,"relics_obtained":["Blood Vial"],"max_hp_gain":0,"max_hp_loss":0,"event_name":"WeMeetAgain","floor":39,"gold_loss":0}],"is_beta":false,"boss_relics":[{"not_picked":["Eternal Feather","Runic Dome"],"picked":"Velvet Choker"},{"not_picked":["Orrery","Empty Cage"],"picked":"Sozu"}],"items_purged_floors":[3,21],"is_endless":false,"potions_floor_spawned":[7,14,16,24,25,33,37,41],"killed_by":"Reptomancer","ascension_level":0}