{"gold_per_floor":[117,137,160,174,188,220,220,240,240,240,256,266,266,280,280,375,375,387,406,419,438,452,452,487,487,487,487,497,512,293,307,307,408,408,426,438,438,438,438,469,469,469,494,5,35,84,84,130,130,130],"floor_reached":51,"playtime":9338,"items_purged":["Strike_R","Strike_R"],"score":781,"play_id":"3ea89006-b8cc-4529-8f12-073760e3b028","local_time":"20190913194852","is_ascension_mode":false,"campfire_choices":[{"data":"Metallicize","floor":7,"key":"SMITH"},{"data":"Whirlwind","floor":10,"key":"SMITH"},{"data":"Armaments","floor":13,"key":"SMITH"},{"data":"Metallicize","floor":15,"key":"SMITH"},{"data":"Metallicize","floor":23,"key":"SMITH"},{"data":"Shockwave","floor":25,"key":"SMITH"},{"data":"Headbutt","floor":27,"key":"SMITH"},{"data":"Dual Wield","floor":32,"key":"SMITH"},{"floor":47,"key":"REST"},{"floor":49,"key":"REST"}],"neow_cost":"NONE","seed_source_timestamp":416288904364430,"circlet_count":0,"master_deck":["Strike_R","Strike_R","Strike_R","Defend_R","Defend_R","Defend_R","Bash","Bludgeon","Whirlwind+1","Shrug It Off","Metallicize+1","Ghostly Armor","Clothesline","Armaments+1","Metallicize+1","Metallicize+1","Shockwave+1","Shockwave+1","Shrug It Off","Bloodletting","Headbutt+1","Body Slam","Spot Weakness","Seeing Red","Dual Wield+1","Carnage","Headbutt","Feed","Rampage","Metallicize+1","Purity","Flash of Steel","Dramatic Entrance","Armaments+1","Madness","Madness","Panacea","Headbutt+1","Inflame","Whirlwind+1"],"relics":["Burning Blood","Lantern","Incense Burner","Bag of Marbles","Mark of Pain","Juzu Bracelet","Matryoshka","Fusion Hammer","Happy Flower","Centennial Puzzle","Omamori","Frozen Eye","Anchor","Meat on the Bone","Dream Catcher","Ancient Tea Set"],"potions_floor_usage":[31,33,40,40,50,50,50,50,50,50],"damage_taken":[{"damage":6,"enemies":"Cultist","floor":1,"turns":3},{"damage":0,"enemies":"2 Louse","floor":2,"turns":1},{"damage":0,"enemies":"Jaw Worm","floor":4,"turns":3},{"damage":5,"enemies":"2 Fungi Beasts","floor":5,"turns":5},{"damage":6,"enemies":"3 Sentries","floor":6,"turns":6},{"damage":2,"enemies":"Looter","floor":8,"turns":2},{"damage":5,"enemies":"Gremlin Gang","floor":11,"turns":2},{"damage":8,"enemies":"3 Louse","floor":12,"turns":2},{"damage":1,"enemies":"Exordium Wildlife","floor":14,"turns":5},{"damage":36,"enemies":"Hexaghost","floor":16,"turns":13},{"damage":0,"enemies":"Shell Parasite","floor":18,"turns":6},{"damage":0,"enemies":"Chosen","floor":19,"turns":6},{"damage":3,"enemies":"Shelled Parasite and Fungi","floor":20,"turns":8},{"damage":0,"enemies":"Chosen and Byrds","floor":21,"turns":6},{"damage":0,"enemies":"Snake Plant","floor":22,"turns":5},{"damage":0,"enemies":"Book of Stabbing","floor":24,"turns":6},{"damage":0,"enemies":"Snecko","floor":28,"turns":6},{"damage":11,"enemies":"Shelled Parasite and Fungi","floor":29,"turns":9},{"damage":17,"enemies":"Chosen and Byrds","floor":31,"turns":6},{"damage":12,"enemies":"Automaton","floor":33,"turns":9},{"damage":10,"enemies":"Orb Walker","floor":35,"turns":12},{"damage":0,"enemies":"3 Shapes","floor":36,"turns":1},{"damage":26,"enemies":"Nemesis","floor":40,"turns":13},{"damage":26,"enemies":"Reptomancer","floor":45,"turns":10},{"damage":39,"enemies":"Awakened One","floor":50,"turns":12}],"seed_played":"7737665682394905405","potions_obtained":[{"floor":4,"key":"Fire Potion"},{"floor":6,"key":"Energy Potion"},{"floor":8,"key":"PowerPotion"},{"floor":35,"key":"SkillPotion"},{"floor":36,"key":"AttackPotion"},{"floor":45,"key":"FearPotion"}],"is_trial":false,"path_per_floor":["M","M","T","M","M","E","R","M","T","R","M","M","R","M","R","B",null,"M","M","M","M","M","R","E","R","T","R","M","M","$","M","R","B",null,"M","M","?","?","?","E","?","?","T","$","E","T","R","T","R","B",null],"character_chosen":"IRONCLAD","items_purchased":["Dual Wield","Carnage","Frozen Eye","EntropicBrew","Panacea"],"campfire_rested":2,"item_purchase_floors":[30,30,44,44,44],"current_hp_per_floor":[80,80,80,80,80,80,80,80,80,80,80,78,78,80,80,50,80,80,80,80,80,80,80,80,80,80,80,80,75,75,64,64,58,80,80,84,74,94,94,74,62,62,62,62,46,46,75,75,98,65],"gold":130,"neow_bonus":"ONE_RANDOM_RARE_CARD","is_prod":false,"is_daily":false,"chose_seed":false,"campfire_upgraded":8,"win_rate":0.0,"timestamp":1568418532,"path_taken":["M","M","?","M","M","E","R","M","T","R","?","M","R","M","R","BOSS","M","M","M","M","M","R","E","R","T","R","M","M","$","M","R","BOSS","M","M","?","?","?","E","?","?","T","$","E","?","R","?","R","BOSS"],"build_version":"2019-07-17","purchased_purges":2,"victory":true,"max_hp_per_floor":[80,80,80,80,80,80,80,80,80,80,80,80,80,80,80,80,80,80,80,80,80,80,80,80,80,80,80,80,80,80,80,80,80,80,84,84,84,94,94,94,94,94,94,94,98,98,98,98,98,98],"card_choices":[{"not_picked":["Clash","Twin Strike"],"picked":"Whirlwind","floor":1},{"not_picked":["Burning Pact","Headbutt"],"picked":"Shrug It Off","floor":2},{"not_picked":["Rage","Cleave","Clothesline"],"picked":"SKIP","floor":4},{"not_picked":["Headbutt","Heavy Blade"],"picked":"Metallicize","floor":5},{"not_picked":["Reckless Charge","Infernal Blade"],"picked":"Ghostly Armor","floor":6},{"not_picked":["Body Slam","Clash"],"picked":"Clothesline","floor":8},{"not_picked":["Rupture","Clothesline"],"picked":"Armaments","floor":11},{"not_picked":["Perfected Strike","Disarm"],"picked":"Metallicize","floor":12},{"not_picked":["Shrug It Off","Armaments"],"picked":"Metallicize","floor":14},{"not_picked":["Brutality","Berserk"],"picked":"Impervious","floor":16},{"not_picked":["Flex","True Grit"],"picked":"Shockwave","floor":18},{"not_picked":["Armaments+1","Anger"],"picked":"Shockwave+1","floor":19},{"not_picked":["Feel No Pain","Pommel Strike+1"],"picked":"Shrug It Off","floor":20},{"not_picked":["Armaments","Burning Pact"],"picked":"Bloodletting","floor":21},{"not_picked":["Flex","Pommel Strike"],"picked":"Headbutt","floor":22},{"not_picked":["Searing Blow+1","Heavy Blade"],"picked":"Body Slam","floor":24},{"not_picked":["Sword Boomerang+1","Dropkick"],"picked":"Spot Weakness","floor":28},{"not_picked":["Headbutt","Limit Break"],"picked":"Seeing Red","floor":29},{"not_picked":["Perfected Strike+1","Flex"],"picked":"Headbutt","floor":31},{"not_picked":["Fiend Fire","Bludgeon"],"picked":"Feed","floor":33},{"not_picked":["Hemokinesis","Clothesline+1"],"picked":"Rampage","floor":35},{"not_picked":["Reckless Charge+1","Carnage+1"],"picked":"Metallicize+1","floor":36},{"not_picked":["Jack Of All Trades","Trip"],"picked":"Purity","floor":37},{"not_picked":["Finesse","The Bomb"],"picked":"Flash of Steel","floor":37},{"not_picked":["Trip","PanicButton"],"picked":"Dramatic Entrance","floor":37},{"not_picked":["Entrench","Sever Soul+1"],"picked":"Armaments+1","floor":40},{"not_picked":["Corruption+1","Flex"],"picked":"Headbutt+1","floor":45},{"not_picked":["Rupture","Combust+1"],"picked":"Inflame","floor":47},{"not_picked":["Thunderclap+1","Clothesline"],"picked":"Whirlwind+1","floor":49}],"player_experience":37524,"relics_obtained":[{"floor":3,"key":"Lantern"},{"floor":6,"key":"Incense Burner"},{"floor":9,"key":"Bag of Marbles"},{"floor":24,"key":"Juzu Bracelet"},{"floor":26,"key":"Matryoshka"},{"floor":40,"key":"Happy Flower"},{"floor":43,"key":"Centennial Puzzle"},{"floor":43,"key":"Omamori"},{"floor":45,"key":"Anchor"},{"floor":46,"key":"Meat on the Bone"},{"floor":46,"key":"Dream Catcher"},{"floor":48,"key":"Ancient Tea Set"}],"event_choices":[{"damage_healed":0,"gold_gain":0,"player_choice":"Memory 3","damage_taken":10,"max_hp_gain":0,"max_hp_loss":0,"event_name":"SensoryStone","floor":37,"gold_loss":0},{"cards_removed":["Impervious"],"damage_healed":10,"gold_gain":0,"player_choice":"Offered Rare","damage_taken":0,"max_hp_gain":10,"max_hp_loss":0,"event_name":"Bonfire Elementals","floor":38,"gold_loss":0},{"cards_removed":["Defend_R"],"damage_healed":0,"gold_gain":0,"player_choice":"Removed Skill","damage_taken":0,"max_hp_gain":0,"max_hp_loss":0,"event_name":"Falling","floor":39,"gold_loss":0},{"damage_healed":0,"gold_gain":0,"player_choice":"Embrace Madness","damage_taken":12,"max_hp_gain":0,"max_hp_loss":0,"event_name":"Winding Halls","floor":41,"gold_loss":0,"cards_obtained":["Madness","Madness"]},{"damage_healed":0,"gold_gain":0,"player_choice":"Ignored","damage_taken":0,"max_hp_gain":0,"max_hp_loss":0,"event_name":"Tomb of Lord Red Mask","floor":42,"gold_loss":0}],"is_beta":false,"boss_relics":[{"not_picked":["Runic Pyramid","Astrolabe"],"picked":"Mark of Pain"},{"not_picked":["Lizard Tail","Cursed Key"],"picked":"Fusion Hammer"}],"items_purged_floors":[30,44],"is_endless":false,"potions_floor_spawned":[4,6,8,16,18,22,24,28,35,36,45],"ascension_level":0}