{"gold_per_floor":[20,20,20,20,41,80,80,101,101,101,101,116,135,156,156,156],"floor_reached":16,"playtime":581,"items_purged":[],"score":102,"play_id":"94ea99c1-2ccd-4bab-8f1e-7a4731b727d7","local_time":"20180801041339","is_ascension_mode":false,"campfire_choices":[{"floor":7,"key":"REST"},{"floor":11,"key":"REST"},{"floor":15,"key":"REST"}],"neow_cost":"NO_GOLD","seed_source_timestamp":222479472461944,"circlet_count":0,"master_deck":["Strike_B","Strike_B","Strike_B","Strike_B","Defend_B","Defend_B","Defend_B","Zap","Dualcast+1","Reboot","Gash","Compile Driver","Loop","Storm","Redo","Stack","Compile Driver"],"relics":["Cracked Core","Golden Idol","Letter Opener","Matryoshka"],"potions_floor_usage":[16],"damage_taken":[{"damage":12,"enemies":"2 Louse","floor":1,"turns":2},{"damage":6,"enemies":"Jaw Worm","floor":5,"turns":2},{"damage":26,"enemies":"Lagavulin","floor":6,"turns":5},{"damage":0,"enemies":"Small Slimes","floor":8,"turns":2},{"damage":20,"enemies":"Looter","floor":12,"turns":3},{"damage":0,"enemies":"Exordium Wildlife","floor":13,"turns":2},{"damage":9,"enemies":"Blue Slaver","floor":14,"turns":3},{"damage":47,"enemies":"The Guardian","floor":16,"turns":7}],"seed_played":"4176611074399574574","potions_obtained":[{"floor":6,"key":"Block Potion"},{"floor":13,"key":"Explosive Potion"},{"floor":14,"key":"Weak Potion"}],"is_trial":false,"path_per_floor":["M","?","?","?","M","E","R","M","T","$","R","M","M","M","R"],"character_chosen":"DEFECT","items_purchased":[],"campfire_rested":3,"item_purchase_floors":[],"current_hp_per_floor":[63,45,38,38,32,6,28,28,28,28,50,30,30,21,43,0],"gold":156,"neow_bonus":"THREE_RARE_CARDS","is_prod":false,"is_daily":false,"chose_seed":false,"campfire_upgraded":0,"win_rate":0.0,"timestamp":1533114819,"path_taken":["M","?","?","?","?","E","R","M","T","?","R","?","M","M","R","BOSS"],"build_version":"2018-07-26","purchased_purges":0,"victory":false,"max_hp_per_floor":[75,75,75,75,75,75,75,75,75,75,75,75,75,75,75,75],"card_choices":[{"not_picked":["Seek","Amplify"],"picked":"Reboot","floor":0},{"not_picked":["Streamline","Capacitor"],"picked":"Gash","floor":1},{"not_picked":["Steam","Rebound"],"picked":"Compile Driver","floor":5},{"not_picked":["Reinforced Body","Tempest"],"picked":"Loop","floor":6},{"not_picked":["Streamline","Steam"],"picked":"Storm","floor":8},{"not_picked":["Gash","Go for the Eyes"],"picked":"Redo","floor":12},{"not_picked":["Reboot","Go for the Eyes"],"picked":"Stack","floor":13},{"not_picked":["Rip and Tear","Gash"],"picked":"Compile Driver","floor":14}],"player_experience":10420,"relics_obtained":[{"floor":6,"key":"Letter Opener"},{"floor":9,"key":"Matryoshka"}],"event_choices":[{"event_name":"Golden Idol","player_choice":"Take Damage","floor":2,"damage_taken":0},{"event_name":"Golden Wing","player_choice":"Card Removal","floor":3,"damage_taken":0},{"event_name":"Living Wall","player_choice":"Grow","floor":4,"damage_taken":0}],"is_beta":false,"boss_relics":[],"items_purged_floors":[],"is_endless":false,"potions_floor_spawned":[6,13,14],"killed_by":"The Guardian","ascension_level":0}