{"path_per_floor":["M","?","?","M","M","R","M","M","T","R","T","M","M","E","R","B",null,"M","M","M","?","?","R","?","R","T","M","$","M","$","M","R","B",null,"M","M","?","?","M","R","M","M","T","?","R","M","R","M","R"],"character_chosen":"THE_SILENT","items_purchased":["Finesse"],"gold_per_floor":[115,115,65,77,90,90,104,120,120,120,146,162,182,213,213,313,313,313,313,313,313,213,213,213,213,213,213,58,58,8,8,8,8,8,8,8,8,8,8,8,8,8,8,8,8,8,8,8,8,8],"floor_reached":50,"campfire_rested":1,"playtime":2479,"current_hp_per_floor":[62,59,59,59,59,59,50,46,46,67,67,65,60,60,60,8,70,57,57,53,53,53,53,49,49,49,49,49,49,49,48,48,22,49,38,44,44,44,35,35,25,21,35,57,57,61,61,63,63,0],"items_purged":["Survivor","Defend_G"],"gold":8,"score":526,"play_id":"3fc9e0f3-bee3-4e3e-9d87-75d215cf3a7f","local_time":"20180326133809","is_prod":false,"is_daily":false,"is_ascension_mode":false,"campfire_upgraded":5,"timestamp":1522089489,"path_taken":["M","?","?","?","M","R","M","M","T","R","?","M","M","E","R","BOSS","M","?","M","?","?","R","?","R","T","M","?","?","$","M","R","BOSS","M","M","?","?","?","R","?","M","T","?","R","M","R","M","R","BOSS"],"build_version":"2018-03-22v2","purchased_purges":3,"victory":false,"master_deck":["Defend_G","Defend_G","Neutralize","Storm of Steel+1","Footwork+1","Terror+1","Blade Dance+1","Accuracy+1","Backstab","Adrenaline+1","Cloak And Dagger","Escape Plan+1","Dash","J.A.X.","Bite","Bite","Bite","Bite","Bite","Finesse","Predator","Die Die Die","Regret","Writhe","Parasite","Blur+1","Cloak And Dagger+1","Writhe","Finisher+1"],"max_hp_per_floor":[70,70,70,70,70,70,70,70,70,70,70,70,70,70,70,70,70,70,70,70,70,70,70,49,49,49,49,49,49,49,49,49,49,49,49,49,49,49,49,49,49,49,63,69,69,69,69,69,69,69],"relics":["Ring of the Snake","Girya","Peace Pipe","Pen Nib","Smiling Mask","Ectoplasm","Du-Vu Doll","Calling Bell","Ice Cream","War Paint","Darkstone Periapt","Mango"],"card_choices":[{"not_picked":["Bane","Dagger Spray"],"picked":"Footwork","floor":1.0},{"not_picked":["Deflect","Acrobatics"],"picked":"Terror","floor":4.0},{"not_picked":["Prepared","Dagger Throw"],"picked":"Blade Dance","floor":5.0},{"not_picked":["Dodge and Roll","Underhanded Strike"],"picked":"Accuracy","floor":12.0},{"not_picked":["Skewer","Catalyst"],"picked":"Backstab","floor":13.0},{"not_picked":["Tactician","Unload"],"picked":"Adrenaline","floor":16.0},{"not_picked":["Expertise","Underhanded Strike"],"picked":"Cloak And Dagger","floor":18.0},{"not_picked":["Prepared","Catalyst"],"picked":"Escape Plan","floor":19.0},{"not_picked":["Poisoned Stab","Deadly Poison"],"picked":"Dash","floor":20.0},{"not_picked":["Choke","Dagger Spray"],"picked":"Predator","floor":29.0},{"not_picked":["Unload","Wraith Form"],"picked":"Die Die Die","floor":33.0},{"not_picked":["Acrobatics","Noxious Fumes"],"picked":"Blur","floor":39},{"not_picked":["Prepared","Bouncing Flask"],"picked":"Cloak And Dagger","floor":41},{"not_picked":["Deflect","Dodge and Roll"],"picked":"Finisher","floor":46}],"player_experience":66668,"potions_floor_usage":[39,46,50,50],"damage_taken":[{"damage":8.0,"enemies":"Small Slimes","floor":1.0,"turns":4.0},{"damage":0.0,"enemies":"Jaw Worm","floor":4.0,"turns":5.0},{"damage":0.0,"enemies":"Cultist","floor":5.0,"turns":4.0},{"damage":9.0,"enemies":"Exordium Wildlife","floor":7.0,"turns":6.0},{"damage":4.0,"enemies":"Gremlin Gang","floor":8.0,"turns":6.0},{"damage":2.0,"enemies":"Blue Slaver","floor":12.0,"turns":4.0},{"damage":5.0,"enemies":"Exordium Thugs","floor":13.0,"turns":6.0},{"damage":0.0,"enemies":"Gremlin Nob","floor":14.0,"turns":2.0},{"damage":52.0,"enemies":"Slime Boss","floor":16.0,"turns":12.0},{"damage":13.0,"enemies":"3 Byrds","floor":18.0,"turns":6.0},{"damage":0.0,"enemies":"Shell Parasite","floor":19.0,"turns":4.0},{"damage":4.0,"enemies":"Sentry and Sphere","floor":20.0,"turns":5.0},{"damage":3.0,"enemies":"Cultist and Chosen","floor":27.0,"turns":4.0},{"damage":3.0,"enemies":"Centurion and Healer","floor":29.0,"turns":5.0},{"damage":3.0,"enemies":"Snake Plant","floor":31.0,"turns":3.0},{"damage":38.0,"enemies":"Automaton","floor":33.0,"turns":8.0},{"damage":15,"enemies":"3 Shapes","floor":35,"turns":3},{"damage":0,"enemies":"Orb Walker","floor":36,"turns":3},{"damage":22,"enemies":"Maw","floor":39,"turns":5},{"damage":18,"enemies":"3 Darklings","floor":41,"turns":4},{"damage":8,"enemies":"Sphere and 2 Shapes","floor":42,"turns":3},{"damage":8,"enemies":"Maw","floor":46,"turns":5},{"damage":0,"enemies":"4 Shapes","floor":48,"turns":3},{"damage":76,"enemies":"Time Eater","floor":50,"turns":5}],"event_choices":[{"event_name":"Scrap Ooze","player_choice":"success","floor":2.0,"damage_taken":3.0},{"event_name":"The Cleric","player_choice":"Card Removal","floor":3.0,"damage_taken":0.0},{"event_name":"Purifier","player_choice":"One Purge","floor":21.0,"damage_taken":0.0},{"event_name":"Drug Dealer","player_choice":"Got JAXXED","floor":22.0,"damage_taken":0.0},{"event_name":"Vampires","player_choice":"Became a vampire","floor":24.0,"damage_taken":0.0},{"event_name":"Fountain of Cleansing","player_choice":"Ignored","floor":37,"damage_taken":0},{"event_name":"Purifier","player_choice":"One Purge","floor":38,"damage_taken":0},{"event_name":"Winding Halls","player_choice":"Writhe","floor":44,"damage_taken":0}],"boss_relics":[{"not_picked":["Pandora\u0027s Box","Runic Dome"],"picked":"Calling Bell"}],"potions_floor_spawned":[5,12,13,16,20,29,31,33,35,42,46],"seed_played":"1031801465659975011","killed_by":"Time Eater","ascension_level":0,"is_trial":false}