{"gold_per_floor":[119,136,86,11,11,46,56,68,150,170,180,180,198,226,226,329,329,340,340,357,15,29,40,40],"floor_reached":24,"playtime":2048,"items_purged":["Strike_B"],"score":237,"play_id":"585f2953-3dd2-4f8c-a999-fc83a073e309","local_time":"20190918015049","is_ascension_mode":false,"campfire_choices":[{"data":"Zap","floor":12,"key":"SMITH"},{"data":"Capacitor","floor":15,"key":"SMITH"}],"neow_cost":"NONE","seed_source_timestamp":532987092726300,"circlet_count":0,"master_deck":["Defend_B","Defend_B","Defend_B","Defend_B","Zap+1","Dualcast","Hologram","Genetic Algorithm","Compile Driver","Ball Lightning","Streamline","Capacitor+1","Scrape","FTL","FTL","Echo Form","Sweeping Beam","Conserve Battery","Auto Shields"],"relics":["Cracked Core","NeowsBlessing","Peace Pipe","Shuriken","Boot","Empty Cage","Incense Burner"],"potions_floor_usage":[20,24],"damage_taken":[{"damage":0,"enemies":"Cultist","floor":1,"turns":1},{"damage":0,"enemies":"Jaw Worm","floor":2,"turns":1},{"damage":0,"enemies":"3 Sentries","floor":6,"turns":2},{"damage":8,"enemies":"Small Slimes","floor":7,"turns":2},{"damage":16,"enemies":"3 Louse","floor":8,"turns":3},{"damage":1,"enemies":"Exordium Thugs","floor":10,"turns":4},{"damage":2,"enemies":"Blue Slaver","floor":11,"turns":4},{"damage":4,"enemies":"2 Fungi Beasts","floor":13,"turns":3},{"damage":18,"enemies":"Lagavulin","floor":14,"turns":5},{"damage":18,"enemies":"Hexaghost","floor":16,"turns":8},{"damage":18,"enemies":"Shell Parasite","floor":18,"turns":6},{"damage":4,"enemies":"3 Byrds","floor":20,"turns":3},{"damage":15,"enemies":"Cultist and Chosen","floor":22,"turns":7},{"damage":9,"enemies":"Snake Plant","floor":23,"turns":5},{"damage":7,"enemies":"Snecko","floor":24,"turns":4}],"seed_played":"7046981738339857533","potions_obtained":[{"floor":6,"key":"SkillPotion"},{"floor":7,"key":"FearPotion"},{"floor":11,"key":"SneckoOil"},{"floor":22,"key":"Regen Potion"}],"is_trial":false,"path_per_floor":["M","M","?","$","?","E","M","M","T","M","M","R","M","E","R","B",null,"M","?","M","$","M","M","M"],"character_chosen":"DEFECT","items_purchased":["Conserve Battery","Incense Burner"],"campfire_rested":0,"item_purchase_floors":[21,21],"current_hp_per_floor":[75,75,75,75,80,80,72,56,56,55,53,53,49,31,31,13,80,62,62,58,58,43,34,32],"gold":40,"neow_bonus":"THREE_ENEMY_KILL","is_prod":false,"is_daily":false,"chose_seed":false,"campfire_upgraded":2,"win_rate":0.0,"timestamp":1568782249,"path_taken":["M","?","?","$","?","E","M","M","T","M","M","R","M","E","R","BOSS","M","?","?","$","M","M","M"],"build_version":"2019-07-17","purchased_purges":1,"victory":false,"max_hp_per_floor":[75,75,75,75,80,80,80,80,80,80,80,80,80,80,80,80,80,80,80,80,80,80,80,80],"card_choices":[{"not_picked":["Turbo","Go for the Eyes"],"picked":"Hologram","floor":1},{"not_picked":["Storm","Darkness"],"picked":"Genetic Algorithm","floor":2},{"not_picked":["Creative AI","Melter"],"picked":"Compile Driver","floor":6},{"not_picked":["Rebound","Consume"],"picked":"Ball Lightning","floor":7},{"not_picked":["Storm","Hello World"],"picked":"Streamline","floor":8},{"not_picked":["Conserve Battery","Steam"],"picked":"Capacitor","floor":10},{"not_picked":["Chaos","Reprogram"],"picked":"Scrape","floor":11},{"not_picked":["Turbo","Go for the Eyes"],"picked":"FTL","floor":13},{"not_picked":["Gash","Loop"],"picked":"FTL","floor":14},{"not_picked":["All For One","Seek"],"picked":"Echo Form","floor":16},{"not_picked":["Force Field","Gash"],"picked":"Sweeping Beam","floor":18},{"not_picked":["Loop","Self Repair+1","Blizzard"],"picked":"SKIP","floor":20},{"not_picked":["Rip and Tear","Rebound"],"picked":"Auto Shields","floor":22},{"not_picked":["Rebound","Gash","Hologram+1"],"picked":"SKIP","floor":23}],"player_experience":50977,"relics_obtained":[{"floor":6,"key":"Peace Pipe"},{"floor":9,"key":"Shuriken"},{"floor":14,"key":"Boot"}],"event_choices":[{"cards_removed":["Strike_B"],"damage_healed":0,"gold_gain":0,"player_choice":"Card Removal","damage_taken":0,"max_hp_gain":0,"max_hp_loss":0,"event_name":"The Cleric","floor":3,"gold_loss":50},{"damage_healed":0,"gold_gain":0,"player_choice":"Donut","damage_taken":0,"max_hp_gain":5,"max_hp_loss":0,"event_name":"Big Fish","floor":5,"gold_loss":0},{"damage_healed":0,"gold_gain":0,"player_choice":"0 cards matched","damage_taken":0,"max_hp_gain":0,"max_hp_loss":0,"event_name":"Match and Keep!","floor":19,"gold_loss":0,"cards_obtained":[]}],"is_beta":false,"boss_relics":[{"not_picked":["Cursed Key","Astrolabe"],"picked":"Empty Cage"}],"items_purged_floors":[4],"is_endless":false,"potions_floor_spawned":[6,7,11,13,14,22],"killed_by":"Snecko","ascension_level":0}