{"gold_per_floor":[116,191,211,386,403,403,372,372,426,396,396,6,6,17,17,122,122,140,158,175,274,58,58,58,58,58,74,91,91,91,91,91,193,193,205,28,128,145,155,184,184,184,184,196,196,196,213,227,227,227],"floor_reached":51,"playtime":2300,"items_purged":["Doubt","Strike_G","Defend_G"],"score":792,"play_id":"fcb363a4-8092-4c93-a9c7-4e079e6059c7","local_time":"20190920021742","is_ascension_mode":false,"campfire_choices":[{"data":"Blur","floor":6.0,"key":"SMITH"},{"data":"Noxious Fumes","floor":13.0,"key":"SMITH"},{"data":"Neutralize","floor":15,"key":"SMITH"},{"data":"Noxious Fumes","floor":23,"key":"SMITH"},{"data":"Adrenaline","floor":30,"key":"SMITH"},{"data":"Backflip","floor":32,"key":"SMITH"},{"data":"Footwork","floor":41,"key":"SMITH"},{"data":"Leg Sweep","floor":49,"key":"SMITH"}],"neow_cost":"NONE","seed_source_timestamp":39513859122200,"circlet_count":0,"master_deck":["Strike_G","Strike_G","Strike_G","Strike_G","Defend_G","Defend_G","Defend_G","Defend_G","Survivor+1","Neutralize+1","Blur+1","Leg Sweep+1","Deadly Poison","Neutralize+1","After Image","After Image","Noxious Fumes+1","Backflip+1","Adrenaline+1","Cloak And Dagger+1","Well Laid Plans","Noxious Fumes+1","Cloak And Dagger+1","Bouncing Flask+1","Corpse Explosion+1","Footwork+1","Madness+1","Madness+1","Cloak And Dagger+1"],"special_seed":0,"relics":["Ring of the Snake","Happy Flower","Membership Card","Calipers","Cursed Key","Toxic Egg 2","Busted Crown","Anchor","Gambling Chip","InkBottle","Lantern"],"potions_floor_usage":[14,16,27,33,38,50,50,50],"damage_taken":[{"damage":0.0,"enemies":"Jaw Worm","floor":1.0,"turns":3.0},{"damage":0.0,"enemies":"Small Slimes","floor":3.0,"turns":4.0},{"damage":0.0,"enemies":"2 Louse","floor":5.0,"turns":4.0},{"damage":0.0,"enemies":"Exordium Thugs","floor":7.0,"turns":6.0},{"damage":2.0,"enemies":"Looter","floor":10.0,"turns":4.0},{"damage":2,"enemies":"Gremlin Gang","floor":14,"turns":4},{"damage":15,"enemies":"Slime Boss","floor":16,"turns":12},{"damage":0,"enemies":"Spheric Guardian","floor":18,"turns":5},{"damage":4,"enemies":"Chosen","floor":19,"turns":7},{"damage":0,"enemies":"Snecko","floor":20,"turns":7},{"damage":0,"enemies":"Chosen and Byrds","floor":27,"turns":7},{"damage":12,"enemies":"Sentry and Sphere","floor":28,"turns":6},{"damage":4,"enemies":"Automaton","floor":33,"turns":11},{"damage":0,"enemies":"3 Shapes","floor":35,"turns":3},{"damage":7,"enemies":"Mind Bloom Boss Battle","floor":37,"turns":6},{"damage":0,"enemies":"Orb Walker","floor":38,"turns":4},{"damage":0,"enemies":"4 Shapes","floor":39,"turns":5},{"damage":0,"enemies":"Nemesis","floor":40,"turns":9},{"damage":5,"enemies":"Jaw Worm Horde","floor":44,"turns":3},{"damage":0,"enemies":"Transient","floor":47,"turns":5},{"damage":0,"enemies":"4 Shapes","floor":48,"turns":3},{"damage":0,"enemies":"Donu and Deca","floor":50,"turns":8}],"seed_played":"5421317369325479760","potions_obtained":[{"floor":5.0,"key":"GhostInAJar"},{"floor":14,"key":"EssenceOfSteel"},{"floor":16,"key":"Fruit Juice"},{"floor":18,"key":"DuplicationPotion"},{"floor":19,"key":"AttackPotion"},{"floor":28,"key":"Swift Potion"},{"floor":35,"key":"Regen Potion"},{"floor":39,"key":"Dexterity Potion"},{"floor":44,"key":"DuplicationPotion"},{"floor":47,"key":"PowerPotion"}],"is_trial":false,"path_per_floor":["M","?","M","?","M","R","M","?","T","M","?","$","R","M","R","B",null,"M","M","M","?","$","R","?","?","T","M","M","?","R","?","R","B",null,"M","$","?","M","M","E","R","?","T","M","?","?","M","M","R","B",null],"character_chosen":"THE_SILENT","items_purchased":["Membership Card","Noxious Fumes","Calipers","Noxious Fumes","Toxic Egg 2","Anchor","Footwork"],"campfire_rested":0,"item_purchase_floors":[12,12,12,22,22,36,36],"current_hp_per_floor":[70,59,59,59,59,59,59,59,59,57,57,57,57,55,55,45,75,75,71,71,71,71,71,71,71,71,71,59,45,45,45,45,41,80,80,80,73,73,73,73,73,73,73,68,58,58,58,58,58,58],"gold":227,"neow_bonus":"UPGRADE_CARD","is_prod":false,"is_daily":false,"chose_seed":false,"campfire_upgraded":8,"win_rate":0,"timestamp":1568913462,"path_taken":["M","?","M","?","M","R","M","?","T","?","?","$","R","?","R","BOSS","M","M","M","?","$","R","?","?","T","M","?","?","R","?","R","BOSS","M","$","?","M","M","E","R","?","T","?","?","?","?","M","R","BOSS"],"build_version":"2019-09-18","purchased_purges":3,"victory":true,"max_hp_per_floor":[70,70,70,70,70,70,70,70,70,70,70,70,70,70,70,75,75,75,75,75,75,75,75,75,75,75,75,75,80,80,80,80,80,80,80,80,80,80,80,80,80,80,80,80,80,80,80,80,80,80],"card_choices":[{"not_picked":["Bane","Dagger Throw","Flying Knee"],"picked":"SKIP","floor":1.0},{"not_picked":["PiercingWail","Terror"],"picked":"Blur","floor":3.0},{"not_picked":["Deflect","Dagger Spray"],"picked":"Leg Sweep","floor":5.0},{"not_picked":["Backflip","Prepared"],"picked":"Deadly Poison","floor":7.0},{"not_picked":["Distraction","Flying Knee"],"picked":"After Image","floor":10.0},{"not_picked":["Quick Slash","Dagger Spray"],"picked":"Backflip","floor":14},{"not_picked":["Tools of the Trade","Wraith Form v2"],"picked":"Adrenaline","floor":16},{"not_picked":["Outmaneuver","Slice"],"picked":"Cloak And Dagger+1","floor":18},{"not_picked":["Dagger Throw","Concentrate"],"picked":"Well Laid Plans","floor":19},{"not_picked":["Leg Sweep","Concentrate","Masterful Stab"],"picked":"SKIP","floor":20},{"not_picked":["Quick Slash","Unload","Poisoned Stab"],"picked":"SKIP","floor":27},{"not_picked":["Poisoned Stab","Dodge and Roll+1"],"picked":"Cloak And Dagger+1","floor":28},{"not_picked":["Tools of the Trade","Phantasmal Killer+1"],"picked":"Corpse Explosion+1","floor":33},{"not_picked":["Masterful Stab+1"],"picked":"SKIP","floor":35},{"not_picked":["Quick Slash+1"],"picked":"SKIP","floor":38},{"not_picked":["Dagger Spray+1"],"picked":"SKIP","floor":39},{"not_picked":["Bane"],"picked":"SKIP","floor":40},{"not_picked":["Distraction+1"],"picked":"SKIP","floor":44},{"not_picked":["Slice"],"picked":"SKIP","floor":47},{"not_picked":[],"picked":"Cloak And Dagger+1","floor":48}],"player_experience":499579,"relics_obtained":[{"floor":9.0,"key":"Happy Flower"},{"floor":37,"key":"Gambling Chip"},{"floor":40,"key":"InkBottle"},{"floor":46,"key":"Lantern"}],"event_choices":[{"damage_healed":0.0,"max_hp_gain":0.0,"max_hp_loss":0.0,"gold_gain":75.0,"event_name":"World of Goop","player_choice":"Gather Gold","floor":2.0,"gold_loss":0.0,"damage_taken":11.0},{"damage_healed":0.0,"max_hp_gain":0.0,"max_hp_loss":0.0,"gold_gain":175.0,"event_name":"Liars Game","player_choice":"AGREE","floor":4.0,"gold_loss":0.0,"damage_taken":0.0,"cards_obtained":["Doubt"]},{"damage_healed":0.0,"max_hp_gain":0.0,"max_hp_loss":0.0,"gold_gain":0.0,"event_name":"Match and Keep!","player_choice":"2 cards matched","floor":8.0,"gold_loss":0.0,"damage_taken":0.0,"cards_obtained":["Neutralize","After Image"]},{"damage_healed":0.0,"max_hp_gain":0.0,"max_hp_loss":0.0,"gold_gain":0.0,"event_name":"Upgrade Shrine","player_choice":"Upgraded","floor":11.0,"gold_loss":0.0,"damage_taken":0.0,"cards_upgraded":["Survivor"]},{"damage_healed":0,"gold_gain":99,"player_choice":"Stole From Cult","damage_taken":0,"max_hp_gain":0,"max_hp_loss":0,"event_name":"Nest","floor":21,"gold_loss":0},{"damage_healed":0,"gold_gain":0,"player_choice":"Ignored","damage_taken":0,"max_hp_gain":0,"max_hp_loss":0,"event_name":"Cursed Tome","floor":24,"gold_loss":0},{"damage_healed":0,"gold_gain":0,"player_choice":"0 cards matched","damage_taken":0,"max_hp_gain":0,"max_hp_loss":0,"event_name":"Match and Keep!","floor":25,"gold_loss":0,"cards_obtained":[]},{"damage_healed":0,"gold_gain":0,"player_choice":"Shed Blood","damage_taken":19,"max_hp_gain":5,"max_hp_loss":0,"event_name":"Forgotten Altar","floor":29,"gold_loss":0},{"damage_healed":0,"gold_gain":0,"player_choice":"Read","damage_taken":0,"max_hp_gain":0,"max_hp_loss":0,"event_name":"The Library","floor":31,"gold_loss":0,"cards_obtained":["Bouncing Flask"]},{"damage_healed":0,"gold_gain":0,"player_choice":"Fight","damage_taken":0,"max_hp_gain":0,"max_hp_loss":0,"event_name":"MindBloom","floor":37,"gold_loss":0},{"damage_healed":0,"gold_gain":0,"player_choice":"Bought 0 Potions","damage_taken":0,"max_hp_gain":0,"max_hp_loss":0,"event_name":"The Woman in Blue","floor":42,"gold_loss":0},{"damage_healed":0,"gold_gain":0,"player_choice":"Embrace Madness","damage_taken":10,"max_hp_gain":0,"max_hp_loss":0,"event_name":"Winding Halls","floor":45,"gold_loss":0,"cards_obtained":["Madness","Madness"]},{"damage_healed":0,"gold_gain":0,"player_choice":"Relic","damage_taken":0,"max_hp_gain":0,"max_hp_loss":0,"event_name":"Wheel of Change","floor":46,"gold_loss":0}],"is_beta":true,"boss_relics":[{"not_picked":["Black Star","SacredBark"],"picked":"Cursed Key"},{"not_picked":["Tiny House","Runic Pyramid"],"picked":"Busted Crown"}],"items_purged_floors":[12,22,36],"is_endless":false,"potions_floor_spawned":[5,14,16,18,19,20,28,35,39,44,47],"ascension_level":0}