{"path_per_floor":["M","?","M","$","M","M","R","M","T","?","M","M","M","E","R","B",null,"M","M","?","M","?","R","E","M","T","E","M","R","M","M","R","B",null,"M","?","?","M"],"character_chosen":"IRONCLAD","items_purchased":["Flex","Dexterity Potion","Immolate"],"gold_per_floor":[209,284,301,79,90,106,106,120,120,120,139,157,171,200,200,299,299,299,299,299,299,299,299,299,299,299,299,299,299,299,299,299,299,299,299,259,259,259],"floor_reached":39,"campfire_rested":3,"playtime":2444,"current_hp_per_floor":[80,69,74,74,73,59,59,42,42,68,73,74,77,52,76,40,80,80,80,80,74,74,74,61,51,61,21,13,55,52,43,85,15,90,61,61,61,32],"items_purged":[],"gold":259,"score":379,"play_id":"3edb7f16-c5bf-47da-8622-e573653344d3","is_prod":false,"is_daily":false,"is_ascension_mode":false,"campfire_upgraded":2,"path_taken":["M","?","M","$","M","M","R","M","T","?","M","M","M","E","R","BOSS","M","?","?","M","?","R","E","M","T","E","M","R","M","M","R","BOSS","M","?","?","M","M"],"build_version":"2018-02-15-PROD1","purchased_purges":0,"victory":false,"master_deck":["Strike_R","Strike_R","Strike_R","Strike_R","Strike_R","Defend_R","Defend_R","Bash","Battle Trance","Evolve+1","Flex+1","Immolate","Warcry","Cleave","Flame Barrier","Sever Soul","Twin Strike","Wild Strike","Inflame","Limit Break","Wild Strike+1","Pummel","Flex","Flex","Inflame+1","Rampage+1","Armaments","Limit Break","Heavy Blade+1","Armaments+1"],"max_hp_per_floor":[80,80,80,80,80,80,80,80,80,80,80,80,80,80,80,80,80,80,80,80,80,80,80,80,80,90,90,90,90,90,90,90,90,90,90,90,90,90],"relics":["Burning Blood","Orichalcum","Ancient Tea Set","Ectoplasm","Regal Pillow","Pear","Calipers","White Beast Statue"],"card_choices":[{"not_picked":["Flame Barrier","Armaments"],"picked":"Battle Trance"},{"not_picked":["Pummel","Heavy Blade"],"picked":"Evolve"},{"not_picked":["Clash","Perfected Strike"],"picked":"Warcry"},{"not_picked":["Headbutt","Double Tap"],"picked":"Cleave"},{"not_picked":["Thunderclap","Shockwave"],"picked":"Flame Barrier"},{"not_picked":["Iron Wave","Metallicize"],"picked":"Sever Soul"},{"not_picked":["Clash","Whirlwind"],"picked":"Twin Strike"},{"not_picked":["Searing Blow","Clothesline"],"picked":"Wild Strike"},{"not_picked":["Sever Soul","Anger"],"picked":"Inflame"},{"not_picked":["Brutality","Bludgeon"],"picked":"Limit Break"},{"not_picked":["Headbutt","Corruption"],"picked":"Wild Strike"},{"not_picked":["Flame Barrier","Anger"],"picked":"Pummel"},{"not_picked":["Warcry","Iron Wave"],"picked":"Flex"},{"not_picked":["Headbutt","Twin Strike"],"picked":"Flex"},{"not_picked":["Clash","Fire Breathing"],"picked":"Inflame"},{"not_picked":["Seeing Red","Battle Trance"],"picked":"Rampage"},{"not_picked":["Feed","Anger"],"picked":"Armaments"},{"not_picked":["Dark Embrace","Berserk"],"picked":"Limit Break"},{"not_picked":["Evolve","Body Slam"],"picked":"Heavy Blade"},{"not_picked":["Combust","Searing Blow"],"picked":"Armaments"}],"player_experience":30931,"potions_floor_usage":[38,39,39],"damage_taken":[{"damage":1.0,"enemies":"2 Louse","floor":1.0,"turns":5.0},{"damage":1.0,"enemies":"Cultist","floor":3.0,"turns":4.0},{"damage":7.0,"enemies":"Small Slimes","floor":5.0,"turns":4.0},{"damage":20.0,"enemies":"Exordium Wildlife","floor":6.0,"turns":7.0},{"damage":23.0,"enemies":"Lots of Slimes","floor":8.0,"turns":5.0},{"damage":1.0,"enemies":"2 Fungi Beasts","floor":11.0,"turns":3.0},{"damage":5.0,"enemies":"Looter","floor":12.0,"turns":4.0},{"damage":3.0,"enemies":"Exordium Thugs","floor":13.0,"turns":3.0},{"damage":31.0,"enemies":"Lagavulin","floor":14.0,"turns":10.0},{"damage":42.0,"enemies":"Slime Boss","floor":16.0,"turns":9.0},{"damage":4.0,"enemies":"3 Byrds","floor":18.0,"turns":4.0},{"damage":3.0,"enemies":"Chosen","floor":19.0,"turns":5.0},{"damage":12.0,"enemies":"3 Cultists","floor":21.0,"turns":4.0},{"damage":19.0,"enemies":"Book of Stabbing","floor":24.0,"turns":4.0},{"damage":16.0,"enemies":"Slaver and Parasite","floor":25.0,"turns":4.0},{"damage":46.0,"enemies":"Slavers","floor":27.0,"turns":5.0},{"damage":14.0,"enemies":"Centurion and Healer","floor":28.0,"turns":3.0},{"damage":9.0,"enemies":"3 Cultists","floor":30.0,"turns":4.0},{"damage":15.0,"enemies":"Snake Plant","floor":31.0,"turns":3.0},{"damage":76.0,"enemies":"Automaton","floor":33.0,"turns":7.0},{"damage":35,"enemies":"3 Shapes","floor":35,"turns":4},{"damage":35,"enemies":"3 Darklings","floor":38,"turns":4},{"damage":33,"enemies":"Maw","floor":39,"turns":5}],"event_choices":[{"event_name":"World of Goop","player_choice":"Gather Gold","floor":2.0,"damage_taken":0.0},{"event_name":"Big Fish","player_choice":"Banana","floor":10.0,"damage_taken":0.0},{"event_name":"Back to Basics","player_choice":"Elegance","floor":20.0,"damage_taken":0.0},{"event_name":"Addict","player_choice":"Ignored","floor":22.0,"damage_taken":0.0},{"event_name":"The Woman in Blue","player_choice":"Bought 3 Potions","floor":36,"damage_taken":0}],"boss_relics":[{"not_picked":["Sozu","Runic Cube"],"picked":"White Beast Statue"}],"potions_floor_spawned":[1,5,8,11,14,18,19,27,28,30,35,38],"seed_played":"-6177210951957387130","killed_by":"Maw","ascension_level":0,"is_trial":false}