{"path_per_floor":["M","?","M","T","M","E","R","M","T","R","M","M","M","E","R","B",null,"M","$","M","?","?","E","M","R","T","M","R","M","M","M","R","B",null,"M","?","T","$","?","E","M","M","T","T","R","M","M","M","R","B"],"character_chosen":"IRONCLAD","items_purchased":["Apotheosis","Dream Catcher","Shuriken"],"gold_per_floor":[118,118,139,169,193,226,226,241,241,241,257,270,286,321,321,446,446,466,62,80,80,80,120,135,135,161,186,186,205,230,249,249,370,370,384,384,384,45,45,86,110,134,208,255,255,268,284,298,298,298],"floor_reached":51,"campfire_rested":3,"playtime":2267,"current_hp_per_floor":[80,60,60,60,62,52,52,31,31,55,67,71,77,76,76,42,80,65,65,51,51,51,33,23,49,56,43,43,55,60,63,63,49,98,98,98,98,98,86,41,58,50,50,50,50,84,69,63,94,85],"items_purged":["Strike_R","Strike_R"],"gold":298,"score":765,"play_id":"7def5f26-e7d4-4778-8f6f-83ea9b42e685","local_time":"20180325023816","is_prod":false,"is_daily":false,"is_ascension_mode":false,"campfire_upgraded":2,"timestamp":1521963496,"path_taken":["M","?","?","?","?","E","R","M","T","R","M","M","M","E","R","BOSS","M","$","M","?","?","E","M","R","T","M","R","M","M","M","R","BOSS","M","?","?","$","?","E","M","M","T","?","R","M","M","M","R","BOSS"],"build_version":"2018-03-22v2","purchased_purges":2,"victory":true,"master_deck":["Strike_R","Strike_R","Strike_R","Defend_R+1","Defend_R","Defend_R","Defend_R","Bash","Metallicize+1","Twin Strike","Reaper","Seeing Red+1","Rampage","Metallicize+1","Iron Wave","Cleave","Feed","Twin Strike+1","Apotheosis","Cleave+1","Flex","Flex","Clash","Ghostly Armor","Flex","Heavy Blade","Limit Break","Madness","Madness","Heavy Blade","Twin Strike+1","Clash","Shrug It Off+1","Thunderclap+1"],"max_hp_per_floor":[80,80,80,80,80,80,80,80,80,80,80,80,80,80,80,80,80,80,80,84,84,84,87,87,87,94,94,94,94,94,98,98,98,98,98,98,98,98,98,102,102,102,102,102,102,102,102,106,106,106],"relics":["Burning Blood","Golden Idol","Tiny Chest","Juzu Bracelet","Meat on the Bone","War Paint","Velvet Choker","Dream Catcher","Girya","Torii","Strawberry","White Beast Statue","Peace Pipe","Shuriken","Oddly Smooth Stone","Blue Candle","Lantern"],"card_choices":[{"not_picked":["Cleave","Battle Trance"],"picked":"Metallicize","floor":1},{"not_picked":["Carnage","Rupture"],"picked":"Twin Strike","floor":3},{"not_picked":["Thunderclap","Sword Boomerang"],"picked":"Reaper","floor":5},{"not_picked":["Thunderclap","Power Through"],"picked":"Seeing Red","floor":6},{"not_picked":["Heavy Blade","Havoc"],"picked":"Rampage","floor":8},{"not_picked":["Heavy Blade","Perfected Strike"],"picked":"Metallicize","floor":11},{"not_picked":["Clothesline","Heavy Blade"],"picked":"Iron Wave","floor":13},{"not_picked":["Havoc","Armaments"],"picked":"Cleave","floor":14},{"not_picked":["Double Tap","Berserk"],"picked":"Feed","floor":16},{"not_picked":["Perfected Strike","Havoc"],"picked":"Twin Strike","floor":18},{"not_picked":["Headbutt","Sword Boomerang"],"picked":"Cleave","floor":20},{"not_picked":["Evolve","Perfected Strike"],"picked":"Flex","floor":23},{"not_picked":["Shrug It Off","Metallicize"],"picked":"Flex","floor":24},{"not_picked":["Wild Strike","Headbutt"],"picked":"Clash","floor":27},{"not_picked":["Shrug It Off","Entrench"],"picked":"Ghostly Armor","floor":29},{"not_picked":["True Grit","Twin Strike"],"picked":"Flex","floor":30},{"not_picked":["Burning Pact","Iron Wave"],"picked":"Heavy Blade","floor":31},{"not_picked":["Offering","Bludgeon"],"picked":"Limit Break","floor":33},{"not_picked":["Uppercut","Offering"],"picked":"Heavy Blade","floor":40},{"not_picked":["Armaments","Cleave"],"picked":"Twin Strike","floor":42},{"not_picked":["Combust","Burning Pact"],"picked":"Clash","floor":46},{"not_picked":["Brutality","Evolve"],"picked":"Shrug It Off","floor":48},{"not_picked":["Warcry","Sword Boomerang"],"picked":"Thunderclap","floor":49}],"player_experience":64401,"potions_floor_usage":[8,11,12,16,16,31,33,33,33,40,40,42,46,50,50,50],"damage_taken":[{"damage":6,"enemies":"Cultist","floor":1,"turns":3},{"damage":6,"enemies":"Jaw Worm","floor":3,"turns":7},{"damage":4,"enemies":"Small Slimes","floor":5,"turns":4},{"damage":28,"enemies":"3 Sentries","floor":6,"turns":11},{"damage":39,"enemies":"Gremlin Gang","floor":8,"turns":6},{"damage":0,"enemies":"Blue Slaver","floor":11,"turns":2},{"damage":2,"enemies":"2 Fungi Beasts","floor":12,"turns":3},{"damage":8,"enemies":"Exordium Wildlife","floor":13,"turns":6},{"damage":7,"enemies":"Gremlin Nob","floor":14,"turns":5},{"damage":52,"enemies":"Hexaghost","floor":16,"turns":10},{"damage":21,"enemies":"Spheric Guardian","floor":18,"turns":6},{"damage":31,"enemies":"3 Byrds","floor":20,"turns":6},{"damage":39,"enemies":"Slavers","floor":23,"turns":6},{"damage":28,"enemies":"Snecko","floor":24,"turns":7},{"damage":31,"enemies":"Snake Plant","floor":27,"turns":5},{"damage":24,"enemies":"3 Cultists","floor":29,"turns":5},{"damage":7,"enemies":"Centurion and Healer","floor":30,"turns":7},{"damage":7,"enemies":"Sentry and Sphere","floor":31,"turns":6},{"damage":55,"enemies":"Automaton","floor":33,"turns":9},{"damage":16,"enemies":"3 Darklings","floor":35,"turns":3},{"damage":87,"enemies":"2 Orb Walkers","floor":40,"turns":5},{"damage":1,"enemies":"Orb Walker","floor":41,"turns":4},{"damage":26,"enemies":"Sphere and 2 Shapes","floor":42,"turns":6},{"damage":2,"enemies":"4 Shapes","floor":46,"turns":7},{"damage":33,"enemies":"3 Darklings","floor":47,"turns":4},{"damage":28,"enemies":"Sphere and 2 Shapes","floor":48,"turns":4},{"damage":15,"enemies":"Donu and Deca","floor":50,"turns":6}],"event_choices":[{"event_name":"Golden Idol","player_choice":"Take Damage","floor":2,"damage_taken":0},{"event_name":"The Mausoleum","player_choice":"Yes","floor":21,"damage_taken":0},{"event_name":"Addict","player_choice":"Ignored","floor":22,"damage_taken":0},{"event_name":"Tomb of Lord Red Mask","player_choice":"Ignored","floor":36,"damage_taken":0},{"event_name":"Winding Halls","player_choice":"Embrace Madness","floor":39,"damage_taken":0}],"boss_relics":[{"not_picked":["Astrolabe","Eternal Feather"],"picked":"Velvet Choker"},{"not_picked":["Snecko Eye","Lizard Tail"],"picked":"White Beast Statue"}],"potions_floor_spawned":[1,6,8,12,13,27,29,30,31,33,35,40,41,42,46,47,48],"seed_played":"-6283589916340753617","ascension_level":0,"is_trial":false}