{"gold_per_floor":[368,543,166,166,179,179,193,193,193,193,193,205,219,233,233,233],"floor_reached":16,"playtime":408,"items_purged":["Doubt"],"score":101,"play_id":"46180931-5366-4dff-89f8-02b0878eeaf0","local_time":"20190430073412","is_ascension_mode":true,"campfire_choices":[{"data":"Dual Wield","floor":6,"key":"SMITH"},{"data":"Inflame","floor":8,"key":"SMITH"},{"data":"Limit Break","floor":15,"key":"SMITH"}],"neow_cost":"TEN_PERCENT_HP_LOSS","seed_source_timestamp":536457222342058,"circlet_count":0,"master_deck":["Strike_R","Strike_R","Strike_R","Strike_R","Strike_R","Defend_R+1","Defend_R","Defend_R","Defend_R+1","Bash","Inflame+1","Dual Wield+1","Cleave","Fiend Fire","Flex","Limit Break+1"],"relics":["Burning Blood","Bag of Marbles","Mummified Hand","War Paint"],"potions_floor_usage":[16,16],"damage_taken":[{"damage":1,"enemies":"Cultist","floor":1,"turns":3},{"damage":18,"enemies":"Jaw Worm","floor":5,"turns":4},{"damage":0,"enemies":"Small Slimes","floor":7,"turns":2},{"damage":13,"enemies":"Blue Slaver","floor":12,"turns":4},{"damage":22,"enemies":"Looter","floor":13,"turns":3},{"damage":7,"enemies":"Large Slime","floor":14,"turns":4},{"damage":43,"enemies":"Hexaghost","floor":16,"turns":10}],"seed_played":"-4023467269139559665","potions_obtained":[{"floor":7,"key":"Block Potion"},{"floor":12,"key":"AttackPotion"},{"floor":13,"key":"Explosive Potion"}],"is_trial":false,"path_per_floor":["M","?","$","?","M","R","M","R","T","?","$","M","M","M","R","B"],"character_chosen":"IRONCLAD","items_purchased":["Inflame","Dual Wield","Bag of Marbles"],"campfire_rested":0,"item_purchase_floors":[3,3,3],"current_hp_per_floor":[72,72,72,77,65,65,71,71,71,64,64,57,41,40,40,0],"gold":233,"neow_bonus":"TWO_FIFTY_GOLD","is_prod":false,"is_daily":false,"chose_seed":false,"campfire_upgraded":3,"win_rate":0,"timestamp":1556627652,"path_taken":["M","?","$","?","M","R","M","R","T","?","$","?","M","M","R","BOSS"],"build_version":"2019-01-23","purchased_purges":1,"victory":false,"max_hp_per_floor":[72,72,72,77,77,77,77,77,77,77,77,77,77,77,77,77],"card_choices":[{"not_picked":["Perfected Strike","Wild Strike","Warcry"],"picked":"SKIP","floor":1},{"not_picked":["Iron Wave","Havoc"],"picked":"Cleave","floor":5},{"not_picked":["Twin Strike","Havoc","Disarm"],"picked":"SKIP","floor":7},{"not_picked":["Shrug It Off","Havoc"],"picked":"Fiend Fire","floor":12},{"not_picked":["Sword Boomerang","Warcry"],"picked":"Flex","floor":13},{"not_picked":["Flame Barrier","Inflame"],"picked":"Limit Break","floor":14}],"player_experience":103891,"relics_obtained":[{"floor":9,"key":"Mummified Hand"}],"event_choices":[{"damage_healed":0,"gold_gain":175,"player_choice":"AGREE","damage_taken":0,"max_hp_gain":0,"max_hp_loss":0,"event_name":"Liars Game","floor":2,"gold_loss":0,"cards_obtained":["Doubt"]},{"damage_healed":0,"gold_gain":0,"player_choice":"Donut","damage_taken":0,"max_hp_gain":5,"max_hp_loss":0,"event_name":"Big Fish","floor":4,"gold_loss":0},{"damage_healed":0,"gold_gain":0,"player_choice":"Success","damage_taken":7,"relics_obtained":["War Paint"],"max_hp_gain":0,"max_hp_loss":0,"event_name":"Scrap Ooze","floor":10,"gold_loss":0}],"is_beta":false,"boss_relics":[],"items_purged_floors":[3],"is_endless":false,"potions_floor_spawned":[7,12,13],"killed_by":"Hexaghost","ascension_level":2}