{"gold_per_floor":[116,191,191,141,161,161,161,161,161,161,261,278,294,311,311,311],"floor_reached":16,"playtime":2630,"items_purged":[],"score":90,"play_id":"00f0c081-c81d-4714-98fd-f786c6c3955c","local_time":"20190911234343","is_ascension_mode":false,"campfire_choices":[{"data":"Blur","floor":6.0,"key":"SMITH"},{"data":"Blur","floor":8,"key":"SMITH"},{"floor":10,"key":"REST"},{"data":"Catalyst","floor":15,"key":"SMITH"}],"neow_cost":"NONE","seed_source_timestamp":302027023527438,"circlet_count":0,"master_deck":["Strike_G","Strike_G","Strike_G","Strike_G","Defend_G","Defend_G+1","Defend_G","Defend_G","Survivor","Neutralize+1","Blur+1","Blur+1","Catalyst+1"],"special_seed":0,"relics":["Ring of the Snake"],"potions_floor_usage":[],"damage_taken":[{"damage":4.0,"enemies":"Cultist","floor":1.0,"turns":5.0},{"damage":6.0,"enemies":"2 Louse","floor":5.0,"turns":2.0},{"damage":0,"enemies":"Small Slimes","floor":12,"turns":5},{"damage":0,"enemies":"3 Louse","floor":13,"turns":7},{"damage":0,"enemies":"Red Slaver","floor":14,"turns":6},{"damage":4,"enemies":"Hexaghost","floor":16,"turns":10}],"seed_played":"-3044105829484783519","potions_obtained":[{"floor":12,"key":"SteroidPotion"},{"floor":14,"key":"Energy Potion"}],"is_trial":false,"path_per_floor":["M","?","?","?","M","R","?","R","T","R","?","M","M","M","R","B"],"character_chosen":"THE_SILENT","items_purchased":[],"campfire_rested":1,"item_purchase_floors":[],"current_hp_per_floor":[73,62,47,47,41,41,41,41,41,64,64,64,64,64,64,60],"gold":311,"neow_bonus":"TEN_PERCENT_HP_BONUS","is_prod":false,"is_daily":false,"chose_seed":false,"campfire_upgraded":3,"win_rate":0,"timestamp":1568263423,"path_taken":["M","?","?","?","M","R","?","R","T","R","?","?","M","M","R","BOSS"],"build_version":"2019-07-17","purchased_purges":0,"victory":false,"max_hp_per_floor":[77,77,77,77,77,77,77,77,77,77,77,77,77,77,77,77],"card_choices":[{"not_picked":["Underhanded Strike","Slice"],"picked":"Blur","floor":1.0},{"not_picked":["Dagger Spray","Dodge and Roll"],"picked":"Blur","floor":5.0},{"not_picked":["PiercingWail","Dagger Spray","Flying Knee"],"picked":"SKIP","floor":12},{"not_picked":["Masterful Stab","Dagger Spray","Underhanded Strike"],"picked":"SKIP","floor":13},{"not_picked":["Acrobatics","PiercingWail"],"picked":"Catalyst","floor":14}],"player_experience":1208403,"relics_obtained":[],"event_choices":[{"damage_healed":0.0,"max_hp_gain":0.0,"max_hp_loss":0.0,"gold_gain":75.0,"event_name":"World of Goop","player_choice":"Gather Gold","floor":2.0,"gold_loss":0.0,"damage_taken":11.0},{"damage_healed":0.0,"max_hp_gain":0.0,"max_hp_loss":0.0,"gold_gain":0.0,"event_name":"Shining Light","player_choice":"Entered Light","floor":3.0,"gold_loss":0.0,"damage_taken":15.0,"cards_upgraded":["Defend_G","Neutralize"]},{"cards_removed":["Defend_G"],"damage_healed":0.0,"max_hp_gain":0.0,"max_hp_loss":0.0,"gold_gain":0.0,"event_name":"The Cleric","player_choice":"Card Removal","floor":4.0,"gold_loss":50.0,"damage_taken":0.0},{"cards_removed":["Strike_G"],"damage_healed":0,"gold_gain":0,"player_choice":"Forget","damage_taken":0,"max_hp_gain":0,"max_hp_loss":0,"event_name":"Living Wall","floor":7,"gold_loss":0},{"damage_healed":0,"gold_gain":100,"player_choice":"Pray","damage_taken":0,"max_hp_gain":0,"max_hp_loss":0,"event_name":"Golden Shrine","floor":11,"gold_loss":0}],"is_beta":false,"boss_relics":[],"items_purged_floors":[],"is_endless":false,"potions_floor_spawned":[12,14],"killed_by":"Hexaghost","ascension_level":0}