{"gold_per_floor":[115,115,40,115,48,48,62,82,128,78,103,118,118,136,136,232,282,294,294,305,53,53,81,81,100,100,119,149,149,167,42,42,143,143,162,175,230,243,255,290,290,290,317,167,0,11,23,56,56,56,56,56,19,50,50],"floor_reached":55,"playtime":3097,"items_purged":["Strike_G","Strike_G","Defend_G","Strike_G"],"score":742,"play_id":"91b2a25d-0201-4dc9-8683-2d0f6032255a","local_time":"20190913001801","is_ascension_mode":false,"campfire_choices":[{"data":"Noxious Fumes","floor":6.0,"key":"SMITH"},{"data":"Leg Sweep","floor":13.0,"key":"SMITH"},{"floor":15.0,"key":"REST"},{"data":"Catalyst","floor":24.0,"key":"SMITH"},{"data":"Catalyst","floor":29.0,"key":"SMITH"},{"floor":32.0,"key":"REST"},{"floor":41.0,"key":"REST"},{"floor":49.0,"key":"RECALL"},{"data":"After Image","floor":52.0,"key":"SMITH"}],"neow_cost":"NONE","seed_source_timestamp":345242141860993,"circlet_count":0,"master_deck":["Strike_G+1","Strike_G","Defend_G+1","Defend_G","Defend_G","Survivor","Neutralize","Escape Plan","Noxious Fumes+1","Deadly Poison","Leg Sweep+1","Footwork+1","After Image+1","Backflip","Deadly Poison+1","Backflip","Catalyst+1","Catalyst+1","Calculated Gamble","Adrenaline","Bullet Time","Noxious Fumes","Bane+1","Blur","Catalyst+1","Blur"],"special_seed":0,"relics":["Ring of the Snake","Omamori","Dream Catcher","Question Card","Tiny House","Snake Skull","Ninja Scroll","Mummified Hand","Philosopher\u0027s Stone","Prayer Wheel","Nunchaku","Vajra","Red Mask","Bottled Flame","Tingsha"],"potions_floor_usage":[],"damage_taken":[{"damage":1.0,"enemies":"Cultist","floor":1.0,"turns":4.0},{"damage":0.0,"enemies":"Jaw Worm","floor":7.0,"turns":3.0},{"damage":0.0,"enemies":"2 Louse","floor":8.0,"turns":3.0},{"damage":10.0,"enemies":"Lagavulin","floor":11.0,"turns":7.0},{"damage":1.0,"enemies":"Red Slaver","floor":12.0,"turns":4.0},{"damage":1.0,"enemies":"3 Louse","floor":14.0,"turns":4.0},{"damage":8.0,"enemies":"Hexaghost","floor":16.0,"turns":10.0},{"damage":0.0,"enemies":"Spheric Guardian","floor":18.0,"turns":8.0},{"damage":4.0,"enemies":"Chosen","floor":20.0,"turns":6.0},{"damage":14.0,"enemies":"Slavers","floor":23.0,"turns":7.0},{"damage":16.0,"enemies":"Centurion and Healer","floor":25.0,"turns":5.0},{"damage":3.0,"enemies":"Snake Plant","floor":27.0,"turns":3.0},{"damage":1.0,"enemies":"Gremlin Leader","floor":28.0,"turns":3.0},{"damage":1.0,"enemies":"Chosen and Byrds","floor":30.0,"turns":4.0},{"damage":3.0,"enemies":"Collector","floor":33.0,"turns":4.0},{"damage":0.0,"enemies":"Orb Walker","floor":35.0,"turns":1.0},{"damage":20.0,"enemies":"3 Darklings","floor":36.0,"turns":7.0},{"damage":0.0,"enemies":"2 Orb Walkers","floor":37.0,"turns":4.0},{"damage":10.0,"enemies":"Jaw Worm Horde","floor":38.0,"turns":4.0},{"damage":14.0,"enemies":"Maw","floor":39.0,"turns":5.0},{"damage":5.0,"enemies":"Giant Head","floor":40.0,"turns":5.0},{"damage":6.0,"enemies":"3 Darklings","floor":46.0,"turns":4.0},{"damage":0.0,"enemies":"Spire Growth","floor":47.0,"turns":2.0},{"damage":24.0,"enemies":"Nemesis","floor":48.0,"turns":5.0},{"damage":19.0,"enemies":"Time Eater","floor":50.0,"turns":5.0},{"damage":54,"enemies":"Shield and Spear","floor":54,"turns":7},{"damage":21,"enemies":"The Heart","floor":55,"turns":2}],"seed_played":"5406043675638485409","potions_obtained":[{"floor":7.0,"key":"Energy Potion"},{"floor":11.0,"key":"GhostInAJar"},{"floor":12.0,"key":"Explosive Potion"},{"floor":23.0,"key":"Strength Potion"},{"floor":33.0,"key":"LiquidBronze"},{"floor":36.0,"key":"EntropicBrew"},{"floor":38.0,"key":"FairyPotion"},{"floor":39.0,"key":"GamblersBrew"}],"is_trial":false,"path_per_floor":["M","?","$","?","$","R","M","M","T","?","E","M","R","M","R","B",null,"M","?","M","$","?","E","R","M","T","M","E","R","M","$","R","B",null,"M","M","?","M","M","E","R","?","T","$","?","M","M","E","R","B",null,"R","$","E","B"],"character_chosen":"THE_SILENT","items_purchased":["Noxious Fumes","Snake Skull","Blur"],"campfire_rested":3,"item_purchase_floors":[5,21,53],"current_hp_per_floor":[69,55,55,44,44,44,44,44,44,44,34,33,33,32,53,45,75,75,75,71,71,71,57,57,41,41,38,37,37,36,36,58,55,75,75,55,55,45,31,26,48,48,48,48,48,42,42,18,18,7,75,75,75,21,0],"gold":50,"neow_bonus":"RANDOM_COMMON_RELIC","is_prod":false,"is_daily":false,"chose_seed":false,"campfire_upgraded":5,"win_rate":0,"timestamp":1568351881,"path_taken":["M","?","$","?","$","R","?","M","T","?","E","M","R","M","R","BOSS","M","?","?","$","?","E","R","M","T","M","E","R","M","?","R","BOSS","M","M","?","M","M","E","R","?","T","?","?","M","M","E","R","BOSS","R","$","E","BOSS"],"build_version":"2019-07-17","purchased_purges":4,"victory":false,"max_hp_per_floor":[70,70,70,70,70,70,70,70,70,70,70,70,70,70,70,70,75,75,75,75,75,75,75,75,75,75,75,75,75,75,75,75,75,75,75,75,75,75,75,75,75,75,75,75,75,75,75,75,75,75,75,75,75,75,75],"card_choices":[{"not_picked":["Flying Knee","Sucker Punch"],"picked":"Escape Plan","floor":1.0},{"not_picked":["Dodge and Roll","Underhanded Strike"],"picked":"Deadly Poison","floor":7.0},{"not_picked":["Predator","Riddle With Holes"],"picked":"Leg Sweep","floor":8.0},{"not_picked":["Slice","PiercingWail","Leg Sweep"],"picked":"SKIP","floor":11.0},{"not_picked":["Deflect","Expertise","Dagger Throw","Prepared"],"picked":"SKIP","floor":12.0},{"not_picked":["Cloak And Dagger","Blade Dance","Choke"],"picked":"Footwork","floor":14.0},{"not_picked":["Venomology","Night Terror","Adrenaline"],"picked":"After Image","floor":16.0},{"not_picked":["Outmaneuver","Terror","Blade Dance"],"picked":"Backflip","floor":17.0},{"not_picked":["Acrobatics","Heel Hook+1","Accuracy"],"picked":"Deadly Poison+1","floor":18.0},{"not_picked":["Sucker Punch","Acrobatics","Dash"],"picked":"Backflip","floor":20.0},{"not_picked":["Tactician+1","Backstab","Blade Dance"],"picked":"Catalyst","floor":23.0},{"not_picked":["Dagger Spray","Finisher","Blade Dance","Doppelganger"],"picked":"SKIP","floor":25.0},{"not_picked":["Bane+1","Backflip","Leg Sweep"],"picked":"Calculated Gamble","floor":27.0},{"not_picked":["A Thousand Cuts","Slice","Skewer"],"picked":"Adrenaline","floor":28.0},{"not_picked":["Deflect","Finisher","Terror+1","Underhanded Strike"],"picked":"SKIP","floor":30.0},{"not_picked":["Unload","Die Die Die","Venomology"],"picked":"Bullet Time","floor":33.0},{"not_picked":["Finisher","Deflect+1","Endless Agony","Deadly Poison"],"picked":"SKIP","floor":35.0},{"not_picked":["Outmaneuver+1","Slice+1","Riddle With Holes","Dagger Spray+1"],"picked":"SKIP","floor":36.0},{"not_picked":["Riddle With Holes+1","Sucker Punch+1","Dodge and Roll+1","Prepared"],"picked":"SKIP","floor":38.0},{"not_picked":["Dagger Throw","Flying Knee+1","Outmaneuver","Grand Finale"],"picked":"SKIP","floor":38.0},{"not_picked":["Dagger Spray","Underhanded Strike+1","Bane"],"picked":"Noxious Fumes","floor":39.0},{"not_picked":["Setup","Flying Knee","Dash"],"picked":"Bane+1","floor":39.0},{"not_picked":["Concentrate","Deflect","Quick Slash+1"],"picked":"Blur","floor":40.0},{"not_picked":["Slice+1","Deflect","Acrobatics"],"picked":"Catalyst+1","floor":46.0},{"not_picked":["Flying Knee","Quick Slash+1","Cloak And Dagger","Dagger Spray"],"picked":"SKIP","floor":46.0},{"not_picked":["Blur","Bouncing Flask","Quick Slash","Dash+1"],"picked":"SKIP","floor":47.0},{"not_picked":["Cloak And Dagger+1","Bane","Dagger Spray","Outmaneuver+1"],"picked":"SKIP","floor":47.0},{"not_picked":["Backstab","Burst","Leg Sweep+1","Cloak And Dagger"],"picked":"SKIP","floor":48.0},{"not_picked":["Poisoned Stab","Blur","Predator","Leg Sweep+1"],"picked":"SKIP","floor":54}],"player_experience":1235249,"relics_obtained":[{"floor":9.0,"key":"Dream Catcher"},{"floor":11.0,"key":"Question Card"},{"floor":23.0,"key":"Ninja Scroll"},{"floor":28.0,"key":"Mummified Hand"},{"floor":37.0,"key":"Prayer Wheel"},{"floor":40.0,"key":"Nunchaku"},{"floor":43.0,"key":"Vajra"},{"floor":48.0,"key":"Bottled Flame"},{"floor":54,"key":"Tingsha"}],"event_choices":[{"damage_healed":0.0,"max_hp_gain":0.0,"max_hp_loss":0.0,"gold_gain":0.0,"event_name":"Shining Light","player_choice":"Entered Light","floor":2.0,"gold_loss":0.0,"damage_taken":14.0,"cards_upgraded":["Strike_G","Defend_G"]},{"damage_healed":0.0,"max_hp_gain":0.0,"max_hp_loss":0.0,"gold_gain":75.0,"event_name":"World of Goop","player_choice":"Gather Gold","floor":4.0,"gold_loss":0.0,"damage_taken":11.0},{"cards_removed":["Defend_G"],"damage_healed":0.0,"max_hp_gain":0.0,"max_hp_loss":0.0,"gold_gain":0.0,"event_name":"The Cleric","player_choice":"Card Removal","floor":10.0,"gold_loss":50.0,"damage_taken":0.0},{"damage_healed":0.0,"max_hp_gain":0.0,"max_hp_loss":0.0,"gold_gain":0.0,"event_name":"Lab","player_choice":"Got Potions","floor":19.0,"gold_loss":0.0,"damage_taken":0.0},{"damage_healed":0.0,"max_hp_gain":0.0,"max_hp_loss":0.0,"gold_gain":0.0,"event_name":"The Library","player_choice":"Read","floor":22.0,"gold_loss":0.0,"damage_taken":0.0,"cards_obtained":["Catalyst"]},{"damage_healed":0.0,"max_hp_gain":0.0,"max_hp_loss":0.0,"gold_gain":0.0,"event_name":"Mysterious Sphere","player_choice":"Fight","floor":37.0,"gold_loss":0.0,"damage_taken":0.0},{"damage_healed":0.0,"max_hp_gain":0.0,"max_hp_loss":0.0,"gold_gain":0.0,"event_name":"SensoryStone","player_choice":"Memory 1","floor":42.0,"gold_loss":0.0,"damage_taken":0.0},{"damage_healed":0.0,"max_hp_gain":0.0,"max_hp_loss":0.0,"gold_gain":0.0,"event_name":"Tomb of Lord Red Mask","player_choice":"Paid","floor":45.0,"gold_loss":167.0,"damage_taken":0.0,"relics_obtained":["Red Mask"]}],"is_beta":false,"boss_relics":[{"not_picked":["Snecko Eye","Pandora\u0027s Box"],"picked":"Tiny House"},{"not_picked":["Runic Dome","Lizard Tail"],"picked":"Philosopher\u0027s Stone"}],"items_purged_floors":[3,21,31,44],"is_endless":false,"potions_floor_spawned":[7,11,12,16,20,23,33,36,38,39],"killed_by":"The Heart","ascension_level":0}