{"gold_per_floor":[216,163,175,230,244,244,261,288,288,288,12,26,201,213,213,312,312,328,29,29,41,52,79,79,4,4,4],"floor_reached":27,"playtime":1890,"items_purged":["Doubt"],"score":258,"play_id":"67ff72fb-7388-4e62-8356-b0643c2d9cc5","local_time":"20180730002154","is_ascension_mode":false,"campfire_choices":[{"data":"Double Energy","floor":6,"key":"SMITH"},{"floor":15,"key":"REST"},{"floor":24,"key":"REST"}],"neow_cost":"NONE","seed_source_timestamp":0,"circlet_count":0,"master_deck":["Strike_B","Strike_B","Strike_B","Strike_B","Defend_B","Defend_B","Defend_B","Defend_B","Zap","Dualcast+1","Streamline","Coolheaded","Double Energy+1","Redo","Cold Snap","Gash","Double Energy+1","Leap","Lockon","Cold Snap","Gash","BootSequence","Apotheosis","Redo","Streamline","Gash","Gash","Defragment"],"special_seed":0,"relics":["Cracked Core","Kunai","Pantograph","DollysMirror","Nuclear Battery","Mummified Hand","Gremlin Horn"],"potions_floor_usage":[8,16,23,23,27],"damage_taken":[{"damage":2.0,"enemies":"2 Louse","floor":1.0,"turns":3.0},{"damage":7.0,"enemies":"Small Slimes","floor":3.0,"turns":4.0},{"damage":1,"enemies":"Jaw Worm","floor":5,"turns":3},{"damage":11,"enemies":"2 Fungi Beasts","floor":7,"turns":3},{"damage":16,"enemies":"Lagavulin","floor":8,"turns":7},{"damage":4,"enemies":"Looter","floor":12,"turns":3},{"damage":9,"enemies":"Large Slime","floor":14,"turns":6},{"damage":42,"enemies":"Slime Boss","floor":16,"turns":15},{"damage":11,"enemies":"Shell Parasite","floor":18,"turns":9},{"damage":11,"enemies":"2 Thieves","floor":21,"turns":4},{"damage":4,"enemies":"Centurion and Healer","floor":22,"turns":7},{"damage":48,"enemies":"Book of Stabbing","floor":23,"turns":6},{"damage":23,"enemies":"3 Cultists","floor":27,"turns":4}],"seed_played":"-4759204167541863133","potions_obtained":[{"floor":1.0,"key":"LiquidBronze"},{"floor":7,"key":"GamblersBrew"},{"floor":12,"key":"Strength Potion"},{"floor":14,"key":"AttackPotion"},{"floor":22,"key":"Fire Potion"}],"is_trial":false,"path_per_floor":["M","$","M","?","M","R","M","E","T","?","$","M","?","M","R","B",null,"M","$","?","M","M","E","R","?","T"],"character_chosen":"DEFECT","items_purchased":["Coolheaded","DollysMirror","Leap","Lockon","Apotheosis","Redo"],"campfire_rested":2,"item_purchase_floors":[2,11,11,11,19,19],"current_hp_per_floor":[73,73,66,66,65,65,54,38,38,38,38,34,34,25,47,30,75,64,64,64,53,49,1,23,23,23,0],"gold":4,"neow_bonus":"HUNDRED_GOLD","is_prod":false,"is_daily":false,"chose_seed":false,"campfire_upgraded":1,"win_rate":0.0,"timestamp":1532928114,"path_taken":["M","$","M","?","M","R","M","E","T","?","$","M","?","M","R","BOSS","M","$","?","M","M","E","R","?","T","?"],"build_version":"2018-07-26","purchased_purges":1,"victory":false,"max_hp_per_floor":[75,75,75,75,75,75,75,75,75,75,75,75,75,75,75,75,75,75,75,75,75,75,75,75,75,75,75],"card_choices":[{"not_picked":["Compile Driver","Stack"],"picked":"Streamline","floor":1.0},{"not_picked":["Compile Driver","Tempest"],"picked":"Double Energy","floor":3},{"not_picked":["Compile Driver","Go for the Eyes"],"picked":"Redo","floor":5},{"not_picked":["Self Repair","Loop"],"picked":"Cold Snap","floor":7},{"not_picked":["White Noise","Go for the Eyes"],"picked":"Gash","floor":8},{"not_picked":["Darkness","Beam Cell"],"picked":"Cold Snap","floor":12},{"not_picked":["Leap","Electrodynamics"],"picked":"Gash","floor":14},{"not_picked":["All For One","Rainbow"],"picked":"Thunder Strike","floor":16},{"not_picked":["Beam Cell","Double Energy"],"picked":"BootSequence","floor":18},{"not_picked":["Ball Lightning","Stack"],"picked":"Gash","floor":21},{"not_picked":["Force Field","Stack"],"picked":"Gash","floor":22},{"not_picked":["Leap","Barrage"],"picked":"Defragment","floor":23}],"player_experience":4844,"relics_obtained":[{"floor":8,"key":"Kunai"},{"floor":9,"key":"Pantograph"},{"floor":23,"key":"Mummified Hand"},{"floor":26,"key":"Gremlin Horn"}],"event_choices":[{"event_name":"Golden Wing","player_choice":"Gained Gold","floor":4,"damage_taken":0},{"event_name":"Living Wall","player_choice":"Grow","floor":10,"damage_taken":0},{"event_name":"Liars Game","player_choice":"agreed","floor":13,"damage_taken":0},{"event_name":"The Library","player_choice":"Read","floor":20,"damage_taken":0},{"event_name":"Beggar","player_choice":"Gave Gold","floor":25,"damage_taken":0}],"is_beta":false,"boss_relics":[{"not_picked":["Cursed Key","Coffee Dripper"],"picked":"Nuclear Battery"}],"items_purged_floors":[19],"is_endless":false,"potions_floor_spawned":[1,7,12,14,22],"killed_by":"3 Cultists","ascension_level":0}