{"path_per_floor":["M","M","M","?","M","E","$","M","T","M","R","E","?","?","R","B",null,"M","M","$","M","M","E","R","M","T","E","?","?","$","?","R","B",null,"M","?","?","M","?","R","M"],"character_chosen":"IRONCLAD","items_purchased":["Dexterity Potion","Dexterity Potion","Pantograph","Dexterity Potion","Disarm"],"gold_per_floor":[117,133,143,143,162,200,151,171,245,261,261,301,301,301,301,424,424,447,466,97,112,137,178,178,197,223,258,258,183,57,57,57,158,188,208,208,208,219,219,219,229],"floor_reached":42,"campfire_rested":2,"playtime":2822,"current_hp_per_floor":[80,80,80,60,64,50,50,56,66,56,56,36,36,29,56,41,90,72,78,78,82,84,28,55,71,71,64,64,64,64,64,64,62,95,85,85,85,85,85,85,87],"items_purged":["Strike_R"],"gold":229,"score":448,"play_id":"6cdbf771-f681-45a7-838f-bda970f22ef0","is_prod":false,"is_daily":false,"is_ascension_mode":false,"campfire_upgraded":3,"path_taken":["M","?","M","?","M","E","$","M","T","M","R","E","?","?","R","BOSS","M","M","$","M","M","E","R","M","T","E","?","?","$","?","R","BOSS","M","?","?","M","?","R","M","E"],"build_version":"2018-02-15-PROD1","purchased_purges":1,"victory":false,"master_deck":["Strike_R+1","Defend_R","Defend_R","Defend_R","Bash","Body Slam","Warcry","Armaments+1","Twin Strike","Shrug It Off","Armaments+1","Shrug It Off","Juggernaut+1","Disarm+1","Body Slam","Juggernaut","Battle Trance","Disarm","Barricade","Power Through"],"max_hp_per_floor":[80,80,80,80,80,80,80,80,90,90,90,90,90,90,90,90,90,90,90,90,90,90,90,90,90,90,90,90,90,90,90,90,90,95,95,95,95,95,95,95,95],"relics":["Burning Blood","Bloody Idol","Pear","Juzu Bracelet","Runic Dome","Pantograph","Anchor","Bag of Preparation","Blood Vial","Nloth\u0027s Gift","Tiny House"],"card_choices":[{"not_picked":["Spot Weakness","Inflame"],"picked":"Body Slam"},{"not_picked":["Clash","Hemokinesis"],"picked":"Warcry"},{"not_picked":["Heavy Blade","Infernal Blade"],"picked":"Armaments"},{"not_picked":["Corruption","Reckless Charge"],"picked":"Twin Strike"},{"not_picked":["Perfected Strike","Feed"],"picked":"Shrug It Off"},{"not_picked":["Reckless Charge","Iron Wave"],"picked":"Armaments"},{"not_picked":["Thunderclap","Sword Boomerang"],"picked":"Shrug It Off"},{"not_picked":["Reaper","Feed"],"picked":"Juggernaut"},{"not_picked":["Anger","True Grit"],"picked":"Disarm"},{"not_picked":["Second Wind","Clash"],"picked":"Body Slam"},{"not_picked":["Battle Trance","Shrug It Off"],"picked":"Juggernaut"},{"not_picked":["Clothesline","Armaments"],"picked":"Battle Trance"},{"not_picked":["Berserk","Juggernaut"],"picked":"Barricade"},{"not_picked":["Cleave","Searing Blow"],"picked":"Power Through"}],"player_experience":11489,"potions_floor_usage":[38,41,42],"damage_taken":[{"damage":6.0,"enemies":"Cultist","floor":1.0,"turns":3.0},{"damage":5.0,"enemies":"Small Slimes","floor":2.0,"turns":4.0},{"damage":0.0,"enemies":"2 Louse","floor":3.0,"turns":3.0},{"damage":2.0,"enemies":"Looter","floor":5.0,"turns":4.0},{"damage":20.0,"enemies":"3 Sentries","floor":6.0,"turns":11.0},{"damage":0.0,"enemies":"3 Louse","floor":8.0,"turns":2.0},{"damage":16.0,"enemies":"Exordium Thugs","floor":10.0,"turns":5.0},{"damage":26.0,"enemies":"Lagavulin","floor":12.0,"turns":7.0},{"damage":21.0,"enemies":"The Guardian","floor":16.0,"turns":15.0},{"damage":24.0,"enemies":"Chosen","floor":18.0,"turns":8.0},{"damage":0.0,"enemies":"3 Byrds","floor":19.0,"turns":5.0},{"damage":2.0,"enemies":"Snake Plant","floor":21.0,"turns":5.0},{"damage":4.0,"enemies":"Slaver and Parasite","floor":22.0,"turns":8.0},{"damage":62.0,"enemies":"Gremlin Leader","floor":23.0,"turns":10.0},{"damage":5.0,"enemies":"Centurion and Healer","floor":25.0,"turns":8.0},{"damage":13.0,"enemies":"Book of Stabbing","floor":27.0,"turns":6.0},{"damage":39.0,"enemies":"Automaton","floor":33.0,"turns":8.0},{"damage":21,"enemies":"3 Darklings","floor":35,"turns":8},{"damage":13,"enemies":"Orb Walker","floor":38,"turns":5},{"damage":11,"enemies":"Maw","floor":41,"turns":7},{"damage":92,"enemies":"2 Orb Walkers","floor":42,"turns":6}],"event_choices":[{"event_name":"Golden Idol","player_choice":"Take Damage","floor":4.0,"damage_taken":0.0},{"event_name":"The Lab","player_choice":"Got Potions","floor":13.0,"damage_taken":0.0},{"event_name":"Golden Wing","player_choice":"Card Removal","floor":14.0,"damage_taken":0.0},{"event_name":"N\u0027loth","player_choice":"Traded a Mercury Hourglass","floor":28.0,"damage_taken":0.0},{"event_name":"Beggar","player_choice":"Gave Gold","floor":29.0,"damage_taken":0.0},{"event_name":"Forgotten Altar","player_choice":"Gave Idol","floor":31.0,"damage_taken":0.0},{"event_name":"Mysterious Sphere","player_choice":"Ignore","floor":36,"damage_taken":0},{"event_name":"Tomb of Lord Red Mask","player_choice":"Ignored","floor":37,"damage_taken":0}],"boss_relics":[{"not_picked":["Question Card","Lizard Tail"],"picked":"Tiny House"}],"potions_floor_spawned":[2,5,6,8,12,18,23,38,41],"seed_played":"-8767382293566028642","killed_by":"2 Orb Walkers","ascension_level":0,"is_trial":false}