{"gold_per_floor":[109,124,124,17,36,36,47,47,98,112,142,142,152,167,167,167],"floor_reached":16,"playtime":807,"items_purged":["Defend_R"],"score":208,"play_id":"fe080e52-1794-4813-a53e-c80cd07f4528","local_time":"20190917175348","is_ascension_mode":true,"campfire_choices":[{"data":"Uppercut","floor":6.0,"key":"SMITH"},{"data":"Shrug It Off","floor":12,"key":"SMITH"},{"data":"Armaments","floor":15,"key":"SMITH"}],"neow_cost":"NONE","seed_source_timestamp":542914310939089,"circlet_count":0,"master_deck":["AscendersBane","Strike_R","Strike_R","Strike_R","Strike_R","Strike_R","Defend_R","Defend_R","Defend_R","Bash","Uppercut+1","Blood for Blood","Shrug It Off+1","Ghostly Armor","Impervious","Combust","Seeing Red","Carnage","Armaments+1"],"special_seed":0,"relics":["Burning Blood","Blood Vial","Smiling Mask","Centennial Puzzle","Omamori"],"potions_floor_usage":[10,11,16],"damage_taken":[{"damage":8.0,"enemies":"Cultist","floor":1.0,"turns":5.0},{"damage":17.0,"enemies":"Small Slimes","floor":2.0,"turns":4.0},{"damage":7.0,"enemies":"2 Louse","floor":5.0,"turns":2.0},{"damage":3.0,"enemies":"Large Slime","floor":7.0,"turns":6.0},{"damage":11,"enemies":"Gremlin Gang","floor":10,"turns":8},{"damage":8,"enemies":"Gremlin Nob","floor":11,"turns":4},{"damage":6,"enemies":"Looter","floor":13,"turns":3},{"damage":11,"enemies":"3 Louse","floor":14,"turns":3},{"damage":54,"enemies":"Hexaghost","floor":16,"turns":10}],"seed_played":"-8993659273157207197","potions_obtained":[{"floor":2.0,"key":"SteroidPotion"},{"floor":7.0,"key":"SteroidPotion"},{"floor":10,"key":"Strength Potion"},{"floor":13,"key":"Swift Potion"}],"is_trial":false,"path_per_floor":["M","M","?","$","M","R","M","?","T","M","E","R","M","M","R","B"],"character_chosen":"IRONCLAD","items_purchased":["Shrug It Off"],"campfire_rested":0,"item_purchase_floors":[4],"current_hp_per_floor":[68,59,48,48,49,49,54,54,54,51,51,51,53,50,50,0],"gold":167,"neow_bonus":"RANDOM_COMMON_RELIC","is_prod":false,"is_daily":false,"chose_seed":false,"campfire_upgraded":3,"win_rate":0,"timestamp":1568760828,"path_taken":["M","?","?","$","M","R","M","?","T","M","E","R","M","M","R","BOSS"],"build_version":"2019-07-17","purchased_purges":1,"victory":false,"max_hp_per_floor":[75,75,75,75,75,75,75,75,75,75,75,75,75,75,75,75],"card_choices":[{"not_picked":["True Grit","Wild Strike"],"picked":"Uppercut","floor":1.0},{"not_picked":["Rage","Flex"],"picked":"Blood for Blood","floor":2.0},{"not_picked":["Infernal Blade","Headbutt"],"picked":"Ghostly Armor","floor":5.0},{"not_picked":["Warcry","Pommel Strike"],"picked":"Impervious","floor":7.0},{"not_picked":["Armaments","Shockwave"],"picked":"Combust","floor":10},{"not_picked":["Disarm","Sever Soul"],"picked":"Seeing Red","floor":11},{"not_picked":["Shrug It Off","Second Wind"],"picked":"Carnage","floor":13},{"not_picked":["Combust","Perfected Strike"],"picked":"Armaments","floor":14}],"player_experience":1330689,"relics_obtained":[{"floor":9.0,"key":"Centennial Puzzle"},{"floor":11,"key":"Omamori"}],"event_choices":[{"damage_healed":0.0,"max_hp_gain":0.0,"max_hp_loss":0.0,"gold_gain":0.0,"event_name":"Scrap Ooze","player_choice":"Success","floor":3.0,"gold_loss":0.0,"damage_taken":11.0,"relics_obtained":["Smiling Mask"]},{"damage_healed":0.0,"max_hp_gain":0.0,"max_hp_loss":0.0,"gold_gain":0.0,"event_name":"Liars Game","player_choice":"Ignored","floor":8.0,"gold_loss":0.0,"damage_taken":0.0}],"is_beta":false,"boss_relics":[],"items_purged_floors":[4],"is_endless":false,"potions_floor_spawned":[2,7,10,13],"killed_by":"Hexaghost","ascension_level":20}