{"path_per_floor":["M","?","$","M","?","E","R","?","T","?","M","M","$","M","R","B",null,"M","?","M","M","?","R","E","R","T","?","?"],"character_chosen":"IRONCLAD","items_purchased":["Meat on the Bone","Dexterity Potion","Bronze Scales"],"gold_per_floor":[418,418,119,131,206,237,237,237,237,237,250,274,125,149,149,277,277,293,193,207,225,225,225,265,265,265,265,265],"floor_reached":29,"campfire_rested":1,"playtime":1503,"current_hp_per_floor":[32,25,25,43,32,32,32,32,32,32,50,55,55,55,55,41,80,65,65,51,47,47,71,53,53,53,53,53],"items_purged":[],"gold":265,"score":267,"play_id":"85cdbdcc-ec93-4d6b-a0b6-5040d329b105","is_prod":false,"is_daily":false,"is_ascension_mode":false,"campfire_upgraded":3,"path_taken":["M","?","$","M","?","E","R","?","T","?","M","?","$","M","R","BOSS","M","?","M","M","?","R","E","R","T","?","?","E"],"build_version":"2018-02-15-PROD1","purchased_purges":0,"victory":false,"master_deck":["Defend_R","Defend_R","Defend_R","Bash","Armaments+1","Twin Strike","Bloodletting","Injury","Flex+1","Cleave","Rupture","Offering+1","Hemokinesis+1","J.A.X.","Dropkick","Shrug It Off","Rupture","Twin Strike+1","Bite","Bite","Bite","Bite","Bite","Pommel Strike"],"max_hp_per_floor":[80,80,80,80,80,80,80,80,80,80,80,80,80,80,80,80,80,80,80,80,80,80,80,80,80,80,56,56],"relics":["Burning Blood","Old Coin","Meat on the Bone","Bag of Marbles","Golden Idol","Mercury Hourglass","Bronze Scales","Runic Pyramid","Juzu Bracelet","Calipers"],"card_choices":[{"not_picked":["Perfected Strike","Rage"],"picked":"Armaments"},{"not_picked":["Heavy Blade","Clothesline"],"picked":"Twin Strike"},{"not_picked":["True Grit","Double Tap"],"picked":"Bloodletting"},{"not_picked":["Clothesline","Clash"],"picked":"Flex"},{"not_picked":["Whirlwind","Perfected Strike"],"picked":"Cleave"},{"not_picked":["Body Slam","Seeing Red"],"picked":"Rupture"},{"not_picked":["Reaper","Juggernaut"],"picked":"Offering"},{"not_picked":["Sword Boomerang","Thunderclap"],"picked":"Hemokinesis"},{"not_picked":["Warcry","Clash"],"picked":"Dropkick"},{"not_picked":["Rampage","Seeing Red"],"picked":"Shrug It Off"},{"not_picked":["Body Slam","Dropkick"],"picked":"Twin Strike"}],"player_experience":29428,"potions_floor_usage":[6,6,16,16,18,29,29],"damage_taken":[{"damage":14,"enemies":"Jaw Worm","floor":1,"turns":6},{"damage":0,"enemies":"2 Louse","floor":4,"turns":4},{"damage":18,"enemies":"Lagavulin","floor":6,"turns":8},{"damage":0,"enemies":"Small Slimes","floor":11,"turns":2},{"damage":1,"enemies":"2 Fungi Beasts","floor":12,"turns":2},{"damage":6,"enemies":"3 Louse","floor":14,"turns":3},{"damage":32,"enemies":"The Guardian","floor":16,"turns":9},{"damage":27,"enemies":"2 Thieves","floor":18,"turns":3},{"damage":32,"enemies":"Shell Parasite","floor":20,"turns":5},{"damage":22,"enemies":"Snecko","floor":21,"turns":4},{"damage":36,"enemies":"Gremlin Leader","floor":24,"turns":5},{"damage":56,"enemies":"Slavers","floor":29,"turns":3}],"event_choices":[{"event_name":"Golden Wing","player_choice":"Card Removal","floor":2,"damage_taken":0},{"event_name":"World of Goop","player_choice":"Gather Gold","floor":5,"damage_taken":0},{"event_name":"Golden Idol","player_choice":"Take Wound","floor":8,"damage_taken":0},{"event_name":"Living Wall","player_choice":"Forget","floor":10,"damage_taken":0},{"event_name":"Drug Dealer","player_choice":"Got JAXXED","floor":19,"damage_taken":0},{"event_name":"Duplicator","player_choice":"One dupe","floor":22,"damage_taken":0},{"event_name":"Vampires","player_choice":"Became a vampire","floor":27,"damage_taken":0},{"event_name":"The Library","player_choice":"Read","floor":28,"damage_taken":0}],"boss_relics":[{"not_picked":["Ectoplasm","Eternal Feather"],"picked":"Runic Pyramid"}],"potions_floor_spawned":[4,6,14,16,20,21],"seed_played":"769901108444016952","killed_by":"Slavers","ascension_level":0,"is_trial":false}