{"path_per_floor":["M","M","M","?","M","R","E","R","T","?","R","M","M","M","R","B",null,"M","M"],"character_chosen":"DEFECT","items_purchased":[],"gold_per_floor":[111,129,143,143,161,161,196,196,196,196,196,208,219,230,230,332,332,350,364,364],"floor_reached":20,"campfire_rested":2,"playtime":764,"current_hp_per_floor":[72,66,60,60,51,51,26,63,63,56,56,45,38,16,54,10,77,39,31,0],"items_purged":[],"gold":364,"score":178,"play_id":"166868e9-a79b-4e14-8616-ef9f0dba98e7","local_time":"20180429160932","is_prod":false,"is_daily":false,"chose_seed":false,"is_ascension_mode":false,"campfire_upgraded":2,"timestamp":1525036172,"path_taken":["M","M","M","?","M","R","E","R","T","?","R","M","?","M","R","BOSS","M","M","M"],"build_version":"2018-04-27v3","seed_source_timestamp":0,"purchased_purges":0,"victory":false,"master_deck":["Strike_B","Strike_B","Defend_B","Defend_B","Defend_B","Defend_B","Zap","Dualcast+1","Streamline+1","Capacitor","Capacitor+1","Leap","Cold Snap","Hello World","Reboot","Ball Lightning","Impulse"],"max_hp_per_floor":[75,75,75,75,75,75,75,75,75,75,75,77,77,77,77,77,77,77,77,77],"relics":["Cracked Core","Regal Pillow","Singing Bowl","Nuclear Battery"],"card_choices":[{"not_picked":["Doom and Gloom","Melter"],"picked":"Streamline","floor":1.0},{"not_picked":["Axe Kick","Blaster"],"picked":"Capacitor","floor":3.0},{"not_picked":["Defragment","Stack"],"picked":"Capacitor","floor":5.0},{"not_picked":["Stack","Reprogram"],"picked":"Leap","floor":7.0},{"not_picked":["Doom and Gloom","Sweeping Beam"],"picked":"Cold Snap","floor":13.0},{"not_picked":["Stack","Impulse"],"picked":"Hello World","floor":14.0},{"not_picked":["Multi-Cast","Biased Cognition"],"picked":"Reboot","floor":16.0},{"not_picked":["Melter","Streamline"],"picked":"Ball Lightning","floor":18.0},{"not_picked":["Sweeping Beam","Flux Capacitor"],"picked":"Impulse","floor":19}],"player_experience":273796,"potions_floor_usage":[],"damage_taken":[{"damage":3.0,"enemies":"Small Slimes","floor":1.0,"turns":3.0},{"damage":6.0,"enemies":"Cultist","floor":2.0,"turns":3.0},{"damage":6.0,"enemies":"2 Louse","floor":3.0,"turns":2.0},{"damage":9.0,"enemies":"2 Fungi Beasts","floor":5.0,"turns":3.0},{"damage":40.0,"enemies":"3 Sentries","floor":7.0,"turns":6.0},{"damage":13.0,"enemies":"Red Slaver","floor":12.0,"turns":3.0},{"damage":7.0,"enemies":"Blue Slaver","floor":13.0,"turns":3.0},{"damage":22.0,"enemies":"Lots of Slimes","floor":14.0,"turns":5.0},{"damage":44.0,"enemies":"Slime Boss","floor":16.0,"turns":11.0},{"damage":38.0,"enemies":"2 Thieves","floor":18.0,"turns":5.0},{"damage":8.0,"enemies":"Shell Parasite","floor":19.0,"turns":5.0},{"damage":36,"enemies":"Snake Plant","floor":20,"turns":4}],"event_choices":[{"event_name":"Purifier","player_choice":"One Purge","floor":4.0,"damage_taken":0.0},{"event_name":"Golden Wing","player_choice":"Card Removal","floor":10.0,"damage_taken":0.0}],"boss_relics":[],"potions_floor_spawned":[1,2,5,13,16,18],"seed_played":"3873326236928451165","killed_by":"Snake Plant","ascension_level":0,"is_trial":false}