{"gold_per_floor":[117,117,133,133,151,151,180,180,180,180,19,38,55,75,75,149,149,166,191,191,106,119,119,145,145,145,145,145],"floor_reached":28,"playtime":2008,"items_purged":[],"score":448,"play_id":"7a96bbae-7641-4389-9a1f-686d4756daee","local_time":"20190902220619","is_ascension_mode":true,"campfire_choices":[{"data":"Sunder","floor":6.0,"key":"SMITH"},{"data":"Leap","floor":8.0,"key":"SMITH"},{"floor":10.0,"key":"REST"},{"floor":15.0,"key":"REST"},{"floor":23,"key":"REST"},{"data":"Glacier","floor":25,"key":"SMITH"},{"data":"Loop","floor":27,"key":"SMITH"}],"neow_cost":"PERCENT_DAMAGE","seed_source_timestamp":1329590385685996,"circlet_count":0,"master_deck":["AscendersBane","Strike_B","Defend_B","Zap","Dualcast","Leap+1","Echo Form","Conserve Battery","Sunder+1","Capacitor","FTL","Coolheaded","Loop+1","Machine Learning","Auto Shields+1","FTL+1","Recycle+1","Glacier+1","Loop","Cold Snap"],"special_seed":0,"relics":["Cracked Core","Calipers","Dead Branch","Ancient Tea Set","Astrolabe","Vajra","Bottled Lightning","Matryoshka"],"potions_floor_usage":[22,24],"damage_taken":[{"damage":2.0,"enemies":"Jaw Worm","floor":1.0,"turns":4.0},{"damage":0.0,"enemies":"Small Slimes","floor":3.0,"turns":4.0},{"damage":0.0,"enemies":"Cultist","floor":5.0,"turns":4.0},{"damage":16.0,"enemies":"Lagavulin","floor":7.0,"turns":7.0},{"damage":0.0,"enemies":"3 Louse","floor":12.0,"turns":2.0},{"damage":8.0,"enemies":"Looter","floor":13.0,"turns":2.0},{"damage":7.0,"enemies":"Blue Slaver","floor":14.0,"turns":4.0},{"damage":10.0,"enemies":"Hexaghost","floor":16.0,"turns":10.0},{"damage":2.0,"enemies":"Spheric Guardian","floor":18.0,"turns":5.0},{"damage":15,"enemies":"2 Thieves","floor":22,"turns":4},{"damage":13,"enemies":"Gremlin Leader","floor":24,"turns":7},{"damage":60,"enemies":"Book of Stabbing","floor":28,"turns":8}],"seed_played":"21951373023937869","potions_obtained":[{"floor":1.0,"key":"Weak Potion"},{"floor":3.0,"key":"PowerPotion"},{"floor":18.0,"key":"Explosive Potion"},{"floor":22,"key":"AttackPotion"}],"is_trial":false,"path_per_floor":["M","?","M","?","M","R","E","R","T","R","$","M","M","M","R","B",null,"M","T","?","$","M","R","E","R","T","R","E"],"character_chosen":"DEFECT","items_purchased":["Ancient Tea Set","Loop"],"campfire_rested":3,"item_purchase_floors":[11,21],"current_hp_per_floor":[44,37,37,37,37,37,21,21,21,42,42,42,34,27,48,38,63,61,61,61,61,46,67,54,54,54,54,0],"gold":145,"neow_bonus":"TRANSFORM_TWO_CARDS","is_prod":false,"is_daily":false,"chose_seed":false,"campfire_upgraded":4,"win_rate":0,"timestamp":1567479979,"path_taken":["M","?","M","?","M","R","E","R","T","R","$","M","M","M","R","BOSS","M","?","?","$","M","R","E","R","T","R","E"],"build_version":"2019-07-17","purchased_purges":0,"victory":false,"max_hp_per_floor":[71,71,71,71,71,71,71,71,71,71,71,71,71,71,71,71,71,71,71,71,71,71,71,71,71,71,71,71],"card_choices":[{"not_picked":["Aggregate","Leap"],"picked":"Conserve Battery","floor":1.0},{"not_picked":["Stack","Melter"],"picked":"Sunder","floor":3.0},{"not_picked":["Ball Lightning","Redo"],"picked":"Capacitor","floor":5.0},{"not_picked":["Ball Lightning","Rebound"],"picked":"FTL","floor":7.0},{"not_picked":["Steam Power","Conserve Battery","Gash"],"picked":"SKIP","floor":12.0},{"not_picked":["Biased Cognition","Steam"],"picked":"Coolheaded","floor":13.0},{"not_picked":["Gash","Turbo"],"picked":"Loop","floor":14.0},{"not_picked":["Seek","Fission"],"picked":"Machine Learning","floor":16.0},{"not_picked":["Coolheaded","Steam","Turbo"],"picked":"SKIP","floor":18.0},{"not_picked":["Steam","Stack"],"picked":"Cold Snap","floor":22},{"not_picked":["Hyperbeam","Ball Lightning","Redo"],"picked":"SKIP","floor":24}],"player_experience":1060316,"relics_obtained":[{"floor":7.0,"key":"Calipers"},{"floor":9.0,"key":"Dead Branch"},{"floor":19.0,"key":"Vajra"},{"floor":24,"key":"Bottled Lightning"},{"floor":26,"key":"Matryoshka"}],"event_choices":[{"cards_removed":["Defend_B"],"damage_healed":0.0,"max_hp_gain":0.0,"max_hp_loss":0.0,"gold_gain":0.0,"event_name":"Golden Wing","player_choice":"Card Removal","floor":2.0,"gold_loss":0.0,"damage_taken":7.0},{"damage_healed":0.0,"max_hp_gain":0.0,"max_hp_loss":0.0,"gold_gain":0.0,"event_name":"Match and Keep!","player_choice":"0 cards matched","floor":4.0,"gold_loss":0.0,"damage_taken":0.0,"cards_obtained":[]},{"damage_healed":0.0,"max_hp_gain":0.0,"max_hp_loss":0.0,"gold_gain":0.0,"event_name":"The Library","player_choice":"Read","floor":20.0,"gold_loss":0.0,"damage_taken":0.0,"cards_obtained":["Glacier"]}],"is_beta":false,"boss_relics":[{"not_picked":["Lizard Tail","Tiny House"],"picked":"Astrolabe"}],"items_purged_floors":[],"is_endless":false,"potions_floor_spawned":[1,3,5,18,22],"killed_by":"Book of Stabbing","ascension_level":18}