{"gold_per_floor":[112,112,30,30,50,76,91,121,198,216,216,216,10,10,10,111,111,124,223,223,223,223,223,223],"floor_reached":24,"playtime":725,"items_purged":[],"score":259,"play_id":"07f7a8ab-8d87-440b-863c-699b61970a4b","local_time":"20190505141157","is_ascension_mode":true,"campfire_choices":[{"data":"Bash","floor":11,"key":"SMITH"},{"data":"Demon Form","floor":15,"key":"SMITH"},{"data":"Inflame","floor":23,"key":"SMITH"}],"neow_cost":"NONE","seed_source_timestamp":189817651114394,"circlet_count":0,"master_deck":["Strike_R","Strike_R","Strike_R","Strike_R","Strike_R","Defend_R","Defend_R","Defend_R","Defend_R","Bash+1","Thunderclap","Spot Weakness","Shrug It Off","Sword Boomerang","Inflame+1","Pommel Strike+1","Ghostly Armor+1","Demon Form+1","Twin Strike","Battle Trance","Necronomicurse","Shrug It Off"],"relics":["Burning Blood","NeowsBlessing","Turnip","Pen Nib","Matryoshka","Bag of Marbles","Philosopher\u0027s Stone","Necronomicon"],"potions_floor_usage":[],"damage_taken":[{"damage":0,"enemies":"Cultist","floor":1,"turns":1},{"damage":0,"enemies":"2 Louse","floor":5,"turns":2},{"damage":0,"enemies":"Lagavulin","floor":6,"turns":1},{"damage":12,"enemies":"Small Slimes","floor":7,"turns":3},{"damage":32,"enemies":"3 Sentries","floor":8,"turns":6},{"damage":6,"enemies":"2 Fungi Beasts","floor":10,"turns":2},{"damage":33,"enemies":"Hexaghost","floor":16,"turns":6},{"damage":19,"enemies":"Spheric Guardian","floor":18,"turns":5},{"damage":51,"enemies":"Slavers","floor":24,"turns":3}],"seed_played":"5837362479201323004","potions_obtained":[{"floor":1,"key":"Swift Potion"},{"floor":5,"key":"FearPotion"},{"floor":8,"key":"LiquidBronze"}],"is_trial":false,"path_per_floor":["M","?","$","?","M","E","M","E","T","M","R","?","$","?","R","B",null,"M","?","?","?","?","R","E"],"character_chosen":"IRONCLAD","items_purchased":["Spot Weakness","Demon Form","Twin Strike"],"campfire_rested":0,"item_purchase_floors":[3,13,13],"current_hp_per_floor":[80,73,73,73,79,80,74,48,48,48,48,74,74,58,58,31,80,67,67,51,51,51,51,0],"gold":223,"neow_bonus":"THREE_ENEMY_KILL","is_prod":false,"is_daily":false,"chose_seed":false,"campfire_upgraded":3,"win_rate":0,"timestamp":1557083517,"path_taken":["M","?","$","?","M","E","M","E","T","M","R","?","$","?","R","BOSS","M","?","?","?","?","R","E"],"build_version":"2019-01-23","purchased_purges":0,"victory":false,"max_hp_per_floor":[80,80,80,80,80,80,80,80,80,80,80,80,80,80,80,80,80,80,80,80,80,80,80,80],"card_choices":[{"not_picked":["Shockwave","Intimidate"],"picked":"Thunderclap","floor":1},{"not_picked":["Flex","Armaments"],"picked":"Shrug It Off","floor":5},{"not_picked":["Evolve","Reckless Charge"],"picked":"Sword Boomerang","floor":6},{"not_picked":["Cleave","Pommel Strike"],"picked":"Inflame","floor":7},{"not_picked":["Heavy Blade","Clash"],"picked":"Pommel Strike","floor":8},{"not_picked":["Flex","Second Wind"],"picked":"Ghostly Armor","floor":10},{"not_picked":["Twin Strike","Cleave"],"picked":"Battle Trance","floor":18}],"player_experience":122619,"relics_obtained":[{"floor":6,"key":"Pen Nib"},{"floor":8,"key":"Matryoshka"},{"floor":9,"key":"Bag of Marbles"},{"floor":20,"key":"Necronomicon"}],"event_choices":[{"damage_healed":0,"gold_gain":0,"player_choice":"Success","damage_taken":7,"relics_obtained":["Turnip"],"max_hp_gain":0,"max_hp_loss":0,"event_name":"Scrap Ooze","floor":2,"gold_loss":0},{"damage_healed":0,"gold_gain":0,"player_choice":"Leave","damage_taken":0,"max_hp_gain":0,"max_hp_loss":0,"event_name":"The Cleric","floor":4,"gold_loss":0},{"damage_healed":26,"gold_gain":0,"player_choice":"Banana","damage_taken":0,"max_hp_gain":0,"max_hp_loss":0,"event_name":"Big Fish","floor":12,"gold_loss":0},{"damage_healed":0,"gold_gain":0,"player_choice":"Entered Light","damage_taken":16,"max_hp_gain":0,"max_hp_loss":0,"event_name":"Shining Light","floor":14,"gold_loss":0,"cards_upgraded":["Ghostly Armor","Pommel Strike"]},{"damage_healed":0,"gold_gain":99,"player_choice":"Stole From Cult","damage_taken":0,"max_hp_gain":0,"max_hp_loss":0,"event_name":"Nest","floor":19,"gold_loss":0},{"damage_healed":0,"gold_gain":0,"player_choice":"Obtained Book","damage_taken":16,"max_hp_gain":0,"max_hp_loss":0,"event_name":"Cursed Tome","floor":20,"gold_loss":0},{"damage_healed":0,"gold_gain":0,"player_choice":"Read","damage_taken":0,"max_hp_gain":0,"max_hp_loss":0,"event_name":"The Library","floor":21,"gold_loss":0,"cards_obtained":["Shrug It Off"]},{"damage_healed":0,"gold_gain":0,"player_choice":"Ignored","damage_taken":0,"max_hp_gain":0,"max_hp_loss":0,"event_name":"Vampires","floor":22,"gold_loss":0}],"is_beta":false,"boss_relics":[{"not_picked":["Empty Cage","Fusion Hammer"],"picked":"Philosopher\u0027s Stone"}],"items_purged_floors":[],"is_endless":false,"potions_floor_spawned":[1,5,8,16,18],"killed_by":"Slavers","ascension_level":3}