{"path_per_floor":["M","M","$","M","$","E","R","E","T","R","?","M","R","M","R","B",null,"M","M","M","?","$"],"character_chosen":"IRONCLAD","items_purchased":["Body Slam","Inflame","Pommel Strike","Orichalcum"],"gold_per_floor":[113,133,87,100,8,43,43,73,96,96,96,108,108,119,119,221,221,234,251,268,268,43],"floor_reached":23,"campfire_rested":3,"playtime":2536,"current_hp_per_floor":[80,80,80,78,78,21,45,13,13,37,37,30,54,55,55,11,80,45,31,23,23,23],"items_purged":["Strike_R"],"gold":43,"score":201,"play_id":"81f0c602-6108-42a1-b8b6-e471bb8825c4","is_prod":false,"is_daily":false,"is_ascension_mode":false,"campfire_upgraded":1,"path_taken":["M","M","?","M","$","E","R","E","T","R","?","M","R","M","R","BOSS","M","M","M","?","$","E"],"build_version":"2018-02-15-PROD1","purchased_purges":1,"victory":false,"master_deck":["Strike_R","Strike_R","Strike_R","Defend_R","Defend_R","Defend_R","Defend_R","Bash","Headbutt","Body Slam","Inflame","Pommel Strike","Pommel Strike","Rampage+1","Cleave","Barricade","Shrug It Off","Second Wind","Battle Trance","Disarm","Warcry"],"max_hp_per_floor":[80,80,80,80,80,80,80,80,80,80,80,80,80,80,80,80,80,80,80,80,80,80],"relics":["Burning Blood","Juzu Bracelet","Bag of Preparation","Vajra","Orrery","Orichalcum"],"card_choices":[{"not_picked":["Corruption","True Grit"],"picked":"Headbutt"},{"not_picked":["Cleave","Armaments"],"picked":"Pommel Strike"},{"not_picked":["Dual Wield","Spot Weakness"],"picked":"Rampage"},{"not_picked":["Infernal Blade","Heavy Blade"],"picked":"Cleave"},{"not_picked":["Fiend Fire","Juggernaut"],"picked":"Barricade"},{"not_picked":["Feel No Pain","Blood for Blood"],"picked":"Shrug It Off"},{"not_picked":["Body Slam","Rage"],"picked":"Second Wind"},{"not_picked":["Anger","True Grit"],"picked":"Battle Trance"},{"not_picked":["Headbutt","Uppercut"],"picked":"Disarm"},{"not_picked":["Cleave","Flex"],"picked":"Warcry"}],"player_experience":8274,"potions_floor_usage":[16,16,20],"damage_taken":[{"damage":4,"enemies":"Cultist","floor":1,"turns":4},{"damage":1,"enemies":"Small Slimes","floor":2,"turns":3},{"damage":8,"enemies":"Jaw Worm","floor":4,"turns":4},{"damage":63,"enemies":"Lagavulin","floor":6,"turns":11},{"damage":38,"enemies":"3 Sentries","floor":8,"turns":9},{"damage":13,"enemies":"Exordium Wildlife","floor":12,"turns":5},{"damage":5,"enemies":"Looter","floor":14,"turns":3},{"damage":65,"enemies":"The Guardian","floor":16,"turns":12},{"damage":41,"enemies":"Chosen","floor":18,"turns":7},{"damage":20,"enemies":"Shell Parasite","floor":19,"turns":9},{"damage":14,"enemies":"Snecko","floor":20,"turns":5},{"damage":26,"enemies":"Book of Stabbing","floor":23,"turns":4}],"event_choices":[{"event_name":"Scrap Ooze","player_choice":"unsuccessful","floor":11,"damage_taken":0},{"event_name":"The Mausoleum","player_choice":"No","floor":21,"damage_taken":0}],"boss_relics":[{"not_picked":["Ectoplasm","Astrolabe"],"picked":"Orrery"}],"potions_floor_spawned":[1,4,8,14,19],"seed_played":"7441690575213526832","killed_by":"Book of Stabbing","ascension_level":0,"is_trial":false}