{"gold_per_floor":[114,124,54,74,84,84,95,123,196,196,271,289,254,268,268,367,367,380,380,397,322,332,332,114,114,114,142,142,155,155],"floor_reached":30,"playtime":1014,"items_purged":["Strike_R"],"score":277,"play_id":"ab30daa1-39e9-496b-82ba-4c07d7c6546d","local_time":"20190428062045","is_ascension_mode":true,"campfire_choices":[{"data":"Bash","floor":6,"key":"SMITH"},{"data":"Anger","floor":10,"key":"SMITH"},{"data":"Searing Blow","floor":15,"key":"SMITH"},{"data":"Searing Blow+2","floor":23,"key":"SMITH"},{"data":"Anger","floor":25,"key":"SMITH"},{"floor":28,"key":"REST"}],"neow_cost":"NONE","seed_source_timestamp":358643468473337,"circlet_count":0,"master_deck":["Strike_R","Strike_R","Strike_R","Strike_R","Defend_R","Defend_R","Defend_R","Defend_R","Bash+1","Flex","Clothesline","Shrug It Off","Inflame","Anger+1","Cleave","Iron Wave","Searing Blow+3","Demon Form","Anger+1","Cleave","Anger+1"],"relics":["Burning Blood","Red Skull","Paper Frog","Velvet Choker","Membership Card","Darkstone Periapt","Du-Vu Doll"],"potions_floor_usage":[22,29,29],"damage_taken":[{"damage":12,"enemies":"Jaw Worm","floor":1,"turns":3},{"damage":1,"enemies":"Cultist","floor":2,"turns":3},{"damage":4,"enemies":"Small Slimes","floor":4,"turns":3},{"damage":32,"enemies":"Exordium Thugs","floor":5,"turns":4},{"damage":0,"enemies":"Large Slime","floor":7,"turns":4},{"damage":10,"enemies":"Gremlin Nob","floor":8,"turns":3},{"damage":15,"enemies":"Blue Slaver","floor":12,"turns":3},{"damage":19,"enemies":"Red Slaver","floor":14,"turns":5},{"damage":26,"enemies":"Slime Boss","floor":16,"turns":9},{"damage":13,"enemies":"Chosen","floor":18,"turns":5},{"damage":40,"enemies":"3 Byrds","floor":20,"turns":5},{"damage":0,"enemies":"Snake Plant","floor":22,"turns":1},{"damage":34,"enemies":"Slavers","floor":27,"turns":4},{"damage":18,"enemies":"Shelled Parasite and Fungi","floor":29,"turns":4},{"damage":40,"enemies":"Book of Stabbing","floor":30,"turns":4}],"seed_played":"7564237583913756638","potions_obtained":[{"floor":5,"key":"Ancient Potion"},{"floor":8,"key":"Dexterity Potion"},{"floor":12,"key":"Fire Potion"},{"floor":14,"key":"Block Potion"},{"floor":18,"key":"BloodPotion"},{"floor":22,"key":"Energy Potion"}],"is_trial":false,"path_per_floor":["M","M","$","M","M","R","M","E","T","R","?","M","?","M","R","B",null,"M","?","M","$","M","R","$","R","T","E","R","M","E"],"character_chosen":"IRONCLAD","items_purchased":["Inflame","Membership Card","Anger"],"campfire_rested":1,"item_purchase_floors":[3,24,24],"current_hp_per_floor":[74,79,79,80,54,54,60,56,56,56,48,39,59,46,46,26,80,73,73,39,39,45,45,45,45,45,17,41,37,0],"gold":155,"neow_bonus":"THREE_CARDS","is_prod":false,"is_daily":false,"chose_seed":false,"campfire_upgraded":5,"win_rate":0,"timestamp":1556450445,"path_taken":["M","M","$","M","M","R","M","E","T","R","?","?","?","M","R","BOSS","M","?","M","?","M","R","$","R","T","E","R","M","E"],"build_version":"2019-01-23","purchased_purges":1,"victory":false,"max_hp_per_floor":[80,80,80,80,80,80,80,80,80,80,80,80,80,80,80,80,80,80,80,80,80,80,80,80,80,80,80,80,80,80],"card_choices":[{"not_picked":["Combust","Warcry"],"picked":"Flex","floor":0},{"not_picked":["Wild Strike","Perfected Strike"],"picked":"Clothesline","floor":1},{"not_picked":["Warcry","Body Slam"],"picked":"Shrug It Off","floor":2},{"not_picked":["Pommel Strike","Sword Boomerang"],"picked":"Anger","floor":4},{"not_picked":["Brutality","Rage"],"picked":"Cleave","floor":5},{"not_picked":["Sword Boomerang","Body Slam","Wild Strike"],"picked":"SKIP","floor":7},{"not_picked":["Clothesline","Intimidate"],"picked":"Iron Wave","floor":8},{"not_picked":["Corruption","Havoc"],"picked":"Searing Blow","floor":12},{"not_picked":["True Grit","Clash","Blood for Blood"],"picked":"SKIP","floor":14},{"not_picked":["Exhume","Reaper"],"picked":"Demon Form","floor":16},{"not_picked":["Flex+1","Combust+1"],"picked":"Anger+1","floor":18},{"not_picked":["Body Slam","Iron Wave"],"picked":"Cleave","floor":20},{"not_picked":["Rage","Havoc","Combust"],"picked":"SKIP","floor":22},{"not_picked":["Sword Boomerang+1","Hemokinesis","Anger"],"picked":"SKIP","floor":27},{"not_picked":["Clash","Body Slam+1","Metallicize"],"picked":"SKIP","floor":29}],"player_experience":98869,"relics_obtained":[{"floor":8,"key":"Red Skull"},{"floor":9,"key":"Paper Frog"},{"floor":26,"key":"Darkstone Periapt"},{"floor":27,"key":"Du-Vu Doll"}],"event_choices":[{"damage_healed":0,"gold_gain":75,"player_choice":"Touch","damage_taken":8,"max_hp_gain":0,"max_hp_loss":0,"event_name":"FaceTrader","floor":11,"gold_loss":0},{"damage_healed":20,"gold_gain":0,"player_choice":"Healed","damage_taken":0,"max_hp_gain":0,"max_hp_loss":0,"event_name":"The Cleric","floor":13,"gold_loss":35},{"damage_healed":0,"gold_gain":0,"player_choice":"Forge","damage_taken":0,"max_hp_gain":0,"max_hp_loss":0,"event_name":"Accursed Blacksmith","floor":19,"gold_loss":0,"cards_upgraded":["Searing Blow"]}],"is_beta":false,"boss_relics":[{"not_picked":["Empty Cage","Eternal Feather"],"picked":"Velvet Choker"}],"items_purged_floors":[21],"is_endless":false,"potions_floor_spawned":[5,8,12,14,18,22],"killed_by":"Book of Stabbing","ascension_level":2}