{"gold_per_floor":[10,22,22,22,22,22,40,40,40,71,89,89,110,110,110,235,235,235,235,235,235,235,235,235,235,235,235,209,209,209,209,209,209,209,209,209,209,51,51,51,51,51,51,51,51,51,51,51,51,51,51,51,0,0,0],"floor_reached":55,"playtime":7088,"items_purged":[],"score":765,"play_id":"26bcc1e3-3d90-4dba-a01c-9f90d1e3b7af","local_time":"20190913125203","is_ascension_mode":false,"campfire_choices":[{"floor":6.0,"key":"RECALL"},{"data":"Calculated Gamble","floor":8.0,"key":"SMITH"},{"data":"Concentrate","floor":12.0,"key":"SMITH"},{"floor":15.0,"key":"REST"},{"data":"Predator","floor":24.0,"key":"SMITH"},{"data":"Acrobatics","floor":27.0,"key":"SMITH"},{"data":"Backflip","floor":30.0,"key":"SMITH"},{"data":"Corpse Explosion","floor":32.0,"key":"SMITH"},{"data":"Footwork","floor":40.0,"key":"SMITH"},{"data":"Leg Sweep","floor":44.0,"key":"SMITH"},{"floor":49.0,"key":"REST"},{"data":"Adrenaline","floor":52,"key":"SMITH"}],"neow_cost":"NO_GOLD","seed_source_timestamp":358031910913116,"circlet_count":0,"master_deck":["Strike_G+1","Strike_G+1","Strike_G+1","Strike_G+1","Defend_G+1","Defend_G+1","Defend_G+1","Survivor","Neutralize","Calculated Gamble+1","Concentrate+1","Acrobatics+1","Backflip+1","Corpse Explosion+1","Leg Sweep+1","Escape Plan","Slice","Predator+1","Well Laid Plans","Endless Agony","Underhanded Strike","Terror+1","Adrenaline+1","Backflip+1","Footwork+1","Predator+1","Heel Hook+1","Calculated Gamble+1","Well Laid Plans+1","Endless Agony+1","Underhanded Strike+1","Underhanded Strike+1"],"special_seed":0,"relics":["Ring of the Serpent","Tingsha","Golden Idol","Turnip","Thread and Needle","Dream Catcher","Ectoplasm","Red Mask","Du-Vu Doll","Molten Egg 2","Strawberry","Shuriken","Orichalcum"],"potions_floor_usage":[54,54],"damage_taken":[{"damage":0.0,"enemies":"Small Slimes","floor":1.0,"turns":3.0},{"damage":3.0,"enemies":"Jaw Worm","floor":2.0,"turns":4.0},{"damage":1.0,"enemies":"Cultist","floor":7.0,"turns":3.0},{"damage":5.0,"enemies":"3 Sentries","floor":10.0,"turns":7.0},{"damage":2.0,"enemies":"Exordium Wildlife","floor":11.0,"turns":4.0},{"damage":0.0,"enemies":"Looter","floor":13.0,"turns":2.0},{"damage":1.0,"enemies":"The Guardian","floor":16.0,"turns":12.0},{"damage":1.0,"enemies":"3 Byrds","floor":18.0,"turns":2.0},{"damage":1.0,"enemies":"Masked Bandits","floor":19.0,"turns":2.0},{"damage":0.0,"enemies":"Spheric Guardian","floor":20.0,"turns":3.0},{"damage":0.0,"enemies":"Snecko","floor":22.0,"turns":5.0},{"damage":29.0,"enemies":"Gremlin Leader","floor":23.0,"turns":6.0},{"damage":0.0,"enemies":"Cultist and Chosen","floor":31.0,"turns":4.0},{"damage":9.0,"enemies":"Collector","floor":33.0,"turns":6.0},{"damage":8.0,"enemies":"3 Shapes","floor":35.0,"turns":3.0},{"damage":25.0,"enemies":"Reptomancer","floor":41.0,"turns":5.0},{"damage":0.0,"enemies":"Orb Walker","floor":42.0,"turns":2.0},{"damage":0.0,"enemies":"Sphere and 2 Shapes","floor":45.0,"turns":3.0},{"damage":0.0,"enemies":"Maw","floor":46.0,"turns":4.0},{"damage":0.0,"enemies":"Transient","floor":47.0,"turns":5.0},{"damage":0.0,"enemies":"4 Shapes","floor":48.0,"turns":2.0},{"damage":20,"enemies":"Donu and Deca","floor":50,"turns":5},{"damage":40,"enemies":"Shield and Spear","floor":54,"turns":3},{"damage":48,"enemies":"The Heart","floor":55,"turns":3}],"seed_played":"-1808744516619410861","potions_obtained":[{"floor":7.0,"key":"Explosive Potion"},{"floor":11.0,"key":"Strength Potion"},{"floor":16.0,"key":"Weak Potion"},{"floor":18.0,"key":"Energy Potion"},{"floor":31.0,"key":"AttackPotion"},{"floor":33.0,"key":"SkillPotion"},{"floor":41.0,"key":"EssenceOfSteel"},{"floor":46.0,"key":"Ancient Potion"}],"is_trial":false,"path_per_floor":["M","M","?","$","?","R","M","R","T","E","M","R","M","T","R","B",null,"M","?","M","?","M","E","R","?","T","R","$","?","R","M","R","B",null,"M","?","T","$","?","R","E","M","T","R","M","M","M","M","R","B",null,"R","$","E","B"],"character_chosen":"THE_SILENT","items_purchased":["Underhanded Strike","Footwork","Predator+1","Underhanded Strike+1"],"campfire_rested":2,"item_purchase_floors":[28,38,38,53],"current_hp_per_floor":[70,67,50,50,50,50,49,49,49,44,42,42,42,42,63,62,70,69,68,68,68,68,39,39,39,39,39,39,80,80,80,80,71,80,72,72,72,72,72,72,54,54,54,54,54,54,54,54,80,60,87,87,87,47,0],"gold":0,"neow_bonus":"ONE_RARE_RELIC","is_prod":false,"is_daily":false,"chose_seed":false,"campfire_upgraded":9,"win_rate":0,"timestamp":1568397123,"path_taken":["M","M","?","$","?","R","M","R","T","E","M","R","M","?","R","BOSS","M","?","M","?","M","E","R","?","T","R","$","?","R","?","R","BOSS","M","?","?","?","?","R","E","M","T","R","M","M","M","?","R","BOSS","R","$","E","BOSS"],"build_version":"2019-07-17","purchased_purges":0,"victory":false,"max_hp_per_floor":[70,70,70,70,70,70,70,70,70,70,70,70,70,70,70,70,70,70,70,70,70,70,70,70,70,70,70,70,80,80,80,80,80,80,80,80,80,80,80,80,87,87,87,87,87,87,87,87,87,87,87,87,87,87,87],"card_choices":[{"not_picked":["Poisoned Stab","Expertise","Slice"],"picked":"SKIP","floor":1.0},{"not_picked":["Sucker Punch","Deflect"],"picked":"Calculated Gamble","floor":2.0},{"not_picked":["Prepared","Expertise"],"picked":"Concentrate","floor":7.0},{"not_picked":["Outmaneuver","Choke","Venomology"],"picked":"SKIP","floor":10.0},{"not_picked":["Endless Agony","Distraction","Blade Dance"],"picked":"SKIP","floor":11.0},{"not_picked":["Backstab","Flechettes"],"picked":"Acrobatics","floor":13.0},{"not_picked":["Outmaneuver","Deflect"],"picked":"Backflip","floor":15.0},{"not_picked":["Glass Knife","Adrenaline"],"picked":"Corpse Explosion","floor":16.0},{"not_picked":["Bouncing Flask+1","Deadly Poison+1"],"picked":"Leg Sweep","floor":18.0},{"not_picked":["PiercingWail","Blade Dance"],"picked":"Escape Plan","floor":19.0},{"not_picked":["Catalyst+1","Deflect"],"picked":"Slice","floor":20.0},{"not_picked":["Prepared","Expertise"],"picked":"Endless Agony","floor":22.0},{"not_picked":["Poisoned Stab+1","Flying Knee"],"picked":"Die Die Die","floor":23.0},{"not_picked":["Prepared","All Out Attack"],"picked":"Terror+1","floor":31.0},{"not_picked":["Grand Finale","Corpse Explosion"],"picked":"Adrenaline","floor":33.0},{"not_picked":["PiercingWail+1","Deadly Poison"],"picked":"Backflip+1","floor":35.0},{"not_picked":["Flying Knee+1","Outmaneuver+1","Wraith Form v2"],"picked":"SKIP","floor":41.0},{"not_picked":["Underhanded Strike+1","Flying Knee+1"],"picked":"Heel Hook+1","floor":42.0},{"not_picked":["Bane+1","Underhanded Strike+1"],"picked":"Calculated Gamble+1","floor":45.0},{"not_picked":["Dodge and Roll+1","Poisoned Stab+1","Night Terror"],"picked":"SKIP","floor":46.0},{"not_picked":["Leg Sweep","Poisoned Stab+1"],"picked":"Well Laid Plans+1","floor":47.0},{"not_picked":["Cloak And Dagger+1","Flying Knee+1"],"picked":"Endless Agony+1","floor":48.0},{"not_picked":["Bane+1","Slice+1"],"picked":"Underhanded Strike+1","floor":49.0},{"not_picked":["Dodge and Roll+1","Catalyst","Accuracy+1"],"picked":"SKIP","floor":54}],"player_experience":1240588,"relics_obtained":[{"floor":9.0,"key":"Turnip"},{"floor":10.0,"key":"Thread and Needle"},{"floor":14.0,"key":"Dream Catcher"},{"floor":19.0,"key":"Red Mask"},{"floor":23.0,"key":"Du-Vu Doll"},{"floor":37.0,"key":"Molten Egg 2"},{"floor":41.0,"key":"Strawberry"},{"floor":43.0,"key":"Shuriken"},{"floor":54,"key":"Orichalcum"}],"event_choices":[{"damage_healed":0.0,"max_hp_gain":0.0,"max_hp_loss":0.0,"gold_gain":0.0,"event_name":"Golden Idol","player_choice":"Take Damage","floor":3.0,"gold_loss":0.0,"damage_taken":17.0,"relics_obtained":["Golden Idol"]},{"cards_removed":["Defend_G"],"damage_healed":0.0,"max_hp_gain":0.0,"max_hp_loss":0.0,"gold_gain":0.0,"event_name":"Living Wall","player_choice":"Forget","floor":5.0,"gold_loss":0.0,"damage_taken":0.0},{"damage_healed":0.0,"max_hp_gain":0.0,"max_hp_loss":0.0,"gold_gain":0.0,"event_name":"Masked Bandits","player_choice":"Fought Bandits","floor":19.0,"gold_loss":0.0,"damage_taken":0.0},{"damage_healed":0.0,"max_hp_gain":0.0,"max_hp_loss":0.0,"gold_gain":0.0,"cards_transformed":["Defend_G","Strike_G"],"event_name":"Drug Dealer","player_choice":"Became Test Subject","floor":21.0,"gold_loss":0.0,"damage_taken":0.0,"cards_obtained":["Predator","Well Laid Plans"]},{"damage_healed":0.0,"max_hp_gain":0.0,"max_hp_loss":0.0,"gold_gain":0.0,"event_name":"Back to Basics","player_choice":"Simplicity","floor":25.0,"gold_loss":0.0,"damage_taken":0.0,"cards_upgraded":["Strike_G","Strike_G","Strike_G","Strike_G","Defend_G","Defend_G","Defend_G"]},{"cards_removed":["Die Die Die"],"damage_healed":31.0,"max_hp_gain":10.0,"max_hp_loss":0.0,"gold_gain":0.0,"event_name":"Bonfire Elementals","player_choice":"Offered Rare","floor":29.0,"gold_loss":0.0,"damage_taken":0.0},{"damage_healed":0.0,"max_hp_gain":0.0,"max_hp_loss":0.0,"gold_gain":222.0,"event_name":"Tomb of Lord Red Mask","player_choice":"Wore Mask","floor":36.0,"gold_loss":0.0,"damage_taken":0.0},{"damage_healed":0.0,"max_hp_gain":0.0,"max_hp_loss":0.0,"gold_gain":0.0,"event_name":"The Moai Head","player_choice":"Ignored","floor":39.0,"gold_loss":0.0,"damage_taken":0.0}],"is_beta":false,"boss_relics":[{"not_picked":["Runic Dome","HoveringKite"],"picked":"Ectoplasm"},{"not_picked":["Busted Crown","Velvet Choker"],"picked":"Ring of the Serpent"}],"items_purged_floors":[],"is_endless":false,"potions_floor_spawned":[7,11,16,18,31,33,41,46],"killed_by":"The Heart","ascension_level":0}