{"gold_per_floor":[109,109,36,55,55,88,88,88,88,163,179,179,206,218,218,315,315,332,6,22,33,45,45,45],"floor_reached":24,"playtime":1410,"items_purged":["Strike_B"],"score":379,"play_id":"62aa1bc9-944a-4e0b-acba-11cf2fb07bd4","local_time":"20190917211431","is_ascension_mode":true,"campfire_choices":[{"floor":8.0,"key":"REST"},{"data":"Redo","floor":15.0,"key":"SMITH"},{"floor":23,"key":"REST"}],"neow_cost":"NONE","seed_source_timestamp":522486504675000,"circlet_count":0,"master_deck":["Strike_B+1","Defend_B","Defend_B","Defend_B","Defend_B","Zap","Dualcast","Gash+1","Capacitor","Streamline","Hologram","Redo+1","Cold Snap","Gash","Rainbow","Compile Driver","Glacier","Coolheaded","Cold Snap","Defragment+1"],"special_seed":0,"relics":["Cracked Core","NeowsBlessing","Dream Catcher","Oddly Smooth Stone","Matryoshka","Strawberry","Cursed Key","ClockworkSouvenir"],"potions_floor_usage":[],"damage_taken":[{"damage":0.0,"enemies":"Small Slimes","floor":1.0,"turns":1.0},{"damage":0.0,"enemies":"2 Louse","floor":4.0,"turns":1.0},{"damage":0.0,"enemies":"Gremlin Nob","floor":6.0,"turns":1.0},{"damage":0.0,"enemies":"Jaw Worm","floor":11.0,"turns":3.0},{"damage":22.0,"enemies":"Lagavulin","floor":13.0,"turns":6.0},{"damage":5.0,"enemies":"Blue Slaver","floor":14.0,"turns":3.0},{"damage":0.0,"enemies":"Slime Boss","floor":16.0,"turns":6.0},{"damage":27,"enemies":"3 Byrds","floor":18,"turns":5},{"damage":13,"enemies":"2 Thieves","floor":20,"turns":4},{"damage":27,"enemies":"Snake Plant","floor":21,"turns":6},{"damage":0,"enemies":"Snecko","floor":22,"turns":6},{"damage":43,"enemies":"Slavers","floor":24,"turns":6}],"seed_played":"6123435070719922678","potions_obtained":[{"floor":1.0,"key":"FearPotion"},{"floor":4.0,"key":"Swift Potion"},{"floor":13.0,"key":"Fire Potion"},{"floor":20,"key":"FairyPotion"}],"is_trial":false,"path_per_floor":["M","?","$","M","?","E","?","R","T","?","M","?","E","M","R","B",null,"M","$","M","M","M","R","E"],"character_chosen":"DEFECT","items_purchased":["Capacitor","ClockworkSouvenir","Compile Driver"],"campfire_rested":2,"item_purchase_floors":[3,19,19],"current_hp_per_floor":[68,61,61,61,46,46,39,61,61,50,50,50,35,30,30,30,69,42,42,29,2,2,26,0],"gold":45,"neow_bonus":"THREE_ENEMY_KILL","is_prod":false,"is_daily":false,"chose_seed":false,"campfire_upgraded":1,"win_rate":0,"timestamp":1568744071,"path_taken":["M","?","$","M","?","E","?","R","T","?","?","?","E","M","R","BOSS","M","$","M","?","M","R","E"],"build_version":"2019-07-17","purchased_purges":1,"victory":false,"max_hp_per_floor":[75,75,75,75,75,75,75,75,75,75,75,75,82,82,82,82,82,82,82,82,82,82,82,82],"card_choices":[{"not_picked":["Reprogram","Rebound"],"picked":"Gash","floor":1.0},{"not_picked":["Barrage","Recycle"],"picked":"Streamline","floor":4.0},{"not_picked":["Barrage","Conserve Battery","Turbo"],"picked":"SKIP","floor":6.0},{"not_picked":["Aggregate","Sweeping Beam"],"picked":"Hologram","floor":8.0},{"not_picked":["Turbo","Beam Cell"],"picked":"Redo","floor":11.0},{"not_picked":["Compile Driver","Beam Cell"],"picked":"Cold Snap","floor":13.0},{"not_picked":["Thunder Strike","Cold Snap"],"picked":"Gash","floor":14.0},{"not_picked":["Meteor Strike","Multi-Cast"],"picked":"Rainbow","floor":16.0},{"not_picked":["Hologram","Stack","Steam Power"],"picked":"SKIP","floor":18},{"not_picked":["Streamline","Sweeping Beam+1"],"picked":"Glacier","floor":20},{"not_picked":["Stack","Darkness"],"picked":"Coolheaded","floor":21},{"not_picked":["Skim","Capacitor"],"picked":"Cold Snap","floor":22},{"not_picked":["Melter+1","Sweeping Beam"],"picked":"Defragment+1","floor":23}],"player_experience":297282,"relics_obtained":[{"floor":6.0,"key":"Dream Catcher"},{"floor":9.0,"key":"Matryoshka"},{"floor":13.0,"key":"Strawberry"}],"event_choices":[{"cards_removed":["Strike_B"],"damage_healed":0.0,"max_hp_gain":0.0,"max_hp_loss":0.0,"gold_gain":0.0,"event_name":"Golden Wing","player_choice":"Card Removal","floor":2.0,"gold_loss":0.0,"damage_taken":7.0},{"damage_healed":0.0,"max_hp_gain":0.0,"max_hp_loss":0.0,"gold_gain":0.0,"event_name":"Shining Light","player_choice":"Entered Light","floor":5.0,"gold_loss":0.0,"damage_taken":15.0,"cards_upgraded":["Gash","Strike_B"]},{"damage_healed":0.0,"max_hp_gain":0.0,"max_hp_loss":0.0,"gold_gain":0.0,"event_name":"Scrap Ooze","player_choice":"Success","floor":7.0,"gold_loss":0.0,"damage_taken":7.0,"relics_obtained":["Oddly Smooth Stone"]},{"damage_healed":0.0,"max_hp_gain":0.0,"max_hp_loss":0.0,"gold_gain":75.0,"event_name":"World of Goop","player_choice":"Gather Gold","floor":10.0,"gold_loss":0.0,"damage_taken":11.0},{"cards_removed":["Strike_B"],"damage_healed":0.0,"max_hp_gain":0.0,"max_hp_loss":0.0,"gold_gain":0.0,"event_name":"Purifier","player_choice":"Purged","floor":12.0,"gold_loss":0.0,"damage_taken":0.0}],"is_beta":false,"boss_relics":[{"not_picked":["Astrolabe","Nuclear Battery"],"picked":"Cursed Key"}],"items_purged_floors":[19],"is_endless":false,"potions_floor_spawned":[1,4,13,20],"killed_by":"Slavers","ascension_level":7}