{"gold_per_floor":[115,132,132,143,98,129,139,156,181,181,209,227,227,259,259,259],"floor_reached":16,"playtime":789,"items_purged":[],"score":159,"play_id":"a3617ecd-d62c-4242-a064-ee7070d7ca1a","local_time":"20190315192310","is_ascension_mode":true,"campfire_choices":[{"data":"Cloak And Dagger","floor":15,"key":"SMITH"}],"neow_cost":"NONE","seed_source_timestamp":1452447880908152,"circlet_count":0,"master_deck":["Defend_G","Defend_G","Defend_G","Defend_G","Defend_G","Strike_G","Strike_G+1","Strike_G","Strike_G+1","Survivor","Neutralize","Dash","Deflect","Catalyst","Deflect","Cloak And Dagger+1","Acrobatics","Dagger Spray","Leg Sweep"],"relics":["Ring of the Snake","construct:FoamFinger","PreservedInsect","Boot","Whetstone"],"potions_floor_usage":[6,11,14],"damage_taken":[{"damage":3,"enemies":"Small Slimes","floor":1,"turns":6},{"damage":0,"enemies":"Cultist","floor":2,"turns":4},{"damage":0,"enemies":"2 Louse","floor":4,"turns":2},{"damage":5,"enemies":"Looter","floor":5,"turns":5},{"damage":46,"enemies":"Gremlin Nob","floor":6,"turns":7},{"damage":0,"enemies":"2 Fungi Beasts","floor":7,"turns":5},{"damage":0,"enemies":"3 Louse","floor":8,"turns":3},{"damage":7,"enemies":"3 Sentries","floor":11,"turns":10},{"damage":0,"enemies":"Blue Slaver","floor":12,"turns":4},{"damage":7,"enemies":"Lagavulin","floor":14,"turns":7},{"damage":18,"enemies":"Hexaghost","floor":16,"turns":11}],"seed_played":"-8292853007633585007","potions_obtained":[{"floor":1,"key":"LiquidBronze"},{"floor":7,"key":"GamblersBrew"},{"floor":8,"key":"FearPotion"},{"floor":11,"key":"SneckoOil"}],"is_trial":false,"path_per_floor":["M","M","?","M","M","E","M","M","T","?","E","M","?","E","R","B"],"character_chosen":"THE_SILENT","items_purchased":[],"campfire_rested":0,"item_purchase_floors":[],"current_hp_per_floor":[60,60,60,60,55,9,9,9,9,32,25,25,25,18,18,0],"gold":259,"neow_bonus":"REMOVE_CARD","is_prod":false,"is_daily":false,"chose_seed":false,"campfire_upgraded":1,"win_rate":0,"timestamp":1552695790,"path_taken":["M","M","?","?","M","E","M","M","T","?","E","M","?","E","R","BOSS"],"build_version":"2019-01-23","purchased_purges":0,"victory":false,"max_hp_per_floor":[70,70,70,70,70,70,70,70,70,70,70,70,70,70,70,70],"card_choices":[{"not_picked":["Bouncing Flask","Flying Knee"],"picked":"Dash","floor":1},{"not_picked":["Dagger Throw","Poisoned Stab"],"picked":"Deflect","floor":2},{"not_picked":["Backflip","Outmaneuver"],"picked":"Catalyst","floor":4},{"not_picked":["Bane","Dodge and Roll"],"picked":"Deflect","floor":5},{"not_picked":["Malaise","Dagger Throw"],"picked":"Cloak And Dagger","floor":6},{"not_picked":["PiercingWail","Eviscerate"],"picked":"Acrobatics","floor":7},{"not_picked":["Dodge and Roll","Flying Knee","Deflect"],"picked":"SKIP","floor":8},{"not_picked":["Finisher","Accuracy"],"picked":"Dagger Spray","floor":11},{"not_picked":["Night Terror","Endless Agony","Underhanded Strike"],"picked":"SKIP","floor":12},{"not_picked":["Dodge and Roll","Outmaneuver"],"picked":"Leg Sweep","floor":14}],"player_experience":379538,"relics_obtained":[{"floor":6,"key":"construct:FoamFinger"},{"floor":9,"key":"PreservedInsect"},{"floor":11,"key":"Boot"},{"floor":14,"key":"Whetstone"}],"event_choices":[{"damage_healed":0,"gold_gain":0,"player_choice":"Bought 0 Potions","damage_taken":0,"max_hp_gain":0,"max_hp_loss":0,"event_name":"The Woman in Blue","floor":3,"gold_loss":0},{"damage_healed":23,"gold_gain":0,"player_choice":"Banana","damage_taken":0,"max_hp_gain":0,"max_hp_loss":0,"event_name":"Big Fish","floor":10,"gold_loss":0},{"damage_healed":0,"gold_gain":0,"player_choice":"Ignored","damage_taken":0,"max_hp_gain":0,"max_hp_loss":0,"event_name":"Shining Light","floor":13,"gold_loss":0}],"is_beta":false,"boss_relics":[],"items_purged_floors":[],"is_endless":false,"potions_floor_spawned":[1,7,8,11],"killed_by":"Hexaghost","ascension_level":6}