{"gold_per_floor":[113,113,113,31,42,76,76,87,87,116,44,44,74,92,92,193,193,207,207,207,222,233,233,233,263,287,398,46,46,61,91,91,193,193,206,206,206],"floor_reached":38,"playtime":1528,"items_purged":[],"score":732,"play_id":"171e190a-dbe1-431c-a029-812a3b5a676f","local_time":"20190216001457","is_ascension_mode":true,"campfire_choices":[{"data":"Discovery","floor":7.0,"key":"SMITH"},{"data":"Infinite Blades","floor":12.0,"key":"SMITH"},{"data":"Tools of the Trade","floor":15.0,"key":"SMITH"},{"floor":23.0,"key":"REST"},{"floor":29.0,"key":"REST"},{"floor":32,"key":"REST"}],"neow_cost":"NONE","seed_source_timestamp":0,"circlet_count":0,"master_deck":["Defend_G","Defend_G","Defend_G","Defend_G","Defend_G","Strike_G","Strike_G","Strike_G","Strike_G","Strike_G","Survivor","Neutralize","Discovery+1","Quick Slash","Tools of the Trade+1","Infinite Blades+1","Flying Knee","A Thousand Cuts","Blade Dance","Neutralize","Slice","Die Die Die","Accuracy","Jack Of All Trades","Blade Dance","Sucker Punch+1","Venomology","Footwork+1"],"special_seed":0,"relics":["Ring of the Serpent","NeowsBlessing","Ninja Scroll","Shuriken","Boot","Peace Pipe","Nunchaku","Odd Mushroom","Lizard Tail","FossilizedHelix","MawBank","TwistedFunnel","Unceasing Top"],"potions_floor_usage":[33,37,37,37],"damage_taken":[{"damage":0.0,"enemies":"2 Louse","floor":1.0,"turns":1.0},{"damage":0.0,"enemies":"Jaw Worm","floor":5.0,"turns":1.0},{"damage":0.0,"enemies":"Gremlin Nob","floor":6.0,"turns":1.0},{"damage":0.0,"enemies":"Cultist","floor":8.0,"turns":2.0},{"damage":24.0,"enemies":"Lagavulin","floor":10.0,"turns":7.0},{"damage":1.0,"enemies":"The Mushroom Lair","floor":13.0,"turns":4.0},{"damage":9.0,"enemies":"3 Louse","floor":14.0,"turns":3.0},{"damage":4.0,"enemies":"Hexaghost","floor":16.0,"turns":7.0},{"damage":28.0,"enemies":"2 Thieves","floor":18.0,"turns":4.0},{"damage":3.0,"enemies":"Chosen","floor":21.0,"turns":3.0},{"damage":21.0,"enemies":"Snake Plant","floor":22.0,"turns":3.0},{"damage":40.0,"enemies":"Slavers","floor":25.0,"turns":4.0},{"damage":0.0,"enemies":"Centurion and Healer","floor":30.0,"turns":4.0},{"damage":21,"enemies":"Gremlin Leader","floor":31,"turns":4},{"damage":14,"enemies":"Automaton","floor":33,"turns":6},{"damage":0,"enemies":"Orb Walker","floor":35,"turns":2},{"damage":93,"enemies":"Donu and Deca","floor":37,"turns":10}],"seed_played":"-7896975645940677692","potions_obtained":[{"floor":8.0,"key":"Strength Potion"},{"floor":10.0,"key":"FairyPotion"},{"floor":14.0,"key":"SkillPotion"},{"floor":16.0,"key":"Swift Potion"},{"floor":30.0,"key":"Poison Potion"}],"is_trial":false,"path_per_floor":["M","?","?","$","M","E","R","M","T","E","$","R","?","M","R","B",null,"M","?","$","M","M","R","$","E","T","?","$","R","M","E","R","B",null,"M","?","B",null],"character_chosen":"THE_SILENT","items_purchased":["Discovery","Infinite Blades","Accuracy","Jack Of All Trades","TwistedFunnel"],"campfire_rested":3,"item_purchase_floors":[4,11,28,28,28],"current_hp_per_floor":[70,67,67,67,67,67,67,67,67,43,43,43,42,33,33,29,70,42,42,42,39,18,39,39,7,7,7,7,28,28,7,28,14,70,70,70,15],"gold":206,"neow_bonus":"THREE_ENEMY_KILL","is_prod":false,"is_daily":false,"chose_seed":false,"campfire_upgraded":3,"win_rate":0,"timestamp":1550297697,"path_taken":["M","?","?","$","?","E","R","M","T","E","$","R","?","M","R","BOSS","M","?","$","?","M","R","?","E","T","?","$","R","M","E","R","BOSS","M","?","BOSS"],"build_version":"2019-01-23","purchased_purges":0,"victory":true,"max_hp_per_floor":[70,70,70,70,70,70,70,70,70,70,70,70,70,70,70,70,70,70,70,70,70,70,70,70,70,70,70,70,70,70,70,70,70,70,70,70,70],"card_choices":[{"not_picked":["Prepared","Deflect"],"picked":"Leg Sweep","floor":1.0},{"not_picked":["Predator","Setup","Underhanded Strike"],"picked":"SKIP","floor":5.0},{"not_picked":["Setup","Masterful Stab"],"picked":"Quick Slash","floor":6.0},{"not_picked":["Dodge and Roll","Eviscerate"],"picked":"Tools of the Trade","floor":8.0},{"not_picked":["Crippling Poison","Blur","Heel Hook"],"picked":"SKIP","floor":10.0},{"not_picked":["Bouncing Flask","Choke"],"picked":"Flying Knee","floor":13.0},{"not_picked":["Riddle With Holes","Deadly Poison","Prepared"],"picked":"SKIP","floor":14.0},{"not_picked":["Glass Knife","Corpse Explosion"],"picked":"A Thousand Cuts","floor":16.0},{"not_picked":["Distraction","Deflect"],"picked":"Blade Dance","floor":18.0},{"not_picked":["Distraction","Dagger Throw"],"picked":"Slice","floor":21.0},{"not_picked":["Underhanded Strike","Eviscerate","Dagger Spray"],"picked":"SKIP","floor":22.0},{"not_picked":["Sucker Punch","Prepared"],"picked":"Die Die Die","floor":25.0},{"not_picked":["Deflect","Cloak And Dagger"],"picked":"Blade Dance","floor":30.0},{"not_picked":["Calculated Gamble","Corpse Explosion"],"picked":"Sucker Punch+1","floor":31},{"not_picked":["Doppelganger","Malaise"],"picked":"Venomology","floor":33},{"not_picked":["Backstab","Dagger Throw"],"picked":"Footwork+1","floor":35}],"player_experience":307240,"relics_obtained":[{"floor":6.0,"key":"Boot"},{"floor":9.0,"key":"Peace Pipe"},{"floor":10.0,"key":"Nunchaku"},{"floor":13.0,"key":"Odd Mushroom"},{"floor":25.0,"key":"FossilizedHelix"},{"floor":26.0,"key":"MawBank"},{"floor":31,"key":"Unceasing Top"}],"event_choices":[{"damage_healed":0.0,"max_hp_gain":0.0,"max_hp_loss":0.0,"gold_gain":0.0,"event_name":"Scrap Ooze","player_choice":"Success","floor":2.0,"gold_loss":0.0,"damage_taken":3.0,"relics_obtained":["Ninja Scroll"]},{"cards_removed":["Leg Sweep"],"damage_healed":0.0,"max_hp_gain":0.0,"max_hp_loss":0.0,"gold_gain":0.0,"event_name":"WeMeetAgain","player_choice":"Gave Card","floor":3.0,"gold_loss":0.0,"damage_taken":0.0,"relics_obtained":["Shuriken"]},{"damage_healed":0.0,"max_hp_gain":0.0,"max_hp_loss":0.0,"gold_gain":0.0,"event_name":"Mushrooms","player_choice":"Fought Mushrooms","floor":13.0,"gold_loss":0.0,"damage_taken":0.0},{"damage_healed":0.0,"max_hp_gain":0.0,"max_hp_loss":0.0,"gold_gain":0.0,"event_name":"Match and Keep!","player_choice":"1 cards matched","floor":19.0,"gold_loss":0.0,"damage_taken":0.0,"cards_obtained":["Neutralize"]},{"damage_healed":0.0,"max_hp_gain":0.0,"max_hp_loss":0.0,"gold_gain":99.0,"event_name":"Nest","player_choice":"Stole From Cult","floor":27.0,"gold_loss":0.0,"damage_taken":0.0},{"damage_healed":0,"gold_gain":0,"player_choice":"Took Portal","damage_taken":0,"max_hp_gain":0,"max_hp_loss":0,"event_name":"SecretPortal","floor":36,"gold_loss":0}],"is_beta":false,"boss_relics":[{"not_picked":["Orrery","Fusion Hammer"],"picked":"Lizard Tail"},{"not_picked":["Tiny House","Runic Pyramid"],"picked":"Ring of the Serpent"}],"items_purged_floors":[],"is_endless":false,"potions_floor_spawned":[8,10,14,16,18,30],"ascension_level":3}