{"gold_per_floor":[113,128,203,220,395,395,428,428,496,159,159,175,175,450,450,548,548,567,577,589,249,63,63,78,78],"floor_reached":25,"playtime":975,"items_purged":["Doubt","Regret","Regret"],"score":211,"play_id":"9f082aa6-4d63-4f48-99fd-55d0fea7297d","local_time":"20190906033755","is_ascension_mode":true,"campfire_choices":[{"data":"Redo","floor":6,"key":"SMITH"},{"floor":8,"key":"REST"},{"data":"Self Repair","floor":13,"key":"SMITH"},{"floor":15,"key":"REST"},{"data":"Defragment","floor":23,"key":"SMITH"}],"neow_cost":"NONE","seed_source_timestamp":484115446427200,"circlet_count":0,"master_deck":["Strike_B","Strike_B","Strike_B","Strike_B","Defend_B","Defend_B","Defend_B","Defend_B","Zap+1","Dualcast","Rebound","Redo+1","Sweeping Beam","Compile Driver","Loop","Self Repair+1","Leap","Echo Form","Beam Cell","Conserve Battery","Go for the Eyes","Cold Snap","Coolheaded","Heatsinks","Storm+1","Coolheaded+1","Heatsinks+1","Amplify","Self Repair","White Noise","Defragment+1","Creative AI","Cold Snap"],"relics":["Cracked Core","Centennial Puzzle","Mummified Hand","Membership Card","Happy Flower","Prayer Wheel","Orrery","DataDisk","Orichalcum","Runic Capacitor"],"potions_floor_usage":[25,25,25,25],"damage_taken":[{"damage":1,"enemies":"Jaw Worm","floor":1,"turns":3},{"damage":7,"enemies":"2 Louse","floor":2,"turns":2},{"damage":1,"enemies":"Cultist","floor":4,"turns":3},{"damage":44,"enemies":"Lagavulin","floor":7,"turns":6},{"damage":12,"enemies":"Gremlin Gang","floor":12,"turns":3},{"damage":31,"enemies":"Slime Boss","floor":16,"turns":9},{"damage":34,"enemies":"Chosen","floor":18,"turns":7},{"damage":14,"enemies":"Spheric Guardian","floor":19,"turns":4},{"damage":39,"enemies":"Snake Plant","floor":20,"turns":4},{"damage":15,"enemies":"Sentry and Sphere","floor":24,"turns":4},{"damage":19,"enemies":"Shelled Parasite and Fungi","floor":25,"turns":2}],"seed_played":"-8762753148939837886","potions_obtained":[{"floor":2,"key":"Strength Potion"},{"floor":7,"key":"GamblersBrew"},{"floor":16,"key":"EntropicBrew"}],"is_trial":false,"path_per_floor":["M","M","?","M","?","R","E","R","T","$","?","M","R","?","R","B",null,"M","M","M","$","$","R","M","M"],"character_chosen":"DEFECT","items_purchased":["Loop","Membership Card","Happy Flower","Amplify","DataDisk","Self Repair","White Noise","Orichalcum","Defragment","Runic Capacitor"],"campfire_rested":2,"item_purchase_floors":[10,10,10,21,21,21,21,21,22,22],"current_hp_per_floor":[74,67,56,55,55,55,11,33,33,33,33,21,21,21,43,22,75,61,47,28,28,28,28,13,0],"gold":78,"neow_bonus":"UPGRADE_CARD","is_prod":false,"is_daily":false,"chose_seed":false,"campfire_upgraded":3,"win_rate":0,"timestamp":1567759075,"path_taken":["M","M","?","M","?","R","E","R","T","$","?","M","R","?","R","BOSS","M","M","M","?","$","R","?","M"],"build_version":"2019-07-17","purchased_purges":3,"victory":false,"max_hp_per_floor":[75,75,75,75,75,75,75,75,75,75,75,75,75,75,75,75,75,75,75,75,75,75,75,75,75],"card_choices":[{"not_picked":["Double Energy","Conserve Battery"],"picked":"Rebound","floor":1},{"not_picked":["Static Discharge","Rebound"],"picked":"Redo","floor":2},{"not_picked":["Rebound","Hologram"],"picked":"Sweeping Beam","floor":4},{"not_picked":["Rip and Tear","Beam Cell"],"picked":"Compile Driver","floor":7},{"not_picked":["Barrage","Genetic Algorithm"],"picked":"Self Repair","floor":12},{"not_picked":["Steam","Stack"],"picked":"Leap","floor":12},{"not_picked":["Core Surge","Machine Learning"],"picked":"Echo Form","floor":16},{"not_picked":["Go for the Eyes","Stack"],"picked":"Beam Cell","floor":17},{"not_picked":["Rebound","Auto Shields"],"picked":"Conserve Battery","floor":17},{"not_picked":["Rip and Tear","Aggregate"],"picked":"Go for the Eyes","floor":17},{"not_picked":["Doom and Gloom","Compile Driver"],"picked":"Cold Snap","floor":17},{"not_picked":["Lockon","Compile Driver"],"picked":"Coolheaded","floor":17},{"not_picked":["Hyperbeam","Scrape+1"],"picked":"Heatsinks","floor":18},{"not_picked":["Steam Power","Rebound+1"],"picked":"Storm+1","floor":18},{"not_picked":["Steam","Turbo"],"picked":"Coolheaded+1","floor":19},{"not_picked":["Conserve Battery","Sweeping Beam","Steam"],"picked":"SKIP","floor":19},{"not_picked":["Conserve Battery","Tempest+1"],"picked":"Heatsinks+1","floor":20},{"not_picked":["Rip and Tear","Turbo","Beam Cell"],"picked":"SKIP","floor":20},{"not_picked":["Beam Cell","Steam Power"],"picked":"Creative AI","floor":24},{"not_picked":["Self Repair","Double Energy"],"picked":"Cold Snap","floor":24}],"player_experience":153816,"relics_obtained":[{"floor":7,"key":"Centennial Puzzle"},{"floor":9,"key":"Mummified Hand"}],"event_choices":[{"damage_healed":0,"gold_gain":75,"player_choice":"Gather Gold","damage_taken":11,"max_hp_gain":0,"max_hp_loss":0,"event_name":"World of Goop","floor":3,"gold_loss":0},{"damage_healed":0,"gold_gain":175,"player_choice":"AGREE","damage_taken":0,"max_hp_gain":0,"max_hp_loss":0,"event_name":"Liars Game","floor":5,"gold_loss":0,"cards_obtained":["Doubt"]},{"damage_healed":0,"gold_gain":0,"player_choice":"Box","damage_taken":0,"relics_obtained":["Prayer Wheel"],"max_hp_gain":0,"max_hp_loss":0,"event_name":"Big Fish","floor":11,"gold_loss":0,"cards_obtained":["Regret"]},{"damage_healed":0,"gold_gain":275,"player_choice":"Desecrate","damage_taken":0,"max_hp_gain":0,"max_hp_loss":0,"event_name":"Golden Shrine","floor":14,"gold_loss":0,"cards_obtained":["Regret"]}],"is_beta":false,"boss_relics":[{"not_picked":["Astrolabe","Nuclear Battery"],"picked":"Orrery"}],"items_purged_floors":[10,21,22],"is_endless":false,"potions_floor_spawned":[2,7,16,18,24],"killed_by":"Shelled Parasite and Fungi","ascension_level":1}