{"gold_per_floor":[110,5,22,22,197,230,245,245,245,277,277,45,57,57,57,159,159,172,172,72,92,92,110,128,141,141,141],"floor_reached":27,"playtime":934,"items_purged":["Regret","Decay"],"score":260,"play_id":"7181b669-21b9-47f7-b3d3-9284bdf3e977","local_time":"20190906052409","is_ascension_mode":true,"campfire_choices":[{"data":"Zap","floor":8,"key":"SMITH"},{"data":"Buffer","floor":15,"key":"SMITH"}],"neow_cost":"NONE","seed_source_timestamp":490530711682300,"circlet_count":0,"master_deck":["Defend_B","Defend_B","Defend_B","Defend_B","Zap+1","Dualcast","Conserve Battery","Cold Snap","Coolheaded","Gash","Beam Cell","Gash","Consume","Buffer+1","Gash","Core Surge","Heatsinks+1","Amplify+1","Fission+1","Undo+1","Machine Learning","Self Repair","Go for the Eyes","Leap"],"relics":["Cracked Core","NeowsBlessing","Ginger","Bird Faced Urn","Singing Bowl","Juzu Bracelet","Astrolabe","CultistMask","Girya"],"potions_floor_usage":[],"damage_taken":[{"damage":0,"enemies":"Cultist","floor":1,"turns":1},{"damage":0,"enemies":"Small Slimes","floor":3,"turns":1},{"damage":0,"enemies":"3 Sentries","floor":6,"turns":1},{"damage":5,"enemies":"2 Louse","floor":7,"turns":3},{"damage":41,"enemies":"Lagavulin","floor":10,"turns":8},{"damage":0,"enemies":"Blue Slaver","floor":13,"turns":3},{"damage":36,"enemies":"The Guardian","floor":16,"turns":11},{"damage":25,"enemies":"Shell Parasite","floor":18,"turns":10},{"damage":24,"enemies":"Spheric Guardian","floor":21,"turns":6},{"damage":25,"enemies":"Snecko","floor":23,"turns":9},{"damage":30,"enemies":"Chosen and Byrds","floor":24,"turns":9},{"damage":5,"enemies":"Snake Plant","floor":25,"turns":6},{"damage":23,"enemies":"3 Cultists","floor":27,"turns":4}],"seed_played":"-5823061863844816848","potions_obtained":[{"floor":6,"key":"FocusPotion"},{"floor":16,"key":"EssenceOfSteel"},{"floor":18,"key":"GamblersBrew"}],"is_trial":false,"path_per_floor":["M","$","M","?","?","E","M","R","T","E","?","$","M","?","R","B",null,"M","?","$","M","?","M","M","M","T","M"],"character_chosen":"DEFECT","items_purchased":["Cold Snap","Coolheaded","Buffer"],"campfire_rested":0,"item_purchase_floors":[2,2,12],"current_hp_per_floor":[75,75,75,75,75,75,70,70,70,29,47,47,49,42,42,8,72,51,51,51,33,33,23,8,16,16,0],"gold":141,"neow_bonus":"THREE_ENEMY_KILL","is_prod":false,"is_daily":false,"chose_seed":false,"campfire_upgraded":2,"win_rate":0,"timestamp":1567765449,"path_taken":["M","$","M","?","?","E","M","R","T","E","?","$","M","?","R","BOSS","M","?","$","M","?","M","M","M","T","M"],"build_version":"2019-07-17","purchased_purges":2,"victory":false,"max_hp_per_floor":[75,75,75,75,75,75,75,75,75,75,75,75,75,72,72,72,72,72,72,72,72,72,74,74,74,74,74],"card_choices":[{"not_picked":["Redo","Reprogram"],"picked":"Conserve Battery","floor":1},{"not_picked":["Steam","Leap"],"picked":"Gash","floor":3},{"not_picked":["Conserve Battery","Ball Lightning"],"picked":"Beam Cell","floor":6},{"not_picked":["Hologram","Blizzard"],"picked":"Gash","floor":7},{"not_picked":["Recycle","Scrape"],"picked":"Consume","floor":10},{"not_picked":["Thunder Strike","Rebound"],"picked":"Gash","floor":13},{"not_picked":["Meteor Strike","Reboot"],"picked":"Core Surge","floor":16},{"not_picked":["Steam+1","Force Field"],"picked":"Undo+1","floor":18},{"not_picked":["Sunder+1","Compile Driver"],"picked":"Self Repair","floor":21},{"not_picked":["Steam Power","Sweeping Beam+1","Darkness"],"picked":"Singing Bowl","floor":23},{"not_picked":["Beam Cell","Turbo"],"picked":"Go for the Eyes","floor":24},{"not_picked":["Beam Cell","Stack"],"picked":"Leap","floor":25}],"player_experience":154881,"relics_obtained":[{"floor":6,"key":"Bird Faced Urn"},{"floor":9,"key":"Singing Bowl"},{"floor":10,"key":"Juzu Bracelet"},{"floor":26,"key":"Girya"}],"event_choices":[{"damage_healed":0,"gold_gain":0,"player_choice":"Box","damage_taken":0,"relics_obtained":["Ginger"],"max_hp_gain":0,"max_hp_loss":0,"event_name":"Big Fish","floor":4,"gold_loss":0,"cards_obtained":["Regret"]},{"damage_healed":0,"gold_gain":175,"player_choice":"AGREE","damage_taken":0,"max_hp_gain":0,"max_hp_loss":0,"event_name":"Liars Game","floor":5,"gold_loss":0,"cards_obtained":["Doubt"]},{"damage_healed":18,"gold_gain":0,"player_choice":"Healed and dodged fight","damage_taken":0,"max_hp_gain":0,"max_hp_loss":0,"event_name":"Mushrooms","floor":11,"gold_loss":0,"cards_obtained":["Parasite"]},{"cards_removed":["Parasite"],"damage_healed":0,"gold_gain":0,"player_choice":"Card Removal","damage_taken":7,"max_hp_gain":0,"max_hp_loss":0,"event_name":"Golden Wing","floor":14,"gold_loss":0},{"damage_healed":0,"gold_gain":0,"cards_transformed":["Strike_B","Doubt"],"player_choice":"Became Test Subject","damage_taken":0,"max_hp_gain":0,"max_hp_loss":0,"event_name":"Drug Dealer","floor":19,"gold_loss":0,"cards_obtained":["Machine Learning","Decay"]},{"damage_healed":0,"gold_gain":0,"player_choice":"Trade","damage_taken":0,"relics_obtained":["CultistMask"],"max_hp_gain":0,"max_hp_loss":0,"event_name":"FaceTrader","floor":22,"gold_loss":0}],"is_beta":false,"boss_relics":[{"not_picked":["Nuclear Battery","Lizard Tail"],"picked":"Astrolabe"}],"items_purged_floors":[12,20],"is_endless":false,"potions_floor_spawned":[6,16,18,23,25],"killed_by":"3 Cultists","ascension_level":1}