{"path_per_floor":["M","M","?","M","?","R","M","M","T","E","?","R","M","M","R","B",null,"M","$","M","M","$"],"character_chosen":"IRONCLAD","items_purchased":["Bag of Preparation","Shuriken"],"gold_per_floor":[119,130,305,319,269,269,282,299,299,331,390,390,408,427,427,528,528,545,338,357,374,66,66],"floor_reached":23,"campfire_rested":1,"playtime":1108,"current_hp_per_floor":[80,80,80,80,80,80,80,77,77,66,51,51,57,58,80,24,80,69,69,65,44,44,0],"items_purged":["Strike_R","Strike_R"],"gold":66,"score":195,"play_id":"3cc66ea4-4161-40b7-ad59-2aaefe9f0ad2","local_time":"20180324023219","is_prod":false,"is_daily":false,"is_ascension_mode":false,"campfire_upgraded":1,"timestamp":1521876739,"path_taken":["M","M","?","M","?","R","M","M","T","E","?","R","M","M","R","BOSS","M","$","M","M","$","E"],"build_version":"2018-03-22v2","purchased_purges":2,"victory":false,"master_deck":["Strike_R","Defend_R","Defend_R","Defend_R","Defend_R","Bash","Flex+1","Inflame","Battle Trance","Reckless Charge","Twin Strike","Flex","Metallicize","Anger","Sword Boomerang","Feed","Headbutt","Shrug It Off","Shrug It Off+1"],"max_hp_per_floor":[80,80,80,80,80,80,80,80,80,80,80,80,80,80,80,80,80,83,83,83,86,86,86],"relics":["Burning Blood","Peace Pipe","Smiling Mask","Lantern","Black Star","Bag of Preparation","Shuriken"],"card_choices":[{"not_picked":["Body Slam","Havoc"],"picked":"Flex","floor":1},{"not_picked":["Iron Wave","Whirlwind"],"picked":"Inflame","floor":2},{"not_picked":["Bloodletting","Thunderclap"],"picked":"Battle Trance","floor":4},{"not_picked":["Flex","Barricade"],"picked":"Reckless Charge","floor":7},{"not_picked":["Wild Strike","Flame Barrier"],"picked":"Twin Strike","floor":8},{"not_picked":["Thunderclap","Havoc"],"picked":"Flex","floor":10},{"not_picked":["Havoc","Pommel Strike"],"picked":"Metallicize","floor":11},{"not_picked":["Uppercut","Wild Strike"],"picked":"Anger","floor":13},{"not_picked":["Battle Trance","Cleave"],"picked":"Sword Boomerang","floor":14},{"not_picked":["Berserk","Double Tap"],"picked":"Feed","floor":16},{"not_picked":["Perfected Strike","Infernal Blade"],"picked":"Headbutt","floor":18},{"not_picked":["Combust","Headbutt"],"picked":"Shrug It Off","floor":20},{"not_picked":["Seeing Red","Blood for Blood"],"picked":"Shrug It Off","floor":21}],"player_experience":52004,"potions_floor_usage":[14,16,16,20,23],"damage_taken":[{"damage":5,"enemies":"Cultist","floor":1,"turns":4},{"damage":6,"enemies":"Jaw Worm","floor":2,"turns":5},{"damage":1,"enemies":"2 Louse","floor":4,"turns":3},{"damage":0,"enemies":"Exordium Wildlife","floor":7,"turns":3},{"damage":9,"enemies":"2 Fungi Beasts","floor":8,"turns":3},{"damage":17,"enemies":"3 Sentries","floor":10,"turns":8},{"damage":21,"enemies":"3 Sentries","floor":11,"turns":6},{"damage":0,"enemies":"3 Louse","floor":13,"turns":2},{"damage":5,"enemies":"Looter","floor":14,"turns":3},{"damage":62,"enemies":"The Guardian","floor":16,"turns":8},{"damage":20,"enemies":"2 Thieves","floor":18,"turns":4},{"damage":10,"enemies":"Chosen","floor":20,"turns":4},{"damage":30,"enemies":"Snecko","floor":21,"turns":5},{"damage":45,"enemies":"Gremlin Leader","floor":23,"turns":5}],"event_choices":[{"event_name":"Liars Game","player_choice":"agreed","floor":3,"damage_taken":0},{"event_name":"The Cleric","player_choice":"Card Removal","floor":5,"damage_taken":0},{"event_name":"Dead Adventurer","player_choice":"Searched \u00272\u0027 times","floor":11,"damage_taken":0}],"boss_relics":[{"not_picked":["Mark of Pain","Runic Cube"],"picked":"Black Star"}],"potions_floor_spawned":[8,10,11,14,16,18],"seed_played":"-1242678730530716831","killed_by":"Gremlin Leader","ascension_level":0,"is_trial":false}