{"gold_per_floor":[115,46,46,56,72,107,107,136,160,160,170,83,83,98,98,202,202,216,232,232,251,251,251,270,123,123,140,156,71,71,91,91,91],"floor_reached":33,"playtime":897,"items_purged":[],"score":297,"play_id":"648f6d6a-021e-49d7-a768-ad7edefcc401","local_time":"20190527020818","is_ascension_mode":true,"campfire_choices":[{"floor":10.0,"key":"REST"},{"data":"Defragment","floor":13.0,"key":"SMITH"},{"floor":15.0,"key":"REST"},{"data":"Rainbow","floor":23.0,"key":"SMITH"},{"floor":32,"key":"REST"}],"neow_cost":"NONE","seed_source_timestamp":0,"circlet_count":0,"master_deck":["Strike_B","Strike_B","Strike_B","Strike_B+1","Defend_B","Defend_B","Defend_B","Defend_B","Zap","Cold Snap+1","Ball Lightning","Redo","Ball Lightning","Beam Cell+1","Rainbow+1","Defragment+1","Coolheaded","Self Repair","Streamline","Gash","Multi-Cast","Ball Lightning","Ball Lightning","Defragment","Glacier","Beam Cell","Gash","Sweeping Beam"],"special_seed":0,"relics":["Cracked Core","NeowsBlessing","Art of War","Happy Flower","Busted Crown","Nloth\u0027s Gift","Turnip"],"potions_floor_usage":[],"damage_taken":[{"damage":0.0,"enemies":"Jaw Worm","floor":1.0,"turns":1.0},{"damage":0.0,"enemies":"Cultist","floor":4.0,"turns":1.0},{"damage":0.0,"enemies":"2 Louse","floor":5.0,"turns":1.0},{"damage":37.0,"enemies":"3 Sentries","floor":6.0,"turns":5.0},{"damage":12.0,"enemies":"Lagavulin","floor":8.0,"turns":5.0},{"damage":0.0,"enemies":"Exordium Wildlife","floor":11.0,"turns":2.0},{"damage":17.0,"enemies":"Lots of Slimes","floor":14.0,"turns":3.0},{"damage":29.0,"enemies":"Hexaghost","floor":16.0,"turns":8.0},{"damage":10.0,"enemies":"3 Byrds","floor":18.0,"turns":3.0},{"damage":16.0,"enemies":"2 Thieves","floor":19.0,"turns":4.0},{"damage":10.0,"enemies":"Sentry and Sphere","floor":21.0,"turns":4.0},{"damage":23.0,"enemies":"3 Cultists","floor":24.0,"turns":5.0},{"damage":13.0,"enemies":"Snecko","floor":27.0,"turns":4.0},{"damage":15,"enemies":"Shelled Parasite and Fungi","floor":28,"turns":6},{"damage":9,"enemies":"Cultist and Chosen","floor":31,"turns":5},{"damage":68,"enemies":"Automaton","floor":33,"turns":6}],"seed_played":"-7766122323947448521","potions_obtained":[{"floor":5.0,"key":"Dexterity Potion"},{"floor":6.0,"key":"AttackPotion"},{"floor":11.0,"key":"SkillPotion"},{"floor":14.0,"key":"Weak Potion"},{"floor":24.0,"key":"Ancient Potion"}],"is_trial":false,"path_per_floor":["M","$","?","M","M","E","?","E","T","R","M","$","R","M","R","B",null,"M","M","?","M","?","R","M","$","T","M","M","?","?","M","R","B"],"character_chosen":"DEFECT","items_purchased":["Ball Lightning","Redo","Self Repair","Streamline","Defragment","Glacier"],"campfire_rested":3,"item_purchase_floors":[2,2,12,12,25,25],"current_hp_per_floor":[75,75,75,75,75,38,31,19,19,41,41,41,41,31,53,31,75,65,49,49,39,39,39,23,23,23,17,9,9,34,32,54,0],"gold":91,"neow_bonus":"THREE_ENEMY_KILL","is_prod":false,"is_daily":false,"chose_seed":false,"campfire_upgraded":2,"win_rate":0,"timestamp":1558940898,"path_taken":["M","$","?","M","?","E","?","E","T","R","M","$","R","M","R","BOSS","M","M","?","?","?","R","M","$","T","M","?","?","?","M","R","BOSS"],"build_version":"2019-01-23","purchased_purges":0,"victory":false,"max_hp_per_floor":[75,75,75,75,75,75,75,75,75,75,75,75,75,75,75,75,75,75,75,75,75,75,75,75,75,75,75,75,75,75,75,75,75],"card_choices":[{"not_picked":["Compile Driver","Redo"],"picked":"Cold Snap","floor":1.0},{"not_picked":["Skim","Stack"],"picked":"Ball Lightning","floor":4.0},{"not_picked":["Rebound","Turbo"],"picked":"Beam Cell","floor":5.0},{"not_picked":["Static Discharge","Stack"],"picked":"Rainbow","floor":6.0},{"not_picked":["Cold Snap","Steam"],"picked":"Defragment","floor":8.0},{"not_picked":["Redo","Compile Driver"],"picked":"Coolheaded","floor":11.0},{"not_picked":["Coolheaded","Beam Cell"],"picked":"Gash","floor":14.0},{"not_picked":["All For One","Thunder Strike"],"picked":"Multi-Cast","floor":16.0},{"not_picked":["Beam Cell"],"picked":"SKIP","floor":18.0},{"not_picked":[],"picked":"Ball Lightning","floor":19.0},{"not_picked":["Melter"],"picked":"SKIP","floor":21.0},{"not_picked":[],"picked":"Ball Lightning","floor":24.0},{"not_picked":[],"picked":"Beam Cell","floor":27.0},{"not_picked":[],"picked":"Gash","floor":28},{"not_picked":[],"picked":"Sweeping Beam","floor":31}],"player_experience":125710,"relics_obtained":[{"floor":6.0,"key":"Art of War"},{"floor":8.0,"key":"Happy Flower"},{"floor":9.0,"key":"Whetstone"}],"event_choices":[{"damage_healed":0.0,"max_hp_gain":0.0,"max_hp_loss":0.0,"gold_gain":0.0,"event_name":"Accursed Blacksmith","player_choice":"Forge","floor":3.0,"gold_loss":0.0,"damage_taken":0.0,"cards_upgraded":["Cold Snap"]},{"cards_removed":["Dualcast"],"damage_healed":0.0,"max_hp_gain":0.0,"max_hp_loss":0.0,"gold_gain":0.0,"event_name":"Golden Wing","player_choice":"Card Removal","floor":7.0,"gold_loss":0.0,"damage_taken":7.0},{"damage_healed":0.0,"max_hp_gain":0.0,"max_hp_loss":0.0,"gold_gain":0.0,"event_name":"Match and Keep!","player_choice":"0 cards matched","floor":20.0,"gold_loss":0.0,"damage_taken":0.0,"cards_obtained":[]},{"damage_healed":0.0,"max_hp_gain":0.0,"max_hp_loss":0.0,"gold_gain":0.0,"event_name":"N\u0027loth","player_choice":"Traded Relic","floor":22.0,"relics_lost":["Whetstone"],"gold_loss":0.0,"damage_taken":0.0,"relics_obtained":["Nloth\u0027s Gift"]},{"damage_healed":0,"gold_gain":0,"player_choice":"Obtained Relic","damage_taken":0,"relics_obtained":["Turnip"],"max_hp_gain":0,"max_hp_loss":0,"event_name":"Addict","floor":29,"gold_loss":85},{"damage_healed":25,"gold_gain":0,"player_choice":"Heal","damage_taken":0,"max_hp_gain":0,"max_hp_loss":0,"event_name":"The Library","floor":30,"gold_loss":0}],"is_beta":false,"boss_relics":[{"not_picked":["Pandora\u0027s Box","Fusion Hammer"],"picked":"Busted Crown"}],"items_purged_floors":[],"is_endless":false,"potions_floor_spawned":[5,6,11,14,24,28,31],"killed_by":"Automaton","ascension_level":1}