{"gold_per_floor":[112,187,64,29,40,40,40,40,40,54,88,88,99,109,109,109],"floor_reached":16,"playtime":279,"items_purged":[],"score":100,"play_id":"df4a4806-f6d5-4dc0-a7b3-42b5c8ce1b0a","local_time":"20190502090900","is_ascension_mode":false,"campfire_choices":[{"data":"Blizzard","floor":6,"key":"SMITH"},{"data":"Coolheaded","floor":8,"key":"SMITH"},{"data":"Defragment","floor":15,"key":"SMITH"}],"neow_cost":"NONE","seed_source_timestamp":11096951216433,"circlet_count":0,"master_deck":["Strike_B","Strike_B","Strike_B","Strike_B","Defend_B","Defend_B","Defend_B","Defend_B","Zap","Dualcast","Coolheaded+1","Blizzard+1","Ball Lightning","Leap","Ball Lightning","Conserve Battery","Defragment+1"],"relics":["Cracked Core","NeowsBlessing","Darkstone Periapt","Orichalcum","Centennial Puzzle"],"potions_floor_usage":[],"damage_taken":[{"damage":0,"enemies":"Jaw Worm","floor":1,"turns":1},{"damage":0,"enemies":"Cultist","floor":5,"turns":1},{"damage":0,"enemies":"Small Slimes","floor":10,"turns":1},{"damage":35,"enemies":"Gremlin Nob","floor":11,"turns":5},{"damage":7,"enemies":"2 Fungi Beasts","floor":13,"turns":3},{"damage":10,"enemies":"Lots of Slimes","floor":14,"turns":4},{"damage":26,"enemies":"Slime Boss","floor":16,"turns":3}],"seed_played":"-3292406123232867074","potions_obtained":[{"floor":5,"key":"Swift Potion"},{"floor":11,"key":"Swift Potion"},{"floor":13,"key":"Poison Potion"}],"is_trial":false,"path_per_floor":["M","?","$","?","M","R","$","R","T","M","E","?","M","M","R","B"],"character_chosen":"DEFECT","items_purchased":["Blizzard","Ball Lightning"],"campfire_rested":0,"item_purchase_floors":[3,3],"current_hp_per_floor":[75,64,64,75,75,75,75,75,75,75,40,40,33,23,23,0],"gold":109,"neow_bonus":"THREE_ENEMY_KILL","is_prod":false,"is_daily":false,"chose_seed":false,"campfire_upgraded":3,"win_rate":0.0,"timestamp":1556806140,"path_taken":["M","?","$","?","M","R","$","R","T","M","E","?","?","M","R","BOSS"],"build_version":"2019-01-23","purchased_purges":0,"victory":false,"max_hp_per_floor":[75,75,75,75,75,75,75,75,75,75,75,75,75,75,75,75],"card_choices":[{"not_picked":["Beam Cell","Stack"],"picked":"Coolheaded","floor":1},{"not_picked":["FTL","Hologram"],"picked":"Leap","floor":5},{"not_picked":["Undo","Go for the Eyes"],"picked":"Ball Lightning","floor":10},{"not_picked":["Heatsinks","Compile Driver","Thunder Strike"],"picked":"SKIP","floor":11},{"not_picked":["Compile Driver","Rip and Tear"],"picked":"Conserve Battery","floor":13},{"not_picked":["BootSequence","Melter"],"picked":"Defragment","floor":14}],"player_experience":110436,"relics_obtained":[{"floor":9,"key":"Darkstone Periapt"},{"floor":11,"key":"Orichalcum"}],"event_choices":[{"damage_healed":0,"gold_gain":75,"player_choice":"Gather Gold","damage_taken":11,"max_hp_gain":0,"max_hp_loss":0,"event_name":"World of Goop","floor":2,"gold_loss":0},{"damage_healed":18,"gold_gain":0,"player_choice":"Healed","damage_taken":0,"max_hp_gain":0,"max_hp_loss":0,"event_name":"The Cleric","floor":4,"gold_loss":35},{"damage_healed":0,"gold_gain":0,"player_choice":"Gave Potion","damage_taken":0,"relics_obtained":["Centennial Puzzle"],"max_hp_gain":0,"max_hp_loss":0,"event_name":"WeMeetAgain","floor":12,"gold_loss":0}],"is_beta":false,"boss_relics":[],"items_purged_floors":[],"is_endless":false,"potions_floor_spawned":[5,11,13],"killed_by":"Slime Boss","ascension_level":0}