{"path_per_floor":["M","M","M","M","$","E","M","M","T","R","?","M","?","M","R","B",null,"M","T","M","$","M","R","E","R","T","E","T","R","M","?","R"],"character_chosen":"THE_SILENT","items_purchased":["Footwork"],"gold_per_floor":[118,134,153,173,60,95,106,122,176,176,176,192,218,238,238,340,340,351,351,331,231,242,242,270,270,270,300,326,326,346,346,346,346],"floor_reached":33,"campfire_rested":4,"playtime":2186,"current_hp_per_floor":[68,68,68,66,66,40,37,29,29,65,53,48,37,27,63,22,70,58,58,40,40,34,42,14,58,58,38,38,46,44,31,75,0],"items_purged":["Strike_G","Strike_G"],"gold":346,"score":289,"play_id":"b8810a0a-815b-439c-a6c9-f5b5cb1eeecc","local_time":"20180427094355","is_prod":false,"is_daily":false,"chose_seed":false,"is_ascension_mode":false,"campfire_upgraded":2,"timestamp":1524840235,"path_taken":["M","M","M","M","$","E","M","M","T","R","?","M","?","M","R","BOSS","M","?","M","$","M","R","E","R","T","E","?","R","M","?","R","BOSS"],"build_version":"2018-04-26v2","seed_source_timestamp":146771155045763,"purchased_purges":2,"victory":false,"master_deck":["Defend_G","Defend_G+1","Defend_G","Defend_G+1","Defend_G","Strike_G","Strike_G+1","Strike_G+1","Survivor","Neutralize","Finisher","Dagger Spray","Flying Knee","Footwork+1","Unload","Flying Knee","Envenom+1","Backflip","Wraith Form v2","Dagger Spray","Escape Plan","Terror"],"max_hp_per_floor":[70,70,70,70,70,70,70,70,70,70,70,70,70,70,70,70,70,70,70,70,70,70,70,70,70,70,70,70,70,70,75,75,75],"relics":["Ring of the Snake","War Paint","Regal Pillow","Whetstone","Letter Opener","Odd Mushroom","Eternal Feather","Meat on the Bone","Tough Bandages","Smiling Mask","Anchor","Bag of Preparation"],"card_choices":[{"not_picked":["Endless Agony","Sucker Punch"],"picked":"Finisher","floor":2},{"not_picked":["Eviscerate","Bane"],"picked":"Dagger Spray","floor":3},{"not_picked":["Dagger Spray","Eviscerate"],"picked":"Flying Knee","floor":4},{"not_picked":["Acrobatics","Prepared"],"picked":"Unload","floor":6},{"not_picked":["Dagger Throw","Acrobatics"],"picked":"Flying Knee","floor":8},{"not_picked":["Dagger Spray","Deflect"],"picked":"Envenom","floor":12},{"not_picked":["Poisoned Stab","Underhanded Strike"],"picked":"Backflip","floor":14},{"not_picked":["Doppelganger","After Image"],"picked":"Wraith Form v2","floor":16},{"not_picked":["Sucker Punch","Blur"],"picked":"Dagger Spray","floor":20},{"not_picked":["Prepared","Outmaneuver"],"picked":"Escape Plan","floor":22},{"not_picked":["Backflip","Deflect"],"picked":"Terror","floor":24}],"player_experience":270534,"potions_floor_usage":[6,16,20,22,22,33,33],"damage_taken":[{"damage":2,"enemies":"Small Slimes","floor":1,"turns":4},{"damage":0,"enemies":"2 Louse","floor":2,"turns":2},{"damage":0,"enemies":"Cultist","floor":3,"turns":4},{"damage":2,"enemies":"Looter","floor":4,"turns":4},{"damage":26,"enemies":"Lagavulin","floor":6,"turns":9},{"damage":3,"enemies":"Red Slaver","floor":7,"turns":5},{"damage":8,"enemies":"Exordium Wildlife","floor":8,"turns":4},{"damage":5,"enemies":"3 Louse","floor":12,"turns":2},{"damage":11,"enemies":"The Mushroom Lair","floor":13,"turns":3},{"damage":10,"enemies":"2 Fungi Beasts","floor":14,"turns":3},{"damage":41,"enemies":"Hexaghost","floor":16,"turns":10},{"damage":12,"enemies":"Chosen","floor":18,"turns":6},{"damage":30,"enemies":"2 Thieves","floor":20,"turns":4},{"damage":18,"enemies":"Snake Plant","floor":22,"turns":6},{"damage":40,"enemies":"Slavers","floor":24,"turns":9},{"damage":32,"enemies":"Book of Stabbing","floor":27,"turns":9},{"damage":2,"enemies":"Centurion and Healer","floor":30,"turns":6},{"damage":100,"enemies":"Automaton","floor":33,"turns":12}],"event_choices":[{"event_name":"Scrap Ooze","player_choice":"success","floor":11,"damage_taken":12},{"event_name":"Mushrooms","player_choice":"Fought Mushrooms","floor":13,"damage_taken":0},{"event_name":"Forgotten Altar","player_choice":"Shed Blood","floor":31,"damage_taken":0}],"boss_relics":[{"not_picked":["Sozu","Runic Pyramid"],"picked":"Eternal Feather"}],"potions_floor_spawned":[3,6,7,14,16,20,30],"seed_played":"-3725402338984829178","killed_by":"Automaton","ascension_level":0,"is_trial":false}