{"gold_per_floor":[109,184,199,35,49,49,65,76,76,91,91,91,91,111,111,214,214,214,313,300,77,77,77,96,96,96,114,133,46,63,63],"floor_reached":31,"playtime":1176,"items_purged":["Strike_R"],"score":256,"play_id":"fa1c38bb-3f88-451a-b86b-953b7b035be1","local_time":"20190411231906","is_ascension_mode":false,"campfire_choices":[{"data":"Armaments","floor":11,"key":"SMITH"},{"data":"Dual Wield","floor":13,"key":"SMITH"},{"floor":15,"key":"REST"},{"data":"Feed","floor":23,"key":"SMITH"},{"floor":25,"key":"REST"}],"neow_cost":"NONE","seed_source_timestamp":327141495931023,"circlet_count":0,"master_deck":["Strike_R","Strike_R+1","Strike_R","Strike_R","Defend_R","Defend_R","Defend_R","Defend_R","Bash+1","Uppercut","Cleave","Dual Wield+1","Armaments+1","Battle Trance","Metallicize","Twin Strike","Twin Strike","Feed+1","Pommel Strike+1","Iron Wave+1","Inflame","Shrug It Off","Anger"],"relics":["Burning Blood","Darkstone Periapt","Sozu","Whetstone","Ice Cream"],"potions_floor_usage":[7,16,16,18,30],"damage_taken":[{"damage":6,"enemies":"Small Slimes","floor":1,"turns":3},{"damage":6,"enemies":"Jaw Worm","floor":3,"turns":4},{"damage":0,"enemies":"Cultist","floor":5,"turns":2},{"damage":13,"enemies":"Large Slime","floor":7,"turns":7},{"damage":10,"enemies":"Looter","floor":8,"turns":3},{"damage":16,"enemies":"Blue Slaver","floor":10,"turns":4},{"damage":6,"enemies":"Red Slaver","floor":14,"turns":5},{"damage":71,"enemies":"Hexaghost","floor":16,"turns":14},{"damage":0,"enemies":"Spheric Guardian","floor":18,"turns":1},{"damage":27,"enemies":"2 Thieves","floor":20,"turns":4},{"damage":40,"enemies":"Snake Plant","floor":24,"turns":5},{"damage":20,"enemies":"Chosen and Byrds","floor":27,"turns":5},{"damage":23,"enemies":"Snecko","floor":28,"turns":6},{"damage":21,"enemies":"Shelled Parasite and Fungi","floor":30,"turns":7},{"damage":26,"enemies":"Sentry and Sphere","floor":31,"turns":5}],"seed_played":"-3431576946254435481","potions_obtained":[{"floor":6,"key":"LiquidBronze"},{"floor":6,"key":"Fruit Juice"},{"floor":6,"key":"SmokeBomb"},{"floor":7,"key":"Energy Potion"},{"floor":16,"key":"EssenceOfSteel"}],"is_trial":false,"path_per_floor":["M","?","M","$","M","?","M","M","T","M","R","?","R","M","R","B",null,"M","?","M","$","?","R","M","R","T","M","M","$","M","M"],"character_chosen":"IRONCLAD","items_purchased":["Dual Wield","Enlightenment","Whetstone","Inflame","Shrug It Off"],"campfire_rested":2,"item_purchase_floors":[4,4,21,29,29],"current_hp_per_floor":[80,69,69,69,75,75,73,69,69,59,59,52,52,52,77,12,85,85,85,67,67,59,59,25,51,51,41,28,28,21,0],"gold":63,"neow_bonus":"THREE_CARDS","is_prod":false,"is_daily":false,"chose_seed":false,"campfire_upgraded":3,"win_rate":0,"timestamp":1555042746,"path_taken":["M","?","M","$","M","?","?","M","T","M","R","?","R","M","R","BOSS","M","?","M","$","?","R","?","R","T","?","M","$","M","M"],"build_version":"2019-01-23","purchased_purges":1,"victory":false,"max_hp_per_floor":[80,80,80,80,80,80,85,85,85,85,85,85,85,85,85,85,85,85,85,88,88,88,88,88,88,88,92,96,96,104,104],"card_choices":[{"not_picked":["Shrug It Off","Warcry"],"picked":"Uppercut","floor":0},{"not_picked":["Warcry","Heavy Blade","Body Slam"],"picked":"SKIP","floor":1},{"not_picked":["Warcry","True Grit"],"picked":"Cleave","floor":3},{"not_picked":["Reckless Charge","Flex"],"picked":"Armaments","floor":5},{"not_picked":["Carnage","Uppercut"],"picked":"Battle Trance","floor":7},{"not_picked":["Shockwave","Shrug It Off"],"picked":"Metallicize","floor":8},{"not_picked":["Fiend Fire","Corruption"],"picked":"Twin Strike","floor":10},{"not_picked":["Reckless Charge","Carnage"],"picked":"Twin Strike","floor":14},{"not_picked":["Offering","Dark Embrace"],"picked":"Feed","floor":16},{"not_picked":["Bloodletting","Wild Strike"],"picked":"Pommel Strike+1","floor":20},{"not_picked":["Twin Strike","True Grit","Reckless Charge+1"],"picked":"SKIP","floor":24},{"not_picked":["Carnage","Twin Strike","Metallicize"],"picked":"SKIP","floor":27},{"not_picked":["Flex+1","Warcry"],"picked":"Iron Wave+1","floor":28},{"not_picked":["Feel No Pain","Sever Soul"],"picked":"Anger","floor":30}],"player_experience":27869,"relics_obtained":[{"floor":9,"key":"Darkstone Periapt"},{"floor":26,"key":"Ice Cream"}],"event_choices":[{"damage_healed":0,"gold_gain":75,"player_choice":"Gather Gold","damage_taken":11,"max_hp_gain":0,"max_hp_loss":0,"event_name":"World of Goop","floor":2,"gold_loss":0},{"damage_healed":0,"gold_gain":0,"player_choice":"Got Potions","damage_taken":0,"max_hp_gain":0,"max_hp_loss":0,"event_name":"Lab","floor":6,"gold_loss":0},{"cards_removed":["Enlightenment"],"damage_healed":0,"gold_gain":0,"player_choice":"Card Removal","damage_taken":7,"max_hp_gain":0,"max_hp_loss":0,"event_name":"Golden Wing","floor":12,"gold_loss":0},{"damage_healed":0,"gold_gain":99,"player_choice":"Stole From Cult","damage_taken":0,"max_hp_gain":0,"max_hp_loss":0,"event_name":"Nest","floor":19,"gold_loss":0},{"damage_healed":0,"gold_gain":0,"player_choice":"Damaged","damage_taken":8,"max_hp_gain":0,"max_hp_loss":0,"event_name":"Wheel of Change","floor":22,"gold_loss":0}],"is_beta":false,"boss_relics":[{"not_picked":["Cursed Key","Philosopher\u0027s Stone"],"picked":"Sozu"}],"items_purged_floors":[21],"is_endless":false,"potions_floor_spawned":[7,8,10,14,16,20,24,27,28],"killed_by":"Sentry and Sphere","ascension_level":0}