{"gold_per_floor":[117,67,86,86,2,2,12,12,12,27,45,45,58,74,74,74],"floor_reached":16,"playtime":505,"items_purged":["Defend_G","Strike_G"],"score":94,"play_id":"7132c2c8-ff09-4f54-855d-b0e1e7e57a07","local_time":"20190910200825","is_ascension_mode":false,"campfire_choices":[{"data":"Acrobatics","floor":6,"key":"SMITH"},{"data":"Neutralize","floor":8,"key":"SMITH"},{"data":"Deflect","floor":12,"key":"SMITH"},{"floor":15,"key":"REST"}],"neow_cost":"NONE","seed_source_timestamp":253403239485829,"circlet_count":0,"master_deck":["Strike_G","Strike_G","Strike_G","Strike_G","Defend_G","Defend_G","Defend_G","Survivor","Neutralize+1","Deflect+1","Acrobatics+1","Backstab","Escape Plan"],"relics":["Ring of the Snake","Smiling Mask","Du-Vu Doll"],"potions_floor_usage":[],"damage_taken":[{"damage":3,"enemies":"Jaw Worm","floor":1,"turns":5},{"damage":0,"enemies":"Small Slimes","floor":3,"turns":4},{"damage":0,"enemies":"Cultist","floor":7,"turns":3},{"damage":4,"enemies":"2 Fungi Beasts","floor":10,"turns":4},{"damage":0,"enemies":"Lots of Slimes","floor":11,"turns":5},{"damage":0,"enemies":"Looter","floor":13,"turns":3},{"damage":0,"enemies":"Blue Slaver","floor":14,"turns":4},{"damage":0,"enemies":"Slime Boss","floor":16,"turns":1}],"seed_played":"-3871422496952412405","potions_obtained":[{"floor":1,"key":"GamblersBrew"},{"floor":7,"key":"FearPotion"},{"floor":10,"key":"SteroidPotion"}],"is_trial":false,"path_per_floor":["M","$","M","?","$","R","M","R","T","M","M","R","M","M","R","B"],"character_chosen":"THE_SILENT","items_purchased":["Backstab"],"campfire_rested":1,"item_purchase_floors":[5],"current_hp_per_floor":[67,67,67,60,60,60,60,60,60,56,56,56,56,56,70,70],"gold":74,"neow_bonus":"RANDOM_COMMON_RELIC","is_prod":false,"is_daily":false,"chose_seed":false,"campfire_upgraded":3,"win_rate":0,"timestamp":1568164105,"path_taken":["M","$","M","?","?","R","M","R","T","M","M","R","M","M","R","BOSS"],"build_version":"2019-07-17","purchased_purges":2,"victory":false,"max_hp_per_floor":[70,70,70,70,70,70,70,70,70,70,70,70,70,70,70,70],"card_choices":[{"not_picked":["Endless Agony","Sucker Punch"],"picked":"Deflect","floor":1},{"not_picked":["Dagger Spray","Venomology"],"picked":"Acrobatics","floor":3},{"not_picked":["Dagger Throw","Acrobatics","Dodge and Roll"],"picked":"SKIP","floor":7},{"not_picked":["Flying Knee","Backflip"],"picked":"Escape Plan","floor":10},{"not_picked":["Deflect","Acrobatics","Finisher"],"picked":"SKIP","floor":11},{"not_picked":["Slice","Outmaneuver","PiercingWail"],"picked":"SKIP","floor":13},{"not_picked":["Skewer","Deflect","Catalyst"],"picked":"SKIP","floor":14}],"player_experience":1177211,"relics_obtained":[{"floor":9,"key":"Du-Vu Doll"}],"event_choices":[{"cards_removed":["Defend_G"],"damage_healed":0,"gold_gain":0,"player_choice":"Card Removal","damage_taken":7,"max_hp_gain":0,"max_hp_loss":0,"event_name":"Golden Wing","floor":4,"gold_loss":0}],"is_beta":false,"boss_relics":[],"items_purged_floors":[2,5],"is_endless":false,"potions_floor_spawned":[1,7,10],"killed_by":"Slime Boss","ascension_level":0}