{"gold_per_floor":[117,192,192,212,212,242,256,291,291,291,304,320,31,56,56,161,161,161,101,101,101,101,101,101,101,101,101,101,101,101,101,101,101,101,101,101,101,101,101,101,101,101,101,101,101,101,101,101,101,101],"floor_reached":51,"playtime":5333,"items_purged":["Strike_B"],"score":1156,"play_id":"8372ab84-838e-4b8f-9923-01f8505db26b","local_time":"20190919213033","is_ascension_mode":true,"campfire_choices":[{"floor":10.0,"key":"REST"},{"floor":15,"key":"REST"},{"data":"Genetic Algorithm","floor":24,"key":"SMITH"},{"floor":27,"key":"REST"},{"floor":29,"key":"REST"},{"data":"White Noise","floor":32,"key":"SMITH"},{"data":"Consume","floor":41,"key":"SMITH"},{"floor":49,"key":"REST"}],"neow_cost":"NONE","seed_source_timestamp":692399210813000,"circlet_count":0,"master_deck":["Defend_B","Defend_B+1","Defend_B+1","Defend_B","Zap","Dualcast","BootSequence","Steam","Coolheaded","Glacier","Compile Driver","Rebound","Sunder","Ball Lightning","Sweeping Beam","Core Surge","Rainbow","Undo+1","Coolheaded","Steam+1","Genetic Algorithm+1","Auto Shields","Double Energy","Capacitor+1","Consume+1","White Noise+1","Core Surge","Biased Cognition+1","Self Repair+1"],"special_seed":0,"relics":["Orrery","The Courier","Letter Opener","Mummified Hand","Pocketwatch","Frozen Egg 2","Ectoplasm","Lantern","Red Mask","Vajra","Sozu","StoneCalendar","Bag of Marbles","Regal Pillow","Gremlin Horn"],"potions_floor_usage":[19,20,40],"damage_taken":[{"damage":0.0,"enemies":"Small Slimes","floor":1.0,"turns":4.0},{"damage":0.0,"enemies":"Jaw Worm","floor":4.0,"turns":5.0},{"damage":28.0,"enemies":"Lagavulin","floor":6.0,"turns":12.0},{"damage":0.0,"enemies":"Cultist","floor":7.0,"turns":3.0},{"damage":8.0,"enemies":"Gremlin Nob","floor":8.0,"turns":5.0},{"damage":8.0,"enemies":"Lots of Slimes","floor":11.0,"turns":2.0},{"damage":2,"enemies":"Exordium Thugs","floor":12,"turns":5},{"damage":2,"enemies":"3 Sentries","floor":14,"turns":8},{"damage":21,"enemies":"Hexaghost","floor":16,"turns":14},{"damage":0,"enemies":"Chosen","floor":18,"turns":5},{"damage":0,"enemies":"2 Thieves","floor":19,"turns":4},{"damage":0,"enemies":"Chosen and Byrds","floor":20,"turns":6},{"damage":0,"enemies":"Sentry and Sphere","floor":21,"turns":7},{"damage":17,"enemies":"Slavers","floor":23,"turns":8},{"damage":32,"enemies":"Masked Bandits","floor":25,"turns":5},{"damage":0,"enemies":"Snake Plant","floor":28,"turns":5},{"damage":0,"enemies":"Shelled Parasite and Fungi","floor":30,"turns":7},{"damage":0,"enemies":"Gremlin Leader","floor":31,"turns":7},{"damage":24,"enemies":"Collector","floor":33,"turns":15},{"damage":0,"enemies":"3 Shapes","floor":35,"turns":6},{"damage":0,"enemies":"3 Darklings","floor":36,"turns":7},{"damage":1,"enemies":"Transient","floor":38,"turns":5},{"damage":23,"enemies":"Nemesis","floor":40,"turns":9},{"damage":0,"enemies":"4 Shapes","floor":44,"turns":5},{"damage":0,"enemies":"3 Darklings","floor":45,"turns":5},{"damage":3,"enemies":"Giant Head","floor":46,"turns":12},{"damage":26,"enemies":"Reptomancer","floor":48,"turns":7},{"damage":7,"enemies":"Time Eater","floor":50,"turns":10}],"seed_played":"2618782283189793739","potions_obtained":[{"floor":4.0,"key":"SpeedPotion"},{"floor":6.0,"key":"Energy Potion"},{"floor":7.0,"key":"EssenceOfSteel"},{"floor":11.0,"key":"Swift Potion"},{"floor":16,"key":"Energy Potion"},{"floor":18,"key":"FocusPotion"},{"floor":25,"key":"Fire Potion"},{"floor":28,"key":"SteroidPotion"}],"is_trial":false,"path_per_floor":["M","?","?","M","?","E","M","E","T","R","M","M","$","E","R","B",null,"M","M","M","M","?","E","R","?","T","R","M","R","M","E","R","B",null,"M","M","?","M","?","E","R","?","T","M","M","E","$","E","R","B",null],"character_chosen":"DEFECT","items_purchased":["Pocketwatch"],"campfire_rested":5,"item_purchase_floors":[13],"current_hp_per_floor":[68,57,42,42,42,14,14,6,6,28,20,18,18,16,38,17,61,61,61,61,61,61,44,44,12,12,34,34,56,56,56,56,32,64,64,64,64,63,63,40,40,40,40,40,40,47,47,31,67,70],"gold":101,"neow_bonus":"BOSS_RELIC","is_prod":false,"is_daily":false,"chose_seed":false,"campfire_upgraded":3,"win_rate":0,"timestamp":1568917833,"path_taken":["M","?","?","M","?","E","?","E","T","R","?","M","$","E","R","BOSS","M","M","M","M","?","E","R","?","T","R","M","R","M","E","R","BOSS","M","M","?","M","?","E","R","?","T","M","M","E","?","E","R","BOSS"],"build_version":"2019-07-17","purchased_purges":1,"victory":true,"max_hp_per_floor":[75,75,75,75,75,75,75,75,75,75,75,75,75,75,75,75,75,75,75,75,75,75,75,75,75,75,75,75,75,75,75,75,75,75,75,75,75,75,71,71,71,71,71,71,71,71,71,71,71,71],"card_choices":[{"not_picked":["Rebound","Reinforced Body"],"picked":"BootSequence","floor":0.0},{"not_picked":["Tempest","Aggregate"],"picked":"Steam","floor":0.0},{"not_picked":["Scrape","Cold Snap"],"picked":"Coolheaded","floor":0.0},{"not_picked":["Consume","FTL"],"picked":"Glacier","floor":0.0},{"not_picked":["Steam","Recycle"],"picked":"Compile Driver","floor":0.0},{"not_picked":["Redo","Gash"],"picked":"Rebound","floor":1.0},{"not_picked":["Coolheaded","Turbo"],"picked":"Sunder","floor":4.0},{"not_picked":["Leap","Stack"],"picked":"Ball Lightning","floor":6.0},{"not_picked":["BootSequence","Turbo"],"picked":"Sweeping Beam","floor":7.0},{"not_picked":["Streamline","Static Discharge"],"picked":"Core Surge","floor":8.0},{"not_picked":["Compile Driver","Leap"],"picked":"Go for the Eyes","floor":11.0},{"not_picked":["Redo","Ball Lightning","Stack"],"picked":"SKIP","floor":12},{"not_picked":["Reinforced Body","Chill","Reprogram"],"picked":"SKIP","floor":14},{"not_picked":["All For One","Reboot"],"picked":"Rainbow","floor":16},{"not_picked":["Barrage+1","Compile Driver"],"picked":"Undo+1","floor":18},{"not_picked":["Redo","Steam Power"],"picked":"Coolheaded","floor":19},{"not_picked":["Undo+1","All For One"],"picked":"Steam+1","floor":20},{"not_picked":["Leap","Force Field"],"picked":"Genetic Algorithm","floor":21},{"not_picked":["Fusion","Conserve Battery","Reboot"],"picked":"SKIP","floor":23},{"not_picked":["Rebound","Conserve Battery"],"picked":"Capacitor+1","floor":28},{"not_picked":["Sweeping Beam+1","Stack"],"picked":"Consume","floor":30},{"not_picked":["Steam+1","Scrape"],"picked":"White Noise","floor":31},{"not_picked":["Amplify","Multi-Cast"],"picked":"Core Surge","floor":33},{"not_picked":["Sweeping Beam+1","Rebound","Turbo+1"],"picked":"SKIP","floor":35},{"not_picked":["Doom and Gloom","Undo+1","Redo"],"picked":"SKIP","floor":36},{"not_picked":["Sweeping Beam","Barrage+1"],"picked":"Biased Cognition+1","floor":38},{"not_picked":["Sweeping Beam","Glacier","Rebound+1"],"picked":"SKIP","floor":40},{"not_picked":["Ball Lightning","Go for the Eyes+1","Redo+1"],"picked":"SKIP","floor":44},{"not_picked":["Skim","Redo+1"],"picked":"Self Repair+1","floor":45},{"not_picked":["Turbo","Double Energy","Force Field"],"picked":"SKIP","floor":46},{"not_picked":["Melter","Cold Snap","Stack"],"picked":"SKIP","floor":48}],"player_experience":313278,"relics_obtained":[{"floor":6.0,"key":"The Courier"},{"floor":8.0,"key":"Letter Opener"},{"floor":9.0,"key":"Mummified Hand"},{"floor":14,"key":"Frozen Egg 2"},{"floor":23,"key":"Lantern"},{"floor":25,"key":"Red Mask"},{"floor":31,"key":"Vajra"},{"floor":40,"key":"StoneCalendar"},{"floor":43,"key":"Bag of Marbles"},{"floor":46,"key":"Regal Pillow"},{"floor":48,"key":"Gremlin Horn"}],"event_choices":[{"damage_healed":0.0,"max_hp_gain":0.0,"max_hp_loss":0.0,"gold_gain":75.0,"event_name":"World of Goop","player_choice":"Gather Gold","floor":2.0,"gold_loss":0.0,"damage_taken":11.0},{"damage_healed":0.0,"max_hp_gain":0.0,"max_hp_loss":0.0,"gold_gain":0.0,"event_name":"Shining Light","player_choice":"Entered Light","floor":3.0,"gold_loss":0.0,"damage_taken":15.0,"cards_upgraded":["Defend_B","Defend_B"]},{"cards_removed":["Strike_B"],"damage_healed":0.0,"max_hp_gain":0.0,"max_hp_loss":0.0,"gold_gain":0.0,"event_name":"Bonfire Elementals","player_choice":"Offered Basic","floor":5.0,"gold_loss":0.0,"damage_taken":0.0},{"damage_healed":0,"gold_gain":0,"cards_transformed":["Strike_B","Strike_B"],"player_choice":"Became Test Subject","damage_taken":0,"max_hp_gain":0,"max_hp_loss":0,"event_name":"Drug Dealer","floor":22,"gold_loss":0,"cards_obtained":["Auto Shields","Double Energy"]},{"damage_healed":0,"gold_gain":0,"player_choice":"Fought Bandits","damage_taken":0,"max_hp_gain":0,"max_hp_loss":0,"event_name":"Masked Bandits","floor":25,"gold_loss":0},{"cards_removed":["Go for the Eyes"],"damage_healed":0,"gold_gain":0,"player_choice":"Removed Attack","damage_taken":0,"max_hp_gain":0,"max_hp_loss":0,"event_name":"Falling","floor":37,"gold_loss":0},{"damage_healed":0,"gold_gain":0,"player_choice":"Max HP","damage_taken":0,"max_hp_gain":0,"max_hp_loss":4,"event_name":"Winding Halls","floor":39,"gold_loss":0},{"damage_healed":0,"gold_gain":0,"player_choice":"Ignored","damage_taken":0,"max_hp_gain":0,"max_hp_loss":0,"event_name":"Tomb of Lord Red Mask","floor":42,"gold_loss":0}],"is_beta":false,"boss_relics":[{"not_picked":["White Beast Statue","Empty Cage"],"picked":"Ectoplasm"},{"not_picked":["Snecko Eye","Pandora\u0027s Box"],"picked":"Sozu"}],"items_purged_floors":[13],"is_endless":false,"potions_floor_spawned":[4,6,7,11,16,18,25,28,38,40,44,45,48],"ascension_level":9}