{"gold_per_floor":[110,110,110,126,51,85,85,117,117,147,147,56,66,80,80,175,175,186,197,210,221,237,237,271,282,307,317,317,317,317,348,348,453,453,465,483,483,111,111,137,155,155,155,155,187,213,67,167,167,167,167,167,10,43,43],"floor_reached":56,"playtime":6552,"items_purged":["Strike_G","Defend_G","Strike_G"],"score":1395,"play_id":"2e1b7e3f-a2ba-4be5-90eb-a59a32460fdd","local_time":"20190914222852","is_ascension_mode":true,"campfire_choices":[{"data":"Heel Hook","floor":7.0,"key":"SMITH"},{"data":"Footwork","floor":11.0,"key":"SMITH"},{"data":"Bullet Time","floor":15.0,"key":"SMITH"},{"floor":23.0,"key":"RECALL"},{"floor":30.0,"key":"REST"},{"data":"Night Terror","floor":32.0,"key":"SMITH"},{"data":"Footwork","floor":42.0,"key":"SMITH"},{"data":"Leg Sweep","floor":49.0,"key":"SMITH"},{"data":"Backflip","floor":52.0,"key":"SMITH"}],"neow_cost":"TEN_PERCENT_HP_LOSS","seed_source_timestamp":396697128758422,"circlet_count":0,"master_deck":["Strike_G","Strike_G","Defend_G","Defend_G","Survivor","Neutralize+1","Footwork+1","Heel Hook+1","Footwork+1","Leg Sweep+1","Acrobatics","Bullet Time+1","Flash of Steel","Cloak And Dagger","Night Terror+1","Blade Dance","Backflip+1","Burst","Backflip","Heel Hook","Venomology+1","Predator+1","Caltrops+1","Infinite Blades+1","Slice","Cloak And Dagger+1","Blade Dance+1","Terror+1","Dash","Adrenaline+1","Heel Hook+1"],"special_seed":0,"relics":["Ring of the Snake","Letter Opener","Torii","Lantern","Shuriken","Anchor","Black Star","Omamori","Juzu Bracelet","Enchiridion","Toxic Egg 2","Snake Skull","PreservedInsect","Cursed Key","ClockworkSouvenir","Pear","Singing Bowl","MawBank","Blood Vial","Turnip","Du-Vu Doll","Bottled Tornado"],"potions_floor_usage":[54,55,55],"damage_taken":[{"damage":0.0,"enemies":"Small Slimes","floor":1.0,"turns":3.0},{"damage":0.0,"enemies":"Cultist","floor":4.0,"turns":5.0},{"damage":20.0,"enemies":"Lagavulin","floor":6.0,"turns":15.0},{"damage":13.0,"enemies":"Gremlin Nob","floor":8.0,"turns":5.0},{"damage":3.0,"enemies":"Lagavulin","floor":10.0,"turns":10.0},{"damage":0.0,"enemies":"Jaw Worm","floor":13.0,"turns":4.0},{"damage":0.0,"enemies":"Blue Slaver","floor":14.0,"turns":3.0},{"damage":0.0,"enemies":"Slime Boss","floor":16.0,"turns":7.0},{"damage":0.0,"enemies":"Chosen","floor":18.0,"turns":6.0},{"damage":5.0,"enemies":"3 Byrds","floor":19.0,"turns":5.0},{"damage":0.0,"enemies":"Snake Plant","floor":20.0,"turns":7.0},{"damage":0.0,"enemies":"Snecko","floor":21.0,"turns":4.0},{"damage":1.0,"enemies":"Shelled Parasite and Fungi","floor":22.0,"turns":7.0},{"damage":0.0,"enemies":"Slavers","floor":24.0,"turns":4.0},{"damage":1.0,"enemies":"Snake Plant","floor":25.0,"turns":6.0},{"damage":11.0,"enemies":"Sentry and Sphere","floor":27.0,"turns":7.0},{"damage":3.0,"enemies":"Book of Stabbing","floor":31.0,"turns":7.0},{"damage":15.0,"enemies":"Champ","floor":33.0,"turns":10.0},{"damage":9.0,"enemies":"3 Darklings","floor":35.0,"turns":3.0},{"damage":0.0,"enemies":"Orb Walker","floor":36.0,"turns":3.0},{"damage":0.0,"enemies":"Giant Head","floor":40.0,"turns":4.0},{"damage":0.0,"enemies":"4 Shapes","floor":41.0,"turns":4.0},{"damage":1.0,"enemies":"Nemesis","floor":45.0,"turns":5.0},{"damage":1.0,"enemies":"Transient","floor":46.0,"turns":5.0},{"damage":1.0,"enemies":"Mind Bloom Boss Battle","floor":48.0,"turns":5.0},{"damage":12.0,"enemies":"Awakened One","floor":50.0,"turns":7.0},{"damage":0,"enemies":"Shield and Spear","floor":54,"turns":3},{"damage":64,"enemies":"The Heart","floor":55,"turns":8}],"seed_played":"-6849325286584436662","potions_obtained":[{"floor":8.0,"key":"Swift Potion"},{"floor":13.0,"key":"Strength Potion"},{"floor":14.0,"key":"Energy Potion"},{"floor":20.0,"key":"LiquidBronze"},{"floor":22.0,"key":"SteroidPotion"},{"floor":25.0,"key":"AttackPotion"},{"floor":31.0,"key":"SkillPotion"},{"floor":33.0,"key":"Dexterity Potion"},{"floor":35.0,"key":"Strength Potion"},{"floor":41.0,"key":"Strength Potion"},{"floor":45.0,"key":"LiquidBronze"},{"floor":46.0,"key":"SkillPotion"},{"floor":54,"key":"Fruit Juice"}],"is_trial":false,"path_per_floor":["M","?","?","M","$","E","R","E","T","E","R","$","M","M","R","B",null,"M","M","M","M","M","R","E","M","T","M","?","?","R","E","R","B",null,"M","M","?","$","?","E","M","R","T","?","E","M","$","?","R","B",null,"R","$","E","B",null],"character_chosen":"THE_SILENT","items_purchased":["Flash of Steel","ClockworkSouvenir","Infinite Blades","Dash","Adrenaline+1"],"campfire_rested":1,"item_purchase_floors":[12,38,38,47,53],"current_hp_per_floor":[63,56,56,56,56,36,36,23,23,20,20,20,20,20,20,20,63,63,58,58,58,57,57,57,56,56,45,29,29,47,44,44,29,63,54,54,54,54,54,64,64,64,64,64,63,64,64,67,67,57,75,75,75,75,16],"gold":43,"neow_bonus":"TRANSFORM_TWO_CARDS","is_prod":false,"is_daily":false,"chose_seed":false,"campfire_upgraded":7,"win_rate":0,"timestamp":1568518132,"path_taken":["M","?","?","M","$","E","R","E","T","E","R","$","M","M","R","BOSS","M","M","M","M","M","R","E","M","T","M","?","?","R","E","R","BOSS","M","M","?","$","?","E","M","R","T","?","E","M","$","?","R","BOSS","R","$","E","BOSS"],"build_version":"2019-07-17","purchased_purges":3,"victory":true,"max_hp_per_floor":[63,63,63,63,63,63,63,63,63,63,63,63,63,63,63,63,63,63,63,63,63,63,63,63,63,63,63,63,63,63,63,63,63,63,63,63,63,63,63,73,73,73,73,73,73,73,73,75,75,75,75,75,75,75,80],"card_choices":[{"not_picked":["Flying Knee","Riddle With Holes"],"picked":"Footwork","floor":1.0},{"not_picked":["Flying Knee","Reflex"],"picked":"Leg Sweep","floor":4.0},{"not_picked":["Dodge and Roll","Wraith Form v2"],"picked":"Acrobatics","floor":6.0},{"not_picked":["Outmaneuver","Bane","Deadly Poison"],"picked":"SKIP","floor":8.0},{"not_picked":["Bane","Backstab"],"picked":"Bullet Time","floor":10.0},{"not_picked":["Acrobatics","Dagger Spray"],"picked":"Cloak And Dagger","floor":13.0},{"not_picked":["Grand Finale","Deflect","Distraction"],"picked":"SKIP","floor":14.0},{"not_picked":["Venomology","Corpse Explosion"],"picked":"Night Terror","floor":16.0},{"not_picked":["Skewer","Prepared","Riddle With Holes"],"picked":"SKIP","floor":18.0},{"not_picked":["Slice","Terror"],"picked":"Blade Dance","floor":19.0},{"not_picked":["Flying Knee","Reflex"],"picked":"Backflip","floor":20.0},{"not_picked":["Deadly Poison","Eviscerate+1","Cloak And Dagger"],"picked":"SKIP","floor":21.0},{"not_picked":["Quick Slash","Accuracy","PiercingWail+1"],"picked":"SKIP","floor":22.0},{"not_picked":["Skewer","Dagger Throw"],"picked":"Burst","floor":24.0},{"not_picked":["Flying Knee+1","Cloak And Dagger"],"picked":"Backflip","floor":25.0},{"not_picked":["Dodge and Roll","Backflip","Concentrate"],"picked":"SKIP","floor":27.0},{"not_picked":["Leg Sweep+1","Finisher"],"picked":"Heel Hook","floor":31.0},{"not_picked":["Night Terror+1","Die Die Die"],"picked":"Venomology+1","floor":33.0},{"not_picked":["Deflect+1","Sucker Punch+1"],"picked":"Predator+1","floor":35.0},{"not_picked":["Calculated Gamble+1","Poisoned Stab+1"],"picked":"Caltrops+1","floor":36.0},{"not_picked":["PiercingWail+1","Sucker Punch+1"],"picked":"Slice","floor":40.0},{"not_picked":["Slice+1","Concentrate+1"],"picked":"Cloak And Dagger+1","floor":41.0},{"not_picked":["Well Laid Plans","Escape Plan+1"],"picked":"Blade Dance+1","floor":45.0},{"not_picked":["Sucker Punch+1","Backflip+1"],"picked":"Terror+1","floor":46.0},{"not_picked":["Terror+1","Quick Slash+1","All Out Attack+1"],"picked":"Singing Bowl","floor":48.0},{"not_picked":["Sucker Punch","Deadly Poison+1"],"picked":"Heel Hook+1","floor":54}],"player_experience":1254907,"relics_obtained":[{"floor":6.0,"key":"Torii"},{"floor":8.0,"key":"Lantern"},{"floor":9.0,"key":"Shuriken"},{"floor":10.0,"key":"Anchor"},{"floor":24.0,"key":"Omamori"},{"floor":24.0,"key":"Juzu Bracelet"},{"floor":28.0,"key":"Enchiridion"},{"floor":31.0,"key":"Snake Skull"},{"floor":31.0,"key":"PreservedInsect"},{"floor":40.0,"key":"Pear"},{"floor":43.0,"key":"Singing Bowl"},{"floor":45.0,"key":"MawBank"},{"floor":45.0,"key":"Blood Vial"},{"floor":48.0,"key":"Turnip"},{"floor":54,"key":"Du-Vu Doll"},{"floor":54,"key":"Bottled Tornado"}],"event_choices":[{"damage_healed":0.0,"max_hp_gain":0.0,"max_hp_loss":0.0,"gold_gain":0.0,"event_name":"Scrap Ooze","player_choice":"Success","floor":2.0,"gold_loss":0.0,"damage_taken":7.0,"relics_obtained":["Letter Opener"]},{"damage_healed":0.0,"max_hp_gain":0.0,"max_hp_loss":0.0,"gold_gain":0.0,"event_name":"Upgrade Shrine","player_choice":"Upgraded","floor":3.0,"gold_loss":0.0,"damage_taken":0.0,"cards_upgraded":["Neutralize"]},{"damage_healed":0.0,"max_hp_gain":0.0,"max_hp_loss":0.0,"gold_gain":0.0,"event_name":"Cursed Tome","player_choice":"Obtained Book","floor":28.0,"gold_loss":0.0,"damage_taken":16.0},{"damage_healed":0.0,"max_hp_gain":0.0,"max_hp_loss":0.0,"gold_gain":0.0,"event_name":"The Mausoleum","player_choice":"Opened","floor":29.0,"gold_loss":0.0,"damage_taken":0.0,"relics_obtained":["Toxic Egg 2"]},{"damage_healed":0.0,"max_hp_gain":0.0,"max_hp_loss":0.0,"gold_gain":0.0,"event_name":"Tomb of Lord Red Mask","player_choice":"Ignored","floor":37.0,"gold_loss":0.0,"damage_taken":0.0},{"cards_removed":["Defend_G"],"damage_healed":0.0,"max_hp_gain":0.0,"max_hp_loss":0.0,"gold_gain":0.0,"event_name":"Falling","player_choice":"Removed Skill","floor":39.0,"gold_loss":0.0,"damage_taken":0.0},{"damage_healed":0.0,"max_hp_gain":0.0,"max_hp_loss":0.0,"gold_gain":0.0,"event_name":"Upgrade Shrine","player_choice":"Upgraded","floor":44.0,"gold_loss":0.0,"damage_taken":0.0,"cards_upgraded":["Infinite Blades"]},{"damage_healed":0.0,"max_hp_gain":0.0,"max_hp_loss":0.0,"gold_gain":0.0,"event_name":"MindBloom","player_choice":"Fight","floor":48.0,"gold_loss":0.0,"damage_taken":0.0}],"is_beta":false,"boss_relics":[{"not_picked":["Snecko Eye","HoveringKite"],"picked":"Black Star"},{"not_picked":["Eternal Feather","Coffee Dripper"],"picked":"Cursed Key"}],"items_purged_floors":[5,38,47],"is_endless":false,"potions_floor_spawned":[8,13,14,20,22,25,31,33,35,41,45,46,54],"ascension_level":1}