{"gold_per_floor":[114,114,124,124,5,5,38,38,83,103,103,103,137,157,157,157],"floor_reached":16,"playtime":582,"items_purged":["Defend_B"],"score":200,"play_id":"03fab6a2-7191-48bf-8158-6697952efc2d","local_time":"20190901134253","is_ascension_mode":true,"campfire_choices":[{"floor":6,"key":"REST"},{"floor":8,"key":"REST"},{"data":"Hologram","floor":11,"key":"SMITH"},{"floor":15,"key":"REST"}],"neow_cost":"NONE","seed_source_timestamp":1282785930093841,"circlet_count":0,"master_deck":["AscendersBane","Strike_B","Strike_B+1","Strike_B+1","Strike_B","Defend_B","Defend_B","Defend_B","Zap","Dualcast","Hologram+1","Leap","Glacier","Leap","Go for the Eyes","Hyperbeam"],"relics":["Cracked Core","Whetstone","Golden Idol","Potion Belt","Strawberry","Ancient Tea Set","Turnip"],"potions_floor_usage":[3,16],"damage_taken":[{"damage":0,"enemies":"Small Slimes","floor":1,"turns":3},{"damage":9,"enemies":"Cultist","floor":3,"turns":4},{"damage":42,"enemies":"Lagavulin","floor":7,"turns":10},{"damage":6,"enemies":"2 Louse","floor":10,"turns":2},{"damage":25,"enemies":"Gremlin Nob","floor":13,"turns":6},{"damage":0,"enemies":"2 Fungi Beasts","floor":14,"turns":2},{"damage":32,"enemies":"Slime Boss","floor":16,"turns":6}],"seed_played":"-5736584007725687516","potions_obtained":[{"floor":3,"key":"Fruit Juice"},{"floor":10,"key":"FearPotion"},{"floor":14,"key":"Block Potion"}],"is_trial":false,"path_per_floor":["M","?","M","?","$","R","E","R","T","M","R","?","E","M","R","B"],"character_chosen":"DEFECT","items_purchased":["Glacier"],"campfire_rested":3,"item_purchase_floors":[5],"current_hp_per_floor":[64,60,56,30,30,52,10,32,39,33,33,33,8,8,32,0],"gold":157,"neow_bonus":"RANDOM_COMMON_RELIC","is_prod":false,"is_daily":false,"chose_seed":false,"campfire_upgraded":1,"win_rate":0,"timestamp":1567363373,"path_taken":["M","?","?","?","$","R","E","R","T","M","R","?","E","M","R","BOSS"],"build_version":"2019-07-17","purchased_purges":1,"victory":false,"max_hp_per_floor":[71,71,76,76,76,76,76,76,83,83,83,83,83,83,83,83],"card_choices":[{"not_picked":["Turbo","Melter"],"picked":"Hologram","floor":1},{"not_picked":["Go for the Eyes","Compile Driver"],"picked":"Leap","floor":3},{"not_picked":["Scrape","Barrage"],"picked":"Leap","floor":7},{"not_picked":["Steam","Stack"],"picked":"Go for the Eyes","floor":10},{"not_picked":["Leap","Reinforced Body"],"picked":"Hyperbeam","floor":13},{"not_picked":["Sweeping Beam","Ball Lightning","Steam"],"picked":"SKIP","floor":14}],"player_experience":1036941,"relics_obtained":[{"floor":7,"key":"Potion Belt"},{"floor":9,"key":"Strawberry"},{"floor":13,"key":"Turnip"}],"event_choices":[{"damage_healed":0,"gold_gain":0,"player_choice":"Bought 0 Potions","damage_taken":0,"max_hp_gain":0,"max_hp_loss":0,"event_name":"The Woman in Blue","floor":2,"gold_loss":0},{"damage_healed":0,"gold_gain":0,"player_choice":"Take Damage","damage_taken":26,"relics_obtained":["Golden Idol"],"max_hp_gain":0,"max_hp_loss":0,"event_name":"Golden Idol","floor":4,"gold_loss":0},{"damage_healed":0,"gold_gain":0,"player_choice":"Gave Potion","damage_taken":0,"relics_obtained":["Ancient Tea Set"],"max_hp_gain":0,"max_hp_loss":0,"event_name":"WeMeetAgain","floor":12,"gold_loss":0}],"is_beta":false,"boss_relics":[],"items_purged_floors":[5],"is_endless":false,"potions_floor_spawned":[3,10,14],"killed_by":"Slime Boss","ascension_level":17}