{"gold_per_floor":[116,130,55,75,94,94,94,110,110,110,130,130,145,95,95,192,192,205,223,223,233,233,233,244,244,244,262,279,279],"floor_reached":29,"playtime":1437,"items_purged":["Defend_G"],"score":221,"play_id":"e57a82e3-8ab4-40f0-ad67-b3c7f2699110","local_time":"20190912005928","is_ascension_mode":false,"campfire_choices":[{"data":"Footwork","floor":6.0,"key":"SMITH"},{"data":"Noxious Fumes","floor":10.0,"key":"SMITH"},{"data":"Poisoned Stab","floor":12.0,"key":"SMITH"},{"data":"Backflip","floor":15.0,"key":"SMITH"},{"data":"Bullet Time","floor":23.0,"key":"SMITH"},{"data":"Night Terror","floor":25.0,"key":"SMITH"}],"neow_cost":"NONE","seed_source_timestamp":305602300942613,"circlet_count":0,"master_deck":["Strike_G","Strike_G","Strike_G","Strike_G","Defend_G","Defend_G","Defend_G","Survivor","Neutralize","Poisoned Stab+1","Bane","Footwork+1","Noxious Fumes+1","Escape Plan","Backflip+1","Bullet Time+1","Deadly Poison+1","Backflip","Night Terror+1","Predator+1","Bouncing Flask+1","Footwork"],"special_seed":0,"relics":["Ring of the Snake"],"potions_floor_usage":[29,29],"damage_taken":[{"damage":0.0,"enemies":"Cultist","floor":1.0,"turns":4.0},{"damage":2.0,"enemies":"2 Louse","floor":2.0,"turns":2.0},{"damage":1.0,"enemies":"Jaw Worm","floor":4.0,"turns":4.0},{"damage":2.0,"enemies":"Exordium Wildlife","floor":5.0,"turns":5.0},{"damage":0.0,"enemies":"Blue Slaver","floor":8.0,"turns":5.0},{"damage":9.0,"enemies":"Large Slime","floor":11.0,"turns":5.0},{"damage":0.0,"enemies":"Looter","floor":13.0,"turns":4.0},{"damage":19.0,"enemies":"The Guardian","floor":16.0,"turns":9.0},{"damage":0.0,"enemies":"3 Byrds","floor":18.0,"turns":5.0},{"damage":10.0,"enemies":"Chosen","floor":19.0,"turns":5.0},{"damage":7.0,"enemies":"Centurion and Healer","floor":21.0,"turns":8.0},{"damage":17.0,"enemies":"Shelled Parasite and Fungi","floor":24.0,"turns":5.0},{"damage":29.0,"enemies":"Snake Plant","floor":27.0,"turns":5.0},{"damage":1.0,"enemies":"Centurion and Healer","floor":28.0,"turns":6.0},{"damage":29,"enemies":"Sentry and Sphere","floor":29,"turns":3}],"seed_played":"9029197739864799523","potions_obtained":[{"floor":5.0,"key":"SteroidPotion"},{"floor":11.0,"key":"Energy Potion"},{"floor":16.0,"key":"Fruit Juice"},{"floor":19.0,"key":"Dexterity Potion"},{"floor":21.0,"key":"Poison Potion"},{"floor":28.0,"key":"Regen Potion"}],"is_trial":false,"path_per_floor":["M","M","$","M","M","R","$","M","T","R","M","R","M","$","R","B",null,"M","M","?","M","T","R","M","R","T","M","M","M"],"character_chosen":"THE_SILENT","items_purchased":["Backflip"],"campfire_rested":0,"item_purchase_floors":[14],"current_hp_per_floor":[70,68,68,67,65,65,65,65,65,65,56,56,56,56,56,37,75,75,65,65,58,58,58,41,41,41,12,11,0],"gold":279,"neow_bonus":"REMOVE_CARD","is_prod":false,"is_daily":false,"chose_seed":false,"campfire_upgraded":6,"win_rate":0,"timestamp":1568267968,"path_taken":["M","M","$","?","M","R","$","M","T","R","M","R","M","?","R","BOSS","M","M","?","?","?","R","M","R","T","M","M","M"],"build_version":"2019-07-17","purchased_purges":1,"victory":false,"max_hp_per_floor":[70,70,70,70,70,70,70,70,70,70,70,70,70,70,70,70,75,75,75,75,75,75,75,75,75,75,75,75,75],"card_choices":[{"not_picked":["Flying Knee","Dagger Spray","Reflex"],"picked":"SKIP","floor":1.0},{"not_picked":["Outmaneuver","Deflect"],"picked":"Poisoned Stab","floor":2.0},{"not_picked":["Sucker Punch","PiercingWail"],"picked":"Bane","floor":4.0},{"not_picked":["Poisoned Stab","Bane"],"picked":"Footwork","floor":5.0},{"not_picked":["Backflip","Poisoned Stab"],"picked":"Noxious Fumes","floor":8.0},{"not_picked":["Dagger Throw","Infinite Blades","Die Die Die"],"picked":"SKIP","floor":11.0},{"not_picked":["Dodge and Roll","Sucker Punch"],"picked":"Escape Plan","floor":13.0},{"not_picked":["Malaise","Burst"],"picked":"Bullet Time","floor":16.0},{"not_picked":["Bane","Underhanded Strike"],"picked":"Deadly Poison+1","floor":18.0},{"not_picked":["Predator","Outmaneuver"],"picked":"Backflip","floor":19.0},{"not_picked":["Finisher","Crippling Poison"],"picked":"Predator+1","floor":21.0},{"not_picked":["Deflect","Predator+1"],"picked":"Bouncing Flask+1","floor":24.0},{"not_picked":["Prepared+1","Riddle With Holes"],"picked":"Footwork","floor":27.0},{"not_picked":["Deflect+1","Caltrops","Backflip"],"picked":"SKIP","floor":28.0}],"player_experience":1211884,"relics_obtained":[],"event_choices":[{"damage_healed":0.0,"max_hp_gain":0.0,"max_hp_loss":0.0,"gold_gain":0.0,"cards_transformed":["Defend_G"],"event_name":"Transmorgrifier","player_choice":"Transformed","floor":20.0,"gold_loss":0.0,"damage_taken":0.0,"cards_obtained":["Night Terror"]}],"is_beta":false,"boss_relics":[{"not_picked":["Calling Bell","Empty Cage","Black Star"]}],"items_purged_floors":[3],"is_endless":false,"potions_floor_spawned":[5,11,16,19,21,28],"killed_by":"Sentry and Sphere","ascension_level":0}