{"gold_per_floor":[111,36,36,48,48,48,61,61,61,73,73,88,88,263,263,358,358,370,388,408,106,120,120,139,156,156,173,48,48,48,81,81,182,232,250,250,263,113,128,128,128,128,201,201,16,34,52,67,67,67],"floor_reached":50,"playtime":3686,"items_purged":["Defend_B","Doubt","Stack","Amplify"],"score":456,"play_id":"73833181-e6e8-47d2-b4ba-f6c00f3f6687","local_time":"20180801040340","is_ascension_mode":false,"campfire_choices":[{"data":"Rainbow","floor":6.0,"key":"SMITH"},{"data":"Dualcast","floor":8.0,"key":"SMITH"},{"floor":15.0,"key":"REST"},{"data":"Rainbow","floor":23.0,"key":"SMITH"},{"floor":32.0,"key":"REST"},{"floor":40.0,"key":"REST"},{"floor":42.0,"key":"REST"},{"data":"Zap","floor":44.0,"key":"SMITH"},{"floor":49,"key":"REST"}],"neow_cost":"TEN_PERCENT_HP_LOSS","seed_source_timestamp":0,"circlet_count":0,"master_deck":["Strike_B","Strike_B+1","Strike_B","Strike_B","Defend_B","Defend_B","Zap+1","Dualcast+1","Rainbow+1","Redo+1","Compile Driver","Skim","Conserve Battery","Fusion","Blind","Rainbow+1","Compile Driver+1","Chaos","Gash","BootSequence","Go for the Eyes+1","Hello World+1","Go for the Eyes+1","Rainbow+1","Loop+1","Doom and Gloom+1","Biased Cognition+1","Hello World+1","Undo+1","Defragment+1","Stack+1"],"special_seed":0,"relics":["Cracked Core","Meat on the Bone","Incense Burner","Orrery","DollysMirror","Frozen Egg 2","Nunchaku","Tiny House","Pen Nib","Pear","Oddly Smooth Stone"],"potions_floor_usage":[47],"damage_taken":[{"damage":1.0,"enemies":"Cultist","floor":1.0,"turns":3.0},{"damage":0.0,"enemies":"2 Louse","floor":4.0,"turns":2.0},{"damage":8.0,"enemies":"Jaw Worm","floor":7.0,"turns":3.0},{"damage":4.0,"enemies":"2 Fungi Beasts","floor":10.0,"turns":2.0},{"damage":6.0,"enemies":"3 Louse","floor":12.0,"turns":2.0},{"damage":13.0,"enemies":"The Guardian","floor":16.0,"turns":9.0},{"damage":0.0,"enemies":"Chosen","floor":18.0,"turns":5.0},{"damage":8.0,"enemies":"Shell Parasite","floor":19.0,"turns":5.0},{"damage":22.0,"enemies":"Chosen and Byrds","floor":20.0,"turns":7.0},{"damage":8.0,"enemies":"Centurion and Healer","floor":22.0,"turns":7.0},{"damage":16.0,"enemies":"Slaver and Parasite","floor":24.0,"turns":6.0},{"damage":9.0,"enemies":"Snake Plant","floor":25.0,"turns":3.0},{"damage":8.0,"enemies":"Centurion and Healer","floor":27.0,"turns":6.0},{"damage":34.0,"enemies":"Slavers","floor":31.0,"turns":4.0},{"damage":37.0,"enemies":"Automaton","floor":33.0,"turns":11.0},{"damage":10.0,"enemies":"3 Shapes","floor":35.0,"turns":5.0},{"damage":25.0,"enemies":"3 Darklings","floor":37.0,"turns":5.0},{"damage":20.0,"enemies":"Spire Growth","floor":39.0,"turns":5.0},{"damage":57.0,"enemies":"Sphere and 2 Shapes","floor":46.0,"turns":6.0},{"damage":20,"enemies":"3 Darklings","floor":47,"turns":7},{"damage":25,"enemies":"Flame Bruiser 2 Orb","floor":48,"turns":6},{"damage":43,"enemies":"Awakened One","floor":50,"turns":4}],"seed_played":"-4943029609843855087","potions_obtained":[{"floor":1.0,"key":"Fire Potion"},{"floor":7.0,"key":"SteroidPotion"},{"floor":24.0,"key":"AttackPotion"},{"floor":25.0,"key":"Explosive Potion"},{"floor":27.0,"key":"Strength Potion"},{"floor":31.0,"key":"Strength Potion"},{"floor":34.0,"key":"FearPotion"},{"floor":37.0,"key":"SpeedPotion"},{"floor":39.0,"key":"Fire Potion"}],"is_trial":false,"path_per_floor":["M","$","?","M","?","R","M","R","T","M","?","M","?","?","R","B",null,"M","M","M","$","M","R","M","M","T","M","$","?","$","E","R","B",null,"M","T","M","$","M","R","?","R","T","R","$","M","M","M","R"],"character_chosen":"DEFECT","items_purchased":["DollysMirror","Defragment+1","Oddly Smooth Stone"],"campfire_rested":5,"item_purchase_floors":[21,45,45],"current_hp_per_floor":[67,67,53,53,46,46,38,38,38,46,43,37,37,37,57,44,68,68,60,38,38,42,42,38,41,41,45,45,45,45,23,43,18,73,63,63,38,38,30,51,51,72,82,82,82,37,29,16,40,0],"gold":67,"neow_bonus":"THREE_RARE_CARDS","is_prod":false,"is_daily":false,"chose_seed":false,"campfire_upgraded":4,"win_rate":0.0,"timestamp":1533114220,"path_taken":["M","$","?","M","?","R","M","R","T","M","?","?","?","?","R","BOSS","M","?","M","$","M","R","M","M","T","?","?","?","$","E","R","BOSS","M","?","M","$","M","R","?","R","T","R","$","M","M","M","R","BOSS"],"build_version":"2018-07-26","purchased_purges":4,"victory":false,"max_hp_per_floor":[68,68,68,68,68,68,68,68,68,68,68,68,68,68,68,68,68,68,68,68,68,68,68,68,68,68,68,68,68,68,68,68,68,73,73,73,73,73,73,73,73,73,83,83,83,83,83,83,83,83],"card_choices":[{"not_picked":["Fission","Biased Cognition"],"picked":"Rainbow","floor":0.0},{"not_picked":["Auto Shields","Tempest"],"picked":"Redo","floor":1.0},{"not_picked":["Auto Shields","Coolheaded"],"picked":"Compile Driver","floor":4.0},{"not_picked":["Conserve Battery","Barrage"],"picked":"Skim","floor":7.0},{"not_picked":["Gash","Compile Driver"],"picked":"Conserve Battery","floor":10.0},{"not_picked":["Reprogram","Cold Snap"],"picked":"Fusion","floor":12.0},{"not_picked":["Reboot","Biased Cognition"],"picked":"Amplify","floor":16.0},{"not_picked":["Rip and Tear","Reinforced Body"],"picked":"Compile Driver","floor":17.0},{"not_picked":["Melter","Hello World"],"picked":"Stack","floor":17.0},{"not_picked":["Redo","Barrage"],"picked":"Chaos","floor":17.0},{"not_picked":["Rip and Tear","Skim"],"picked":"Gash","floor":17.0},{"not_picked":["Steam","Sweeping Beam"],"picked":"BootSequence","floor":17.0},{"not_picked":["Ball Lightning","Cold Snap"],"picked":"Go for the Eyes+1","floor":18.0},{"not_picked":["Rebound","Ball Lightning"],"picked":"Hello World+1","floor":19.0},{"not_picked":["Ball Lightning+1","Gash"],"picked":"Go for the Eyes+1","floor":20.0},{"not_picked":["Sweeping Beam+1","Cold Snap","Redo"],"picked":"SKIP","floor":22.0},{"not_picked":["Amplify","Beam Cell"],"picked":"Loop+1","floor":24.0},{"not_picked":["Steam","Hologram+1"],"picked":"Doom and Gloom+1","floor":25.0},{"not_picked":["Hologram+1","Sweeping Beam+1","Stack+1"],"picked":"SKIP","floor":27.0},{"not_picked":["Rebound","White Noise","Ball Lightning+1"],"picked":"SKIP","floor":31.0},{"not_picked":["Multi-Cast","Rainbow"],"picked":"Biased Cognition+1","floor":33.0},{"not_picked":["Streamline","Sweeping Beam"],"picked":"Hello World+1","floor":34.0},{"not_picked":["Sweeping Beam","BootSequence","Streamline"],"picked":"SKIP","floor":35.0},{"not_picked":["Ball Lightning+1","Cold Snap+1"],"picked":"Undo+1","floor":37.0},{"not_picked":["Rip and Tear+1","Compile Driver+1","Fusion"],"picked":"SKIP","floor":39.0},{"not_picked":["Steam+1","Skim+1","Reinforced Body"],"picked":"SKIP","floor":46.0},{"not_picked":["Hologram+1","Rebound+1","Steam"],"picked":"SKIP","floor":47},{"not_picked":["Conserve Battery","Redo+1"],"picked":"Stack+1","floor":48}],"player_experience":6734,"relics_obtained":[{"floor":9.0,"key":"Meat on the Bone"},{"floor":26.0,"key":"Frozen Egg 2"},{"floor":31.0,"key":"Nunchaku"},{"floor":36.0,"key":"Pen Nib"},{"floor":43.0,"key":"Pear"}],"event_choices":[{"event_name":"Shining Light","player_choice":"Entered Light","floor":3.0,"damage_taken":0.0},{"event_name":"Golden Wing","player_choice":"Card Removal","floor":5.0,"damage_taken":0.0},{"event_name":"Scrap Ooze","player_choice":"success","floor":11.0,"damage_taken":3.0},{"event_name":"Match and Keep!","player_choice":"2 cards matched","floor":13.0,"damage_taken":0.0},{"event_name":"Liars Game","player_choice":"agreed","floor":14.0,"damage_taken":0.0},{"event_name":"Beggar","player_choice":"Ignored","floor":29.0,"damage_taken":0.0},{"event_name":"Mysterious Sphere","player_choice":"Ignore","floor":41.0,"damage_taken":0.0}],"is_beta":false,"boss_relics":[{"not_picked":["Nuclear Battery","Inserter"],"picked":"Orrery"},{"not_picked":["Empty Cage","Philosopher\u0027s Stone"],"picked":"Tiny House"}],"items_purged_floors":[2,21,28,38],"is_endless":false,"potions_floor_spawned":[1,7,24,25,27,31,37,39],"killed_by":"Awakened One","ascension_level":0}