{"gold_per_floor":[114,129,49,49,64,94,94,124,149,179,179,254,254,220,220,320,320,335,298,398,413,413,443,443,458,458,382,333,333],"floor_reached":29,"playtime":1149,"items_purged":[],"score":282,"play_id":"ec48d80d-d9f7-4853-91ef-9f7eb542442e","local_time":"20190421003057","daily_mods":["Draft","Green Cards","DeadlyEvents"],"is_ascension_mode":false,"campfire_choices":[{"floor":11,"key":"REST"},{"floor":13,"key":"REST"},{"data":"Terror","floor":15,"key":"SMITH"},{"data":"Envenom","floor":24,"key":"SMITH"}],"neow_cost":"","seed_source_timestamp":0,"circlet_count":0,"master_deck":["Bouncing Flask","Deflect","Deadly Poison","Dodge and Roll","Outmaneuver","Poisoned Stab","Deadly Poison","Iron Wave","Finisher","Backstab","Backflip","Crippling Poison","Deadly Poison","Phantasmal Killer+1","Cloak And Dagger","Backstab","Terror+1","Envenom+1","Backstab+1","Sucker Punch+1","Double Tap+1","Slice+1","Metallicize","Thunderclap","Catalyst+1","Flex","Venomology","Crippling Poison","Deadly Poison+1","Noxious Fumes","Deflect"],"special_seed":18007,"relics":["Burning Blood","Bag of Marbles","Letter Opener","Bronze Scales","Blood Vial","Astrolabe","Ice Cream","Blue Candle","Matryoshka","Question Card","Ornamental Fan"],"potions_floor_usage":[20,25,25,29],"damage_taken":[{"damage":0,"enemies":"Cultist","floor":1,"turns":2},{"damage":3,"enemies":"2 Louse","floor":2,"turns":2},{"damage":0,"enemies":"Small Slimes","floor":5,"turns":2},{"damage":32,"enemies":"Lagavulin","floor":6,"turns":5},{"damage":21,"enemies":"3 Sentries","floor":8,"turns":5},{"damage":14,"enemies":"Gremlin Nob","floor":10,"turns":3},{"damage":19,"enemies":"Slime Boss","floor":16,"turns":9},{"damage":18,"enemies":"Spheric Guardian","floor":18,"turns":4},{"damage":24,"enemies":"Colosseum Slavers","floor":20,"turns":3},{"damage":12,"enemies":"Colosseum Nobs","floor":20,"turns":4},{"damage":7,"enemies":"Shell Parasite","floor":21,"turns":4},{"damage":30,"enemies":"Slavers","floor":23,"turns":5},{"damage":0,"enemies":"Shelled Parasite and Fungi","floor":25,"turns":2},{"damage":39,"enemies":"Gremlin Leader","floor":29,"turns":4}],"seed_played":"5562409950653752880","potions_obtained":[{"floor":1,"key":"Explosive Potion"},{"floor":2,"key":"PowerPotion"},{"floor":5,"key":"GamblersBrew"},{"floor":23,"key":"Swift Potion"},{"floor":25,"key":"SpeedPotion"}],"is_trial":false,"path_per_floor":["M","M","$","?","M","E","$","E","T","E","R","?","R","$","R","B",null,"M","$","?","M","?","E","R","M","T","$","$","E"],"character_chosen":"IRONCLAD","items_purchased":["Phantasmal Killer","Terror","Metallicize","Noxious Fumes","Deflect"],"campfire_rested":2,"item_purchase_floors":[3,14,19,27,28],"current_hp_per_floor":[80,80,80,80,80,54,54,39,39,31,55,44,68,68,68,57,80,68,68,48,49,49,27,27,35,35,35,35,0],"gold":333,"neow_bonus":"","is_prod":false,"is_daily":true,"chose_seed":false,"campfire_upgraded":2,"win_rate":0,"timestamp":1555824657,"path_taken":["M","M","?","?","M","E","$","?","T","E","R","?","R","$","R","BOSS","M","$","?","M","?","E","R","M","T","?","$","?"],"build_version":"2019-01-23","purchased_purges":0,"victory":false,"max_hp_per_floor":[80,80,80,80,80,80,80,80,80,80,80,80,80,80,80,80,80,80,80,80,80,80,80,80,80,80,80,80,80],"card_choices":[{"not_picked":["Escape Plan","Havoc"],"picked":"Bouncing Flask","floor":0},{"not_picked":["Clash","Escape Plan"],"picked":"Deflect","floor":0},{"not_picked":["Terror","Blade Dance"],"picked":"Deadly Poison","floor":0},{"not_picked":["Quick Slash","Intimidate"],"picked":"Dodge and Roll","floor":0},{"not_picked":["Eviscerate","Bane"],"picked":"Outmaneuver","floor":0},{"not_picked":["Outmaneuver","Deflect"],"picked":"Cleave","floor":0},{"not_picked":["Clash","Dagger Spray"],"picked":"Whirlwind","floor":0},{"not_picked":["Sword Boomerang","Combust"],"picked":"Poisoned Stab","floor":0},{"not_picked":["Choke","Calculated Gamble"],"picked":"Deadly Poison","floor":0},{"not_picked":["Battle Trance","Warcry"],"picked":"Iron Wave","floor":0},{"not_picked":["Flex","Power Through"],"picked":"Spot Weakness","floor":0},{"not_picked":["Flying Knee","Prepared"],"picked":"Slice","floor":0},{"not_picked":["Twin Strike","Riddle With Holes"],"picked":"Finisher","floor":0},{"not_picked":["Burning Pact","Poisoned Stab"],"picked":"Backstab","floor":0},{"not_picked":["Dodge and Roll","Dagger Spray"],"picked":"Backflip","floor":0},{"not_picked":["Finisher","Entrench"],"picked":"Crippling Poison","floor":1},{"not_picked":["Rage","Rampage"],"picked":"Deadly Poison","floor":2},{"not_picked":["Crippling Poison","Dropkick"],"picked":"Cloak And Dagger","floor":5},{"not_picked":["Feel No Pain","Sucker Punch"],"picked":"Disarm","floor":6},{"not_picked":["Infernal Blade","Pommel Strike"],"picked":"Backstab","floor":8},{"not_picked":["Accuracy","Phantasmal Killer","Infernal Blade"],"picked":"SKIP","floor":10},{"not_picked":["Double Tap","Brutality"],"picked":"Envenom","floor":16},{"not_picked":["Sucker Punch","Dagger Spray"],"picked":"Slice+1","floor":18},{"not_picked":["Heavy Blade+1","Flying Knee"],"picked":"Thunderclap","floor":20},{"not_picked":["Backflip","Uppercut+1"],"picked":"Catalyst+1","floor":21},{"not_picked":["Warcry+1","Dodge and Roll"],"picked":"Crippling Poison","floor":23},{"not_picked":["Distraction","Blade Dance"],"picked":"Deadly Poison+1","floor":25}],"player_experience":69470,"relics_obtained":[{"floor":6,"key":"Bag of Marbles"},{"floor":8,"key":"Letter Opener"},{"floor":9,"key":"Bronze Scales"},{"floor":10,"key":"Blood Vial"},{"floor":20,"key":"Ice Cream"},{"floor":20,"key":"Blue Candle"},{"floor":23,"key":"Matryoshka"},{"floor":26,"key":"Question Card"},{"floor":26,"key":"Ornamental Fan"}],"event_choices":[{"damage_healed":0,"gold_gain":0,"player_choice":"Forge","damage_taken":0,"max_hp_gain":0,"max_hp_loss":0,"event_name":"Accursed Blacksmith","floor":4,"gold_loss":0,"cards_upgraded":["Phantasmal Killer"]},{"damage_healed":0,"gold_gain":75,"player_choice":"Gather Gold","damage_taken":11,"max_hp_gain":0,"max_hp_loss":0,"event_name":"World of Goop","floor":12,"gold_loss":0},{"damage_healed":0,"gold_gain":0,"player_choice":"Fight","damage_taken":0,"max_hp_gain":0,"max_hp_loss":0,"event_name":"Colosseum","floor":20,"gold_loss":0},{"damage_healed":0,"gold_gain":0,"player_choice":"Fought Nobs","damage_taken":0,"max_hp_gain":0,"max_hp_loss":0,"event_name":"Colosseum","floor":20,"gold_loss":0},{"damage_healed":0,"gold_gain":0,"cards_transformed":["Whirlwind","Cleave"],"player_choice":"Became Test Subject","damage_taken":0,"max_hp_gain":0,"max_hp_loss":0,"event_name":"Drug Dealer","floor":22,"gold_loss":0,"cards_obtained":["Flex","Venomology"]}],"is_beta":false,"boss_relics":[{"not_picked":["Runic Dome","Snecko Eye"],"picked":"Astrolabe"}],"items_purged_floors":[],"is_endless":false,"potions_floor_spawned":[1,2,5,20,23,25],"killed_by":"Gremlin Leader","ascension_level":0}