{"gold_per_floor":[116,16,16,16,34,34,44,44,44,4,20,20,20,20,20,20],"floor_reached":16,"playtime":494,"items_purged":[],"score":88,"play_id":"ca573ee9-7c8b-4d91-9690-dabb53086e0c","local_time":"20190419073113","is_ascension_mode":false,"campfire_choices":[{"data":"Zap","floor":6,"key":"SMITH"},{"data":"Cold Snap","floor":8,"key":"SMITH"},{"data":"Force Field","floor":15,"key":"SMITH"}],"neow_cost":"NONE","seed_source_timestamp":195740196499867,"circlet_count":0,"master_deck":["Strike_B","Strike_B","Strike_B","Strike_B","Defend_B","Defend_B","Defend_B","Defend_B","Zap+1","Dualcast","Cold Snap","Storm","Streamline","Leap","Cold Snap+1","Force Field+1","Gash","Regret","Injury"],"relics":["Snecko Eye","Symbiotic Virus","Oddly Smooth Stone","Bag of Marbles","Golden Idol"],"potions_floor_usage":[16],"damage_taken":[{"damage":10,"enemies":"Small Slimes","floor":1,"turns":3},{"damage":0,"enemies":"2 Louse","floor":5,"turns":2},{"damage":0,"enemies":"Cultist","floor":7,"turns":2},{"damage":7,"enemies":"2 Fungi Beasts","floor":11,"turns":3},{"damage":61,"enemies":"Hexaghost","floor":16,"turns":12}],"seed_played":"-5657149954498947182","potions_obtained":[{"floor":1,"key":"FocusPotion"}],"is_trial":false,"path_per_floor":["M","$","?","?","M","R","M","R","T","$","M","$","?","?","R","B"],"character_chosen":"DEFECT","items_purchased":["Storm","Streamline","Force Field"],"campfire_rested":0,"item_purchase_floors":[2,2,10],"current_hp_per_floor":[65,65,65,65,65,65,65,65,65,65,58,58,58,58,58,0],"gold":20,"neow_bonus":"BOSS_RELIC","is_prod":false,"is_daily":false,"chose_seed":false,"campfire_upgraded":3,"win_rate":0.0,"timestamp":1555677073,"path_taken":["M","$","?","?","?","R","M","R","T","$","M","$","?","?","R","BOSS"],"build_version":"2019-01-23","purchased_purges":0,"victory":false,"max_hp_per_floor":[75,75,75,75,75,75,75,75,75,75,75,75,75,75,75,75],"card_choices":[{"not_picked":["Reprogram","Barrage"],"picked":"Cold Snap","floor":1},{"not_picked":["Scrape","Rebound"],"picked":"Leap","floor":5},{"not_picked":["Beam Cell","Darkness"],"picked":"Cold Snap","floor":7},{"not_picked":["Hologram","Go for the Eyes"],"picked":"Gash","floor":11}],"player_experience":62623,"relics_obtained":[{"floor":4,"key":"Symbiotic Virus"},{"floor":9,"key":"Oddly Smooth Stone"}],"event_choices":[{"damage_healed":0,"gold_gain":0,"player_choice":"Leave","damage_taken":0,"max_hp_gain":0,"max_hp_loss":0,"event_name":"The Cleric","floor":3,"gold_loss":0},{"damage_healed":0,"gold_gain":0,"player_choice":"Relic","damage_taken":0,"max_hp_gain":0,"max_hp_loss":0,"event_name":"Wheel of Change","floor":4,"gold_loss":0},{"damage_healed":0,"gold_gain":0,"player_choice":"Box","damage_taken":0,"relics_obtained":["Bag of Marbles"],"max_hp_gain":0,"max_hp_loss":0,"event_name":"Big Fish","floor":13,"gold_loss":0,"cards_obtained":["Regret"]},{"damage_healed":0,"gold_gain":0,"player_choice":"Take Wound","damage_taken":0,"relics_obtained":["Golden Idol"],"max_hp_gain":0,"max_hp_loss":0,"event_name":"Golden Idol","floor":14,"gold_loss":0,"cards_obtained":["Injury"]}],"is_beta":false,"boss_relics":[],"items_purged_floors":[],"is_endless":false,"potions_floor_spawned":[1],"killed_by":"Hexaghost","ascension_level":0}