{"gold_per_floor":[18,32,44,44,44,75,75,96,96,9,24,49,49,82,82,207,207,230,230,210,10,34,34,58,58,58,81,81,102,125,165,165,296,296,309,309,328,453,786,811,811,811,811,811,824,842,26,37,37,37,37,37,37,62,62],"floor_reached":55,"playtime":2214,"items_purged":["Strike_R"],"score":802,"play_id":"ffbecd6e-ca9c-467d-94d1-1c690093ff17","local_time":"20190215004349","is_ascension_mode":false,"campfire_choices":[{"floor":7,"key":"RECALL"},{"data":"Flex","floor":15,"key":"SMITH"},{"data":"Heavy Blade","floor":23,"key":"SMITH"},{"data":"Spot Weakness","floor":25,"key":"SMITH"},{"data":"Offering","floor":28,"key":"SMITH"},{"data":"Flame Barrier","floor":32,"key":"SMITH"},{"data":"Shrug It Off","floor":42,"key":"SMITH"},{"data":"Offering","floor":44,"key":"SMITH"},{"data":"Corruption","floor":49,"key":"SMITH"},{"data":"Panache","floor":52,"key":"SMITH"}],"neow_cost":"NO_GOLD","seed_source_timestamp":107828429351099,"circlet_count":0,"master_deck":["Strike_R","Strike_R","Strike_R","Strike_R","Defend_R","Defend_R","Defend_R","Defend_R","Bash","Headbutt","Uppercut","Feed","Shrug It Off+1","Inflame","Flex+1","Heavy Blade+1","Flame Barrier+1","Offering+1","Sentinel+1","Sword Boomerang","Spot Weakness+1","Pummel+1","Offering+1","Heavy Blade+1","Pommel Strike+1","Corruption+1","Panache+1","Rupture+1"],"relics":["Burning Blood","Bird Faced Urn","Mercury Hourglass","Nunchaku","Unceasing Top","Coffee Dripper","Nilry\u0027s Codex","Vajra","Anchor","Bottled Lightning","The Courier","Busted Crown","Charon\u0027s Ashes","Pen Nib","Pear","Bottled Flame","Medical Kit","Gremlin Horn"],"potions_floor_usage":[6,14,16,29,33,46,50,50],"damage_taken":[{"damage":2,"enemies":"Small Slimes","floor":1,"turns":3},{"damage":3,"enemies":"Jaw Worm","floor":2,"turns":4},{"damage":0,"enemies":"2 Louse","floor":3,"turns":3},{"damage":21,"enemies":"Lagavulin","floor":6,"turns":5},{"damage":7,"enemies":"Looter","floor":8,"turns":3},{"damage":2,"enemies":"Blue Slaver","floor":11,"turns":3},{"damage":17,"enemies":"Exordium Thugs","floor":12,"turns":4},{"damage":22,"enemies":"3 Sentries","floor":14,"turns":6},{"damage":11,"enemies":"Slime Boss","floor":16,"turns":8},{"damage":6,"enemies":"3 Byrds","floor":18,"turns":3},{"damage":6,"enemies":"Chosen","floor":22,"turns":2},{"damage":7,"enemies":"Snake Plant","floor":27,"turns":2},{"damage":17,"enemies":"Snecko","floor":29,"turns":3},{"damage":6,"enemies":"Centurion and Healer","floor":30,"turns":3},{"damage":6,"enemies":"Slavers","floor":31,"turns":4},{"damage":50,"enemies":"Champ","floor":33,"turns":5},{"damage":6,"enemies":"Orb Walker","floor":35,"turns":2},{"damage":12,"enemies":"3 Darklings","floor":37,"turns":2},{"damage":12,"enemies":"Mind Bloom Boss Battle","floor":38,"turns":2},{"damage":58,"enemies":"Nemesis","floor":40,"turns":3},{"damage":12,"enemies":"Maw","floor":45,"turns":2},{"damage":6,"enemies":"Sphere and 2 Shapes","floor":46,"turns":2},{"damage":8,"enemies":"4 Shapes","floor":48,"turns":4},{"damage":34,"enemies":"Donu and Deca","floor":50,"turns":4},{"damage":42,"enemies":"Shield and Spear","floor":54,"turns":4},{"damage":106,"enemies":"The Heart","floor":55,"turns":3}],"seed_played":"4553299326601676111","potions_obtained":[{"floor":2,"key":"Fire Potion"},{"floor":12,"key":"Regen Potion"},{"floor":14,"key":"Fire Potion"},{"floor":16,"key":"Explosive Potion"},{"floor":20,"key":"SneckoOil"},{"floor":22,"key":"SkillPotion"},{"floor":27,"key":"Energy Potion"},{"floor":38,"key":"Explosive Potion"},{"floor":45,"key":"Ancient Potion"}],"is_trial":false,"path_per_floor":["M","M","M","?","?","E","R","M","T","$","M","M","?","E","R","B",null,"M","?","?","$","M","R","T","R","T","M","R","M","M","E","R","B",null,"M","?","M","?","?","E","?","R","T","R","M","M","$","M","R","B",null,"R","$","E","B"],"character_chosen":"IRONCLAD","items_purchased":["Inflame","Flex","Vajra","Sword Boomerang","Pear","Corruption","Panache","Bottled Flame","Medical Kit"],"campfire_rested":0,"item_purchase_floors":[10,10,21,21,47,47,47,47,47],"current_hp_per_floor":[80,80,80,80,60,45,45,47,47,47,51,45,50,54,54,51,94,97,81,81,81,84,84,84,84,84,83,83,74,79,84,84,44,106,106,106,102,96,96,46,46,46,46,46,40,40,50,55,55,33,119,119,119,89,0],"gold":62,"neow_bonus":"ONE_RARE_RELIC","is_prod":false,"is_daily":false,"chose_seed":false,"campfire_upgraded":9,"win_rate":0,"timestamp":1550213029,"path_taken":["M","M","M","?","?","E","R","M","T","$","M","M","?","E","R","BOSS","M","?","?","$","?","R","?","R","T","M","R","M","?","E","R","BOSS","M","?","?","?","?","E","?","R","T","R","M","?","$","M","R","BOSS","R","$","E","BOSS"],"build_version":"2019-01-23","purchased_purges":1,"victory":false,"max_hp_per_floor":[80,80,80,80,80,80,80,83,83,83,83,86,91,94,94,94,94,97,97,97,97,100,100,100,100,100,100,100,100,103,106,106,106,106,106,106,106,106,106,106,106,106,106,106,106,106,116,119,119,119,119,119,119,119,119],"card_choices":[{"not_picked":["Clash","Heavy Blade"],"picked":"Headbutt","floor":1},{"not_picked":["Iron Wave","True Grit","Rupture"],"picked":"SKIP","floor":2},{"not_picked":["Heavy Blade","Dropkick"],"picked":"Uppercut","floor":3},{"not_picked":["Reckless Charge","Heavy Blade"],"picked":"Feed","floor":6},{"not_picked":["Sever Soul","Pommel Strike"],"picked":"Shrug It Off","floor":8},{"not_picked":["Havoc","Armaments","Wild Strike"],"picked":"SKIP","floor":11},{"not_picked":["True Grit","Fiend Fire"],"picked":"Heavy Blade","floor":12},{"not_picked":["Perfected Strike","Armaments"],"picked":"Flame Barrier","floor":14},{"not_picked":["Fiend Fire","Reaper"],"picked":"Offering","floor":16},{"not_picked":["Flame Barrier","Second Wind"],"picked":"Sentinel+1","floor":18},{"not_picked":["True Grit","Cleave"],"picked":"Spot Weakness","floor":22},{"not_picked":["Havoc","Wild Strike","Shockwave"],"picked":"SKIP","floor":27},{"not_picked":["Battle Trance","Second Wind","Havoc"],"picked":"SKIP","floor":29},{"not_picked":["Clash","Iron Wave","Intimidate"],"picked":"SKIP","floor":30},{"not_picked":["Shockwave","Cleave+1"],"picked":"Pummel+1","floor":31},{"not_picked":["Fiend Fire","Berserk"],"picked":"Offering","floor":33},{"not_picked":["Flame Barrier+1"],"picked":"SKIP","floor":35},{"not_picked":[],"picked":"Pommel Strike+1","floor":37},{"not_picked":["Shrug It Off"],"picked":"SKIP","floor":40},{"not_picked":["Perfected Strike+1"],"picked":"SKIP","floor":45},{"not_picked":["Carnage+1"],"picked":"SKIP","floor":46},{"not_picked":["Anger"],"picked":"SKIP","floor":48},{"not_picked":[],"picked":"Rupture+1","floor":54}],"player_experience":303620,"relics_obtained":[{"floor":6,"key":"Mercury Hourglass"},{"floor":9,"key":"Nunchaku"},{"floor":14,"key":"Unceasing Top"},{"floor":19,"key":"Nilry\u0027s Codex"},{"floor":24,"key":"Anchor"},{"floor":26,"key":"Bottled Lightning"},{"floor":31,"key":"The Courier"},{"floor":38,"key":"Charon\u0027s Ashes"},{"floor":40,"key":"Pen Nib"},{"floor":54,"key":"Gremlin Horn"}],"event_choices":[{"damage_healed":0,"gold_gain":0,"player_choice":"Leave","damage_taken":0,"max_hp_gain":0,"max_hp_loss":0,"event_name":"The Cleric","floor":4,"gold_loss":0},{"damage_healed":0,"gold_gain":0,"player_choice":"Take Damage","damage_taken":20,"relics_obtained":["Golden Idol"],"max_hp_gain":0,"max_hp_loss":0,"event_name":"Golden Idol","floor":5,"gold_loss":0},{"damage_healed":0,"gold_gain":0,"player_choice":"Donut","damage_taken":0,"max_hp_gain":5,"max_hp_loss":0,"event_name":"Big Fish","floor":13,"gold_loss":0},{"damage_healed":0,"gold_gain":0,"player_choice":"Obtained Book","damage_taken":16,"max_hp_gain":0,"max_hp_loss":0,"event_name":"Cursed Tome","floor":19,"gold_loss":0},{"damage_healed":0,"gold_gain":0,"player_choice":"Bought 1 Potion","damage_taken":0,"max_hp_gain":0,"max_hp_loss":0,"event_name":"The Woman in Blue","floor":20,"gold_loss":0},{"damage_healed":0,"gold_gain":0,"player_choice":"Copied","damage_taken":0,"max_hp_gain":0,"max_hp_loss":0,"event_name":"Duplicator","floor":36,"gold_loss":0,"cards_obtained":["Heavy Blade"]},{"damage_healed":0,"gold_gain":0,"player_choice":"Fight","damage_taken":0,"max_hp_gain":0,"max_hp_loss":0,"event_name":"MindBloom","floor":38,"gold_loss":0},{"damage_healed":0,"gold_gain":333,"player_choice":"Gave Idol","damage_taken":0,"max_hp_gain":0,"max_hp_loss":0,"event_name":"The Moai Head","floor":39,"relics_lost":["Golden Idol"],"gold_loss":0},{"damage_healed":0,"gold_gain":0,"player_choice":"Memory 1","damage_taken":0,"max_hp_gain":0,"max_hp_loss":0,"event_name":"SensoryStone","floor":41,"gold_loss":0}],"is_beta":false,"boss_relics":[{"not_picked":["Eternal Feather","Tiny House"],"picked":"Coffee Dripper"},{"not_picked":["Philosopher\u0027s Stone","Velvet Choker"],"picked":"Busted Crown"}],"items_purged_floors":[47],"is_endless":false,"potions_floor_spawned":[2,12,14,16,22,27,38,45],"killed_by":"The Heart","ascension_level":0}