{"gold_per_floor":[117,117,67,83,83,83,111,124,151,151,151],"floor_reached":11,"playtime":757,"items_purged":[],"score":124,"play_id":"9e3ec52d-a9b7-4b28-a8a7-4452b4706000","local_time":"20190831204341","is_ascension_mode":true,"campfire_choices":[{"data":"Hologram","floor":6,"key":"SMITH"}],"neow_cost":"NONE","seed_source_timestamp":1251967565824944,"circlet_count":0,"master_deck":["AscendersBane","Strike_B","Strike_B+1","Strike_B","Strike_B","Defend_B","Defend_B","Defend_B+1","Zap","Dualcast","Glacier+1","Hologram+1","Go for the Eyes"],"relics":["Runic Pyramid","Blood Vial","Anchor"],"potions_floor_usage":[7,11],"damage_taken":[{"damage":8,"enemies":"2 Louse","floor":1,"turns":3},{"damage":0,"enemies":"Cultist","floor":4,"turns":6},{"damage":16,"enemies":"Gremlin Nob","floor":7,"turns":6},{"damage":7,"enemies":"Small Slimes","floor":8,"turns":4},{"damage":8,"enemies":"Gremlin Gang","floor":11,"turns":3}],"seed_played":"-6108127816026082696","potions_obtained":[{"floor":1,"key":"SpeedPotion"},{"floor":4,"key":"EssenceOfSteel"}],"is_trial":false,"path_per_floor":["M","?","$","M","?","R","E","M","T","?","M"],"character_chosen":"DEFECT","items_purchased":["Hologram"],"campfire_rested":0,"item_purchase_floors":[3],"current_hp_per_floor":[56,56,56,56,35,35,19,14,14,14,8],"gold":151,"neow_bonus":"BOSS_RELIC","is_prod":false,"is_daily":false,"chose_seed":false,"campfire_upgraded":1,"win_rate":0,"timestamp":1567302221,"path_taken":["M","?","$","?","?","R","E","M","T","?","M"],"build_version":"2019-07-17","purchased_purges":0,"victory":false,"max_hp_per_floor":[71,71,71,71,71,71,71,71,71,71,71],"card_choices":[{"not_picked":["Scrape","Streamline"],"picked":"Glacier","floor":1},{"not_picked":["Rebound","Ball Lightning","Hologram"],"picked":"SKIP","floor":4},{"not_picked":["Fission","Beam Cell","Streamline"],"picked":"SKIP","floor":7},{"not_picked":["Compile Driver","Barrage"],"picked":"Go for the Eyes","floor":8}],"player_experience":1022649,"relics_obtained":[{"floor":7,"key":"Blood Vial"},{"floor":9,"key":"Anchor"}],"event_choices":[{"cards_removed":["Defend_B"],"damage_healed":0,"gold_gain":0,"player_choice":"Offered Basic","damage_taken":0,"max_hp_gain":0,"max_hp_loss":0,"event_name":"Bonfire Elementals","floor":2,"gold_loss":0},{"damage_healed":0,"gold_gain":0,"player_choice":"Entered Light","damage_taken":21,"max_hp_gain":0,"max_hp_loss":0,"event_name":"Shining Light","floor":5,"gold_loss":0,"cards_upgraded":["Defend_B","Strike_B"]},{"damage_healed":0,"gold_gain":0,"player_choice":"Forge","damage_taken":0,"max_hp_gain":0,"max_hp_loss":0,"event_name":"Accursed Blacksmith","floor":10,"gold_loss":0,"cards_upgraded":["Glacier"]}],"is_beta":false,"boss_relics":[],"items_purged_floors":[],"is_endless":false,"potions_floor_spawned":[1,4],"killed_by":"Gremlin Gang","ascension_level":15}