{"gold_per_floor":[113,128,303,303,94,120,120,130,130,155,155,169,124,124,124,222,222,238,248,196,210,309,309,322,179,205,205,205,220,220,239,239,341,341,360,229,0,0,0,34,34,45,70,89,89],"floor_reached":45,"playtime":1325,"items_purged":["Doubt","Pain"],"score":551,"play_id":"cec5c548-82c1-4e86-8578-737debc495ee","local_time":"20190430075631","is_ascension_mode":false,"campfire_choices":[{"data":"Glacier","floor":7,"key":"SMITH"},{"data":"Gash","floor":11,"key":"SMITH"},{"data":"Gash","floor":15,"key":"SMITH"},{"data":"Gash","floor":23,"key":"SMITH"},{"data":"Defragment","floor":27,"key":"SMITH"},{"data":"Gash","floor":32,"key":"SMITH"},{"data":"Defragment","floor":41,"key":"SMITH"}],"neow_cost":"NONE","seed_source_timestamp":536878344558804,"circlet_count":0,"master_deck":["Zap","Dualcast","Defragment+1","Gash+1","Leap","Blizzard","Glacier+1","Gash+1","Barrage","Coolheaded","Gash+1","Double Energy","Gash+1","Go for the Eyes","Defragment+1","Leap","Double Energy","Heatsinks","Echo Form","Meteor Strike","Leap","Streamline","Redo","Chaos","Gash+1","Defragment+1","Defragment+1"],"relics":["Cracked Core","NeowsBlessing","Pear","Smiling Mask","Juzu Bracelet","Velvet Choker","Bronze Scales","Ancient Tea Set","WarpedTongs","Pandora\u0027s Box","Red Mask","FossilizedHelix","DataDisk"],"potions_floor_usage":[16,33],"damage_taken":[{"damage":0,"enemies":"Small Slimes","floor":1,"turns":1},{"damage":0,"enemies":"2 Louse","floor":2,"turns":1},{"damage":0,"enemies":"Lagavulin","floor":6,"turns":1},{"damage":0,"enemies":"Cultist","floor":8,"turns":4},{"damage":52,"enemies":"Gremlin Nob","floor":10,"turns":6},{"damage":2,"enemies":"Blue Slaver","floor":12,"turns":4},{"damage":23,"enemies":"Slime Boss","floor":16,"turns":10},{"damage":4,"enemies":"Shell Parasite","floor":18,"turns":7},{"damage":7,"enemies":"3 Byrds","floor":19,"turns":5},{"damage":9,"enemies":"Snake Plant","floor":21,"turns":6},{"damage":10,"enemies":"Centurion and Healer","floor":24,"turns":7},{"damage":8,"enemies":"Sentry and Sphere","floor":29,"turns":6},{"damage":3,"enemies":"Snecko","floor":31,"turns":5},{"damage":11,"enemies":"Champ","floor":33,"turns":15},{"damage":50,"enemies":"3 Shapes","floor":35,"turns":5},{"damage":22,"enemies":"Nemesis","floor":40,"turns":9},{"damage":0,"enemies":"Orb Walker","floor":42,"turns":5},{"damage":17,"enemies":"3 Darklings","floor":44,"turns":6},{"damage":16,"enemies":"Spire Growth","floor":45,"turns":2}],"seed_played":"-7649195237502686808","potions_obtained":[{"floor":1,"key":"GamblersBrew"},{"floor":6,"key":"Explosive Potion"},{"floor":19,"key":"Block Potion"},{"floor":31,"key":"FearPotion"},{"floor":44,"key":"Ancient Potion"}],"is_trial":false,"path_per_floor":["M","M","?","?","$","E","R","M","T","E","R","M","$","?","R","B",null,"M","M","$","M","?","R","M","?","T","R","?","M","?","M","R","B",null,"M","$","?","?","?","E","R","M","T","M","M"],"character_chosen":"DEFECT","items_purchased":["Leap","Blizzard","Coolheaded","Gash","Defragment"],"campfire_rested":0,"item_purchase_floors":[5,5,13,20,36],"current_hp_per_floor":[75,75,75,75,75,85,85,85,85,33,33,31,31,31,31,8,85,81,74,74,65,65,65,55,55,55,55,39,31,31,28,28,17,90,40,40,40,40,40,18,18,18,18,1,0],"gold":89,"neow_bonus":"THREE_ENEMY_KILL","is_prod":false,"is_daily":false,"chose_seed":false,"campfire_upgraded":7,"win_rate":0.0,"timestamp":1556628991,"path_taken":["M","M","?","?","$","E","R","M","T","E","R","M","$","?","R","BOSS","M","M","$","M","?","R","M","?","T","R","?","M","?","M","R","BOSS","M","?","?","?","?","E","R","M","T","M","M"],"build_version":"2019-01-23","purchased_purges":2,"victory":false,"max_hp_per_floor":[75,75,75,75,75,85,85,85,85,85,85,85,85,85,85,85,85,85,85,85,85,85,85,85,85,85,85,90,90,90,90,90,90,90,90,90,90,90,90,90,90,90,90,90,90],"card_choices":[{"not_picked":["Consume","Leap"],"picked":"Defragment","floor":1},{"not_picked":["Scrape","Doom and Gloom"],"picked":"Gash","floor":2},{"not_picked":["Melter","Ball Lightning"],"picked":"Glacier","floor":6},{"not_picked":["Streamline","Reinforced Body"],"picked":"Gash","floor":8},{"not_picked":["Core Surge","Ball Lightning","Sweeping Beam"],"picked":"SKIP","floor":10},{"not_picked":["Rebound","Darkness"],"picked":"Barrage","floor":12},{"not_picked":["Rip and Tear+1","Turbo+1"],"picked":"Gash","floor":18},{"not_picked":["Redo","Genetic Algorithm"],"picked":"Double Energy","floor":19},{"not_picked":["Conserve Battery","Recycle"],"picked":"Go for the Eyes","floor":21},{"not_picked":["Conserve Battery","Rebound"],"picked":"Defragment","floor":24},{"not_picked":["Barrage","Doom and Gloom+1","Redo"],"picked":"SKIP","floor":29},{"not_picked":["Compile Driver","Streamline"],"picked":"Leap","floor":31},{"not_picked":["Streamline+1","Steam Power+1"],"picked":"Gash","floor":35},{"not_picked":["Streamline","Hologram+1"],"picked":"Defragment+1","floor":40},{"not_picked":["Go for the Eyes","Doom and Gloom+1","Sweeping Beam"],"picked":"SKIP","floor":42},{"not_picked":["Beam Cell","Streamline","Stack+1"],"picked":"SKIP","floor":44}],"player_experience":104299,"relics_obtained":[{"floor":6,"key":"Pear"},{"floor":9,"key":"Smiling Mask"},{"floor":10,"key":"Juzu Bracelet"},{"floor":26,"key":"Ancient Tea Set"},{"floor":40,"key":"FossilizedHelix"},{"floor":43,"key":"DataDisk"}],"event_choices":[{"damage_healed":0,"gold_gain":175,"player_choice":"AGREE","damage_taken":0,"max_hp_gain":0,"max_hp_loss":0,"event_name":"Liars Game","floor":3,"gold_loss":0,"cards_obtained":["Doubt"]},{"damage_healed":0,"gold_gain":0,"player_choice":"Grow","damage_taken":0,"max_hp_gain":0,"max_hp_loss":0,"event_name":"Living Wall","floor":4,"gold_loss":0,"cards_upgraded":["Defragment"]},{"damage_healed":0,"gold_gain":0,"player_choice":"Ignored","damage_taken":0,"max_hp_gain":0,"max_hp_loss":0,"event_name":"Golden Wing","floor":14,"gold_loss":0},{"damage_healed":0,"gold_gain":99,"player_choice":"Stole From Cult","damage_taken":0,"max_hp_gain":0,"max_hp_loss":0,"event_name":"Nest","floor":22,"gold_loss":0},{"damage_healed":0,"gold_gain":0,"player_choice":"Paid Gold","damage_taken":0,"relics_obtained":["Bronze Scales"],"max_hp_gain":0,"max_hp_loss":0,"event_name":"WeMeetAgain","floor":25,"gold_loss":143},{"damage_healed":0,"gold_gain":0,"player_choice":"Shed Blood","damage_taken":21,"max_hp_gain":5,"max_hp_loss":0,"event_name":"Forgotten Altar","floor":28,"gold_loss":0},{"damage_healed":0,"gold_gain":0,"player_choice":"Rummage","damage_taken":0,"relics_obtained":["WarpedTongs"],"max_hp_gain":0,"max_hp_loss":0,"event_name":"Accursed Blacksmith","floor":30,"gold_loss":0,"cards_obtained":["Pain"]},{"damage_healed":0,"gold_gain":0,"player_choice":"Paid","damage_taken":0,"relics_obtained":["Red Mask"],"max_hp_gain":0,"max_hp_loss":0,"event_name":"Tomb of Lord Red Mask","floor":37,"gold_loss":229},{"damage_healed":0,"gold_gain":0,"player_choice":"Upgraded","damage_taken":0,"max_hp_gain":0,"max_hp_loss":0,"event_name":"Upgrade Shrine","floor":38,"gold_loss":0,"cards_upgraded":["Gash"]},{"damage_healed":0,"gold_gain":0,"player_choice":"Ignored","damage_taken":0,"max_hp_gain":0,"max_hp_loss":0,"event_name":"Mysterious Sphere","floor":39,"gold_loss":0}],"is_beta":false,"boss_relics":[{"not_picked":["Runic Pyramid","Ectoplasm"],"picked":"Velvet Choker"},{"not_picked":["Philosopher\u0027s Stone","Busted Crown"],"picked":"Pandora\u0027s Box"}],"items_purged_floors":[5,36],"is_endless":false,"potions_floor_spawned":[1,6,19,31,44],"killed_by":"Spire Growth","ascension_level":0}