{"gold_per_floor":[110,60,14,33,45,70,70,85,85,85,115,40,74,84,84,187,187,201,201,125,125,125,125,135,154,201,164,164],"floor_reached":28,"playtime":1615,"items_purged":[],"score":226,"play_id":"7e46d1d9-1334-4b25-9fc1-5a419f0986cf","local_time":"20180802020558","is_ascension_mode":false,"campfire_choices":[{"data":"Creative AI","floor":7.0,"key":"SMITH"},{"floor":15,"key":"REST"},{"floor":23,"key":"REST"}],"neow_cost":"TEN_PERCENT_HP_LOSS","seed_source_timestamp":0,"circlet_count":0,"master_deck":["Strike_B","Strike_B","Strike_B","Strike_B","Defend_B","Defend_B","Zap","Dualcast","Creative AI+1","Barrage","Go for the Eyes","Conserve Battery","Self Repair","Doom and Gloom","Undo","Leap","Electrodynamics","Streamline+1","Double Energy","Loop+1","Doom and Gloom"],"special_seed":0,"relics":["Cracked Core","Bottled Tornado","Dodecahedron","Ancient Tea Set","Empty Cage","Potion Belt"],"potions_floor_usage":[16,24,25,28],"damage_taken":[{"damage":6.0,"enemies":"Cultist","floor":1.0,"turns":3.0},{"damage":10.0,"enemies":"2 Louse","floor":4.0,"turns":3.0},{"damage":15.0,"enemies":"Small Slimes","floor":5.0,"turns":5.0},{"damage":11.0,"enemies":"Lagavulin","floor":6.0,"turns":7.0},{"damage":9.0,"enemies":"Gremlin Gang","floor":8.0,"turns":4.0},{"damage":36,"enemies":"3 Sentries","floor":13,"turns":6},{"damage":1,"enemies":"Large Slime","floor":14,"turns":4},{"damage":28,"enemies":"Slime Boss","floor":16,"turns":6},{"damage":34,"enemies":"Shell Parasite","floor":18,"turns":5},{"damage":6,"enemies":"Chosen","floor":24,"turns":4},{"damage":37,"enemies":"Snake Plant","floor":25,"turns":5},{"damage":29,"enemies":"Centurion and Healer","floor":28,"turns":5}],"seed_played":"-3428759765620489539","potions_obtained":[{"floor":6.0,"key":"SteroidPotion"},{"floor":8.0,"key":"FocusPotion"},{"floor":14,"key":"PowerPotion"},{"floor":16,"key":"Block Potion"},{"floor":25,"key":"Regen Potion"}],"is_trial":false,"path_per_floor":["M","?","$","M","M","E","R","M","T","?","?","$","E","M","R","B",null,"M","?","$","?","$","R","M","M","T","$"],"character_chosen":"DEFECT","items_purchased":["Go for the Eyes","Hello World","Loop","Doom and Gloom"],"campfire_rested":2,"item_purchase_floors":[3,12,20,27],"current_hp_per_floor":[62,62,62,52,37,33,33,31,31,53,53,53,24,30,50,29,68,34,34,34,34,34,54,48,18,18,18,0],"gold":164,"neow_bonus":"THREE_RARE_CARDS","is_prod":false,"is_daily":false,"chose_seed":false,"campfire_upgraded":1,"win_rate":0.0,"timestamp":1533193558,"path_taken":["M","?","$","M","M","E","R","M","T","?","?","$","E","M","R","BOSS","M","?","$","?","$","R","M","M","T","?","M"],"build_version":"2018-07-26","purchased_purges":0,"victory":false,"max_hp_per_floor":[68,68,68,68,68,68,68,68,68,68,68,68,68,68,68,68,68,68,68,68,68,68,68,68,68,68,68,68],"card_choices":[{"not_picked":["Seek","Amplify"],"picked":"Creative AI","floor":0.0},{"not_picked":["Cold Snap","Beam Cell"],"picked":"Barrage","floor":1.0},{"not_picked":["Ball Lightning","Sweeping Beam"],"picked":"Conserve Battery","floor":4.0},{"not_picked":["Steam Power","Beam Cell"],"picked":"Self Repair","floor":5.0},{"not_picked":["Beam Cell","Skim"],"picked":"Doom and Gloom","floor":6.0},{"not_picked":["Coolheaded","Machine Learning"],"picked":"Undo","floor":8.0},{"not_picked":["Heatsinks","Steam","Scrape"],"picked":"SKIP","floor":13},{"not_picked":["Rebound","Beam Cell"],"picked":"Leap","floor":14},{"not_picked":["Amplify","Creative AI"],"picked":"Electrodynamics","floor":16},{"not_picked":["Cold Snap","Melter"],"picked":"Streamline+1","floor":18},{"not_picked":["Beam Cell","Steam","Compile Driver"],"picked":"SKIP","floor":24},{"not_picked":["Static Discharge","Gash","Self Repair"],"picked":"SKIP","floor":25}],"player_experience":11001,"relics_obtained":[{"floor":6.0,"key":"Bottled Tornado"},{"floor":9.0,"key":"Dodecahedron"},{"floor":13,"key":"Ancient Tea Set"},{"floor":26,"key":"Potion Belt"}],"event_choices":[{"event_name":"The Cleric","player_choice":"Card Removal","floor":2.0,"damage_taken":0.0},{"event_name":"Big Fish","player_choice":"Banana","floor":10.0,"damage_taken":0.0},{"event_name":"Dead Adventurer","player_choice":"Searched \u00272\u0027 times","floor":11.0,"damage_taken":0.0},{"event_name":"The Library","player_choice":"Read","floor":19,"damage_taken":0},{"event_name":"Upgrade Shrine","player_choice":"Upgraded","floor":21,"damage_taken":0}],"is_beta":false,"boss_relics":[{"not_picked":["Eternal Feather","Ectoplasm"],"picked":"Empty Cage"}],"items_purged_floors":[],"is_endless":false,"potions_floor_spawned":[6,8,14,16,25],"killed_by":"Centurion and Healer","ascension_level":0}