{"gold_per_floor":[115,134,213,223,223,223,248,248,248,267,302,327,327,327,327,424,424,437,537,537,537,41,41,41,58,58,58,76,93,118,138,138,240,240,258,258,258,269,28,58,71,83,107,119,137,137,182,86,86,86],"floor_reached":51,"playtime":1724,"items_purged":["Armaments+1"],"score":871,"play_id":"94b440b0-064f-4e56-8ee9-5e10a5dcea43","local_time":"20190222205411","is_ascension_mode":true,"campfire_choices":[{"data":"Armaments","floor":6,"key":"SMITH"},{"data":"Perfected Strike","floor":8,"key":"SMITH"},{"floor":13,"key":"REST"},{"data":"Pommel Strike","floor":15,"key":"SMITH"},{"floor":23,"key":"REST"},{"data":"Bludgeon","floor":27,"key":"SMITH"},{"floor":32,"key":"REST"},{"data":"Corruption","floor":49,"key":"SMITH"}],"neow_cost":"PERCENT_DAMAGE","seed_source_timestamp":615237467191890,"circlet_count":0,"master_deck":["Strike_R+1","Strike_R+1","Strike_R+1","Strike_R+1","Strike_R+1","Defend_R+1","Defend_R+1","Defend_R+1","Defend_R+1","Bash","Bludgeon+1","Headbutt","Twin Strike+1","Perfected Strike+1","Twin Strike","Pommel Strike+1","Double Tap","Flame Barrier+1","Wild Strike","Corruption+1","Twin Strike","Pommel Strike+1","Impervious","Secret Weapon","Metallicize+1"],"relics":["Burning Blood","Singing Bowl","War Paint","Mercury Hourglass","Omamori","Odd Mushroom","Black Star","Ginger","The Courier","Necronomicon","Membership Card","Art of War","Vajra","Orichalcum","Paper Frog","Oddly Smooth Stone","Mummified Hand","Bronze Scales","Centennial Puzzle","Cursed Key","Magic Flower","StoneCalendar","PreservedInsect","Thread and Needle","Red Skull","Dead Branch","Bag of Marbles"],"potions_floor_usage":[16,16,19,30,50,50],"damage_taken":[{"damage":14,"enemies":"Small Slimes","floor":1,"turns":3},{"damage":6,"enemies":"Jaw Worm","floor":2,"turns":4},{"damage":0,"enemies":"2 Louse","floor":4,"turns":3},{"damage":21,"enemies":"3 Sentries","floor":7,"turns":6},{"damage":6,"enemies":"Looter","floor":10,"turns":2},{"damage":23,"enemies":"Lagavulin","floor":11,"turns":5},{"damage":10,"enemies":"The Mushroom Lair","floor":12,"turns":3},{"damage":14,"enemies":"Hexaghost","floor":16,"turns":8},{"damage":22,"enemies":"Shell Parasite","floor":18,"turns":5},{"damage":28,"enemies":"Colosseum Slavers","floor":19,"turns":4},{"damage":15,"enemies":"Colosseum Nobs","floor":19,"turns":6},{"damage":6,"enemies":"Chosen","floor":25,"turns":3},{"damage":7,"enemies":"3 Cultists","floor":28,"turns":4},{"damage":0,"enemies":"Snecko","floor":29,"turns":3},{"damage":29,"enemies":"Gremlin Leader","floor":30,"turns":4},{"damage":6,"enemies":"Snake Plant","floor":31,"turns":3},{"damage":19,"enemies":"Champ","floor":33,"turns":6},{"damage":13,"enemies":"3 Darklings","floor":35,"turns":4},{"damage":2,"enemies":"3 Shapes","floor":38,"turns":3},{"damage":12,"enemies":"Reptomancer","floor":40,"turns":2},{"damage":4,"enemies":"Spire Growth","floor":41,"turns":3},{"damage":0,"enemies":"4 Shapes","floor":42,"turns":3},{"damage":3,"enemies":"Jaw Worm Horde","floor":44,"turns":2},{"damage":9,"enemies":"Spire Growth","floor":45,"turns":3},{"damage":14,"enemies":"2 Orb Walkers","floor":47,"turns":4},{"damage":43,"enemies":"Time Eater","floor":50,"turns":7}],"seed_played":"5891865060270616559","potions_obtained":[{"floor":1,"key":"LiquidBronze"},{"floor":4,"key":"Swift Potion"},{"floor":10,"key":"BloodPotion"},{"floor":16,"key":"Swift Potion"},{"floor":29,"key":"SkillPotion"},{"floor":31,"key":"SneckoOil"},{"floor":41,"key":"Explosive Potion"},{"floor":44,"key":"PowerPotion"},{"floor":47,"key":"Strength Potion"}],"is_trial":false,"path_per_floor":["M","M","?","M","?","R","E","R","T","M","E","?","R","?","R","B",null,"M","?","?","?","$","R","?","M","T","R","M","M","E","M","R","B",null,"M","?","?","M","$","E","M","M","T","M","M","?","?","$","R","B",null],"character_chosen":"IRONCLAD","items_purchased":["Membership Card","Art of War","Vajra","Orichalcum","Paper Frog","Oddly Smooth Stone","Magic Flower","StoneCalendar","Bag of Marbles"],"campfire_rested":3,"item_purchase_floors":[22,22,22,22,22,22,39,39,48],"current_hp_per_floor":[48,48,48,54,51,51,36,36,36,36,21,17,41,25,25,25,82,66,35,35,19,19,43,43,43,43,43,42,50,29,31,57,44,88,83,78,69,73,73,72,79,90,90,98,100,100,97,97,97,63],"gold":86,"neow_bonus":"THREE_RARE_CARDS","is_prod":false,"is_daily":false,"chose_seed":false,"campfire_upgraded":5,"win_rate":0,"timestamp":1550890451,"path_taken":["M","M","?","M","?","R","E","R","T","M","E","?","R","?","R","BOSS","M","?","?","?","$","R","?","M","T","R","M","?","E","M","R","BOSS","M","?","?","?","$","E","M","M","T","M","M","?","?","?","R","BOSS"],"build_version":"2019-01-23","purchased_purges":1,"victory":true,"max_hp_per_floor":[80,80,80,80,80,80,80,80,80,80,82,82,82,82,82,82,82,82,82,82,82,82,82,82,82,82,82,82,84,86,88,88,88,88,90,90,90,90,90,92,94,96,96,98,100,100,102,102,102,102],"card_choices":[{"not_picked":["Impervious","Juggernaut"],"picked":"Bludgeon","floor":0},{"not_picked":["Fire Breathing","Havoc"],"picked":"Headbutt","floor":1},{"not_picked":["Ghostly Armor","Spot Weakness"],"picked":"Twin Strike","floor":2},{"not_picked":["Sentinel","Fire Breathing"],"picked":"Armaments","floor":4},{"not_picked":["Cleave","Shrug It Off"],"picked":"Perfected Strike","floor":7},{"not_picked":["Body Slam","Clothesline"],"picked":"Twin Strike","floor":10},{"not_picked":["Cleave","Burning Pact","Battle Trance"],"picked":"Singing Bowl","floor":11},{"not_picked":["Armaments","Rupture"],"picked":"Pommel Strike","floor":12},{"not_picked":["Juggernaut","Barricade"],"picked":"Double Tap","floor":16},{"not_picked":["Pommel Strike","Cleave"],"picked":"Flame Barrier+1","floor":18},{"not_picked":["Intimidate","Shrug It Off+1"],"picked":"Wild Strike","floor":19},{"not_picked":["Flex","Clash+1"],"picked":"Twin Strike","floor":25},{"not_picked":["Carnage","True Grit"],"picked":"Pommel Strike+1","floor":28},{"not_picked":["Iron Wave","Exhume","Cleave"],"picked":"Singing Bowl","floor":29},{"not_picked":["Spot Weakness","Heavy Blade","Disarm"],"picked":"Singing Bowl","floor":30},{"not_picked":["Havoc","Warcry","Heavy Blade+1"],"picked":"Singing Bowl","floor":31},{"not_picked":["Berserk","Limit Break"],"picked":"Impervious","floor":33},{"not_picked":["Reckless Charge+1","Iron Wave+1","Battle Trance+1"],"picked":"Singing Bowl","floor":35},{"not_picked":["Thinking Ahead","PanicButton"],"picked":"Secret Weapon","floor":36},{"not_picked":["Deep Breath","Finesse"],"picked":"Good Instincts","floor":36},{"not_picked":["Sentinel+1","Rage+1"],"picked":"Metallicize+1","floor":38},{"not_picked":["Pummel+1","Spot Weakness+1","Clothesline"],"picked":"Singing Bowl","floor":40},{"not_picked":["Armaments","Intimidate","Thunderclap"],"picked":"Singing Bowl","floor":41},{"not_picked":["Searing Blow+1","Anger+1","Clash+1"],"picked":"Singing Bowl","floor":42},{"not_picked":["Infernal Blade+1","True Grit+1","Thunderclap+1"],"picked":"Singing Bowl","floor":44},{"not_picked":["Power Through+1","Body Slam+1","Dark Embrace"],"picked":"Singing Bowl","floor":45},{"not_picked":["Disarm+1","Fire Breathing","Iron Wave+1"],"picked":"Singing Bowl","floor":47}],"player_experience":317846,"relics_obtained":[{"floor":7,"key":"War Paint"},{"floor":9,"key":"Mercury Hourglass"},{"floor":11,"key":"Omamori"},{"floor":12,"key":"Odd Mushroom"},{"floor":19,"key":"Ginger"},{"floor":19,"key":"The Courier"},{"floor":21,"key":"Necronomicon"},{"floor":26,"key":"Mummified Hand"},{"floor":30,"key":"Bronze Scales"},{"floor":30,"key":"Centennial Puzzle"},{"floor":40,"key":"PreservedInsect"},{"floor":40,"key":"Thread and Needle"},{"floor":43,"key":"Red Skull"},{"floor":47,"key":"Dead Branch"}],"event_choices":[{"damage_healed":0,"gold_gain":79,"player_choice":"Gained Gold","damage_taken":0,"max_hp_gain":0,"max_hp_loss":0,"event_name":"Golden Wing","floor":3,"gold_loss":0},{"damage_healed":0,"gold_gain":0,"player_choice":"Success","damage_taken":3,"relics_obtained":["Singing Bowl"],"max_hp_gain":0,"max_hp_loss":0,"event_name":"Scrap Ooze","floor":5,"gold_loss":0},{"damage_healed":0,"gold_gain":0,"player_choice":"Fought Mushrooms","damage_taken":0,"max_hp_gain":0,"max_hp_loss":0,"event_name":"Mushrooms","floor":12,"gold_loss":0},{"damage_healed":0,"gold_gain":0,"player_choice":"Entered Light","damage_taken":16,"max_hp_gain":0,"max_hp_loss":0,"event_name":"Shining Light","floor":14,"gold_loss":0,"cards_upgraded":["Strike_R","Twin Strike"]},{"damage_healed":0,"gold_gain":0,"player_choice":"Fight","damage_taken":0,"max_hp_gain":0,"max_hp_loss":0,"event_name":"Colosseum","floor":19,"gold_loss":0},{"damage_healed":0,"gold_gain":0,"player_choice":"Fought Nobs","damage_taken":0,"max_hp_gain":0,"max_hp_loss":0,"event_name":"Colosseum","floor":19,"gold_loss":0},{"damage_healed":0,"gold_gain":0,"player_choice":"Read","damage_taken":0,"max_hp_gain":0,"max_hp_loss":0,"event_name":"The Library","floor":20,"gold_loss":0,"cards_obtained":["Corruption"]},{"damage_healed":0,"gold_gain":0,"player_choice":"Obtained Book","damage_taken":16,"max_hp_gain":0,"max_hp_loss":0,"event_name":"Cursed Tome","floor":21,"gold_loss":0},{"damage_healed":0,"gold_gain":0,"player_choice":"Simplicity","damage_taken":0,"max_hp_gain":0,"max_hp_loss":0,"event_name":"Back to Basics","floor":24,"gold_loss":0,"cards_upgraded":["Strike_R","Strike_R","Strike_R","Strike_R","Defend_R","Defend_R"]},{"damage_healed":0,"gold_gain":0,"player_choice":"Memory 2","damage_taken":5,"max_hp_gain":0,"max_hp_loss":0,"event_name":"SensoryStone","floor":36,"gold_loss":0},{"damage_healed":0,"gold_gain":0,"player_choice":"Damaged","damage_taken":9,"max_hp_gain":0,"max_hp_loss":0,"event_name":"Wheel of Change","floor":37,"gold_loss":0},{"cards_removed":["Good Instincts"],"damage_healed":0,"gold_gain":0,"player_choice":"Removed Skill","damage_taken":0,"max_hp_gain":0,"max_hp_loss":0,"event_name":"Falling","floor":46,"gold_loss":0},{"damage_healed":0,"gold_gain":0,"player_choice":"Fight","damage_taken":0,"max_hp_gain":0,"max_hp_loss":0,"event_name":"Mysterious Sphere","floor":47,"gold_loss":0}],"is_beta":false,"boss_relics":[{"not_picked":["Fusion Hammer","Coffee Dripper"],"picked":"Black Star"},{"not_picked":["Orrery","Mark of Pain"],"picked":"Cursed Key"}],"items_purged_floors":[48],"is_endless":false,"potions_floor_spawned":[1,4,10,16,19,29,31,41,44,45,47],"ascension_level":2}