{"gold_per_floor":[114,133,145,162,177,177,187,218,267,279,309,343,343],"floor_reached":13,"playtime":1350,"items_purged":[],"score":99,"play_id":"3db9f209-88b8-4817-a124-b63dd2db7fb6","local_time":"20190917070554","is_ascension_mode":false,"campfire_choices":[{"data":"Zap","floor":6,"key":"SMITH"}],"neow_cost":"NONE","seed_source_timestamp":466191714443700,"circlet_count":0,"master_deck":["Strike_B","Strike_B","Strike_B","Strike_B","Defend_B","Defend_B","Defend_B","Defend_B","Zap+1","Dualcast","Force Field","Redo","Stack","Hello World","Cold Snap","Defragment","Chaos","Double Energy"],"relics":["Cracked Core","NeowsBlessing","Regal Pillow","Vajra","Tiny Chest","Gremlin Horn"],"potions_floor_usage":[],"damage_taken":[{"damage":0,"enemies":"Cultist","floor":1,"turns":1},{"damage":0,"enemies":"Jaw Worm","floor":2,"turns":1},{"damage":0,"enemies":"2 Louse","floor":3,"turns":1},{"damage":7,"enemies":"Blue Slaver","floor":4,"turns":4},{"damage":10,"enemies":"Looter","floor":5,"turns":4},{"damage":6,"enemies":"2 Fungi Beasts","floor":7,"turns":4},{"damage":21,"enemies":"3 Sentries","floor":8,"turns":9},{"damage":17,"enemies":"Exordium Thugs","floor":10,"turns":4},{"damage":13,"enemies":"Lagavulin","floor":12,"turns":7},{"damage":4,"enemies":"Gremlin Gang","floor":13,"turns":1}],"seed_played":"-663751898481741290","potions_obtained":[{"floor":3,"key":"AttackPotion"},{"floor":5,"key":"Weak Potion"},{"floor":7,"key":"Block Potion"},{"floor":12,"key":"LiquidBronze"}],"is_trial":false,"path_per_floor":["M","M","M","M","M","R","M","E","T","M","?","E","M"],"character_chosen":"DEFECT","items_purchased":[],"campfire_rested":0,"item_purchase_floors":[],"current_hp_per_floor":[75,75,75,68,58,58,52,31,31,14,14,1,0],"gold":343,"neow_bonus":"THREE_ENEMY_KILL","is_prod":false,"is_daily":false,"chose_seed":false,"campfire_upgraded":1,"win_rate":0.0,"timestamp":1568714754,"path_taken":["M","M","M","M","M","R","M","E","T","M","?","E","M"],"build_version":"2019-07-17","purchased_purges":0,"victory":false,"max_hp_per_floor":[75,75,75,75,75,75,75,75,75,75,75,75,75],"card_choices":[{"not_picked":["Hologram","Go for the Eyes"],"picked":"Force Field","floor":1},{"not_picked":["Blizzard","Creative AI"],"picked":"Redo","floor":2},{"not_picked":["Storm","BootSequence"],"picked":"Stack","floor":3},{"not_picked":["Fusion","Stack"],"picked":"Hello World","floor":4},{"not_picked":["Blizzard","Aggregate"],"picked":"Cold Snap","floor":5},{"not_picked":["Compile Driver","Steam"],"picked":"Defragment","floor":7},{"not_picked":["Fusion","Self Repair"],"picked":"Chaos","floor":8},{"not_picked":["Steam","Biased Cognition","Tempest"],"picked":"SKIP","floor":10},{"not_picked":["Aggregate","Compile Driver"],"picked":"Double Energy","floor":12}],"player_experience":28375,"relics_obtained":[{"floor":8,"key":"Regal Pillow"},{"floor":9,"key":"Vajra"},{"floor":12,"key":"Gremlin Horn"}],"event_choices":[{"damage_healed":0,"gold_gain":0,"player_choice":"Gave Potion","damage_taken":0,"relics_obtained":["Tiny Chest"],"max_hp_gain":0,"max_hp_loss":0,"event_name":"WeMeetAgain","floor":11,"gold_loss":0}],"is_beta":false,"boss_relics":[],"items_purged_floors":[],"is_endless":false,"potions_floor_spawned":[3,5,7,10,12],"killed_by":"Gremlin Gang","ascension_level":0}