{"gold_per_floor":[110,23,73,3,20,31,31,49,76,76,76,96,116,129,129,227,227,227,5,24,24,44,44,44,44,44,54,80,80],"floor_reached":29,"playtime":3306,"items_purged":[],"score":237,"play_id":"3d1a268a-2725-4b59-930c-857ae7a34f01","local_time":"20190919211941","is_ascension_mode":false,"campfire_choices":[{"floor":10.0,"key":"REST"},{"floor":15.0,"key":"REST"},{"floor":23,"key":"REST"},{"floor":25,"key":"REST"}],"neow_cost":"NONE","seed_source_timestamp":858188624975493,"circlet_count":0,"master_deck":["Strike_G","Strike_G","Defend_G","Defend_G","Defend_G","Defend_G","Defend_G","Survivor","Neutralize","Riddle With Holes+1","Bane+1","Phantasmal Killer+1","Dodge and Roll","Mind Blast","Noxious Fumes","Deflect","PiercingWail","Calculated Gamble","Parasite","Poisoned Stab","Finisher","Slice","Corpse Explosion","Catalyst","Skewer+1","Blur+1","Prepared+1","Backstab"],"special_seed":0,"relics":["Astrolabe","Ancient Tea Set","Boot","Oddly Smooth Stone","Bottled Lightning","Shuriken","Toy Ornithopter"],"potions_floor_usage":[22,27],"damage_taken":[{"damage":0.0,"enemies":"Small Slimes","floor":1.0,"turns":2.0},{"damage":9.0,"enemies":"2 Louse","floor":5.0,"turns":3.0},{"damage":7.0,"enemies":"Jaw Worm","floor":6.0,"turns":3.0},{"damage":5.0,"enemies":"Red Slaver","floor":8.0,"turns":5.0},{"damage":6.0,"enemies":"Exordium Wildlife","floor":12.0,"turns":3.0},{"damage":1.0,"enemies":"2 Fungi Beasts","floor":13.0,"turns":4.0},{"damage":10.0,"enemies":"Looter","floor":14.0,"turns":2.0},{"damage":13.0,"enemies":"Hexaghost","floor":16.0,"turns":9.0},{"damage":9.0,"enemies":"Chosen","floor":18.0,"turns":4.0},{"damage":12.0,"enemies":"3 Byrds","floor":20.0,"turns":3.0},{"damage":45,"enemies":"Shelled Parasite and Fungi","floor":22,"turns":7},{"damage":4,"enemies":"Cultist and Chosen","floor":27,"turns":4},{"damage":34,"enemies":"Slavers","floor":28,"turns":3},{"damage":12,"enemies":"Centurion and Healer","floor":29,"turns":1}],"seed_played":"9166407080991824454","potions_obtained":[{"floor":5.0,"key":"GhostInAJar"},{"floor":6.0,"key":"SmokeBomb"},{"floor":12.0,"key":"DuplicationPotion"},{"floor":22,"key":"SneckoOil"}],"is_trial":false,"path_per_floor":["M","$","?","$","M","M","?","M","T","R","?","M","M","M","R","B",null,"M","$","M","$","M","R","T","R","T","M","E","M"],"character_chosen":"THE_SILENT","items_purchased":["Mind Blast","Noxious Fumes","Catalyst","Oddly Smooth Stone"],"campfire_rested":4,"item_purchase_floors":[2,4,19,19],"current_hp_per_floor":[70,70,70,70,61,54,42,37,37,58,70,64,63,53,70,57,70,61,61,49,49,4,25,25,46,46,42,8,0],"gold":80,"neow_bonus":"BOSS_RELIC","is_prod":false,"is_daily":false,"chose_seed":false,"campfire_upgraded":0,"win_rate":0.0,"timestamp":1568891981,"path_taken":["M","$","?","$","M","M","?","M","T","R","?","?","M","M","R","BOSS","M","$","M","$","M","R","?","R","T","M","E","M"],"build_version":"2019-09-18","purchased_purges":0,"victory":false,"max_hp_per_floor":[70,70,70,70,70,70,70,70,70,70,70,70,70,70,70,70,70,70,70,70,70,70,70,70,70,70,70,70,70],"card_choices":[{"not_picked":["Deflect","Riddle With Holes"],"picked":"Dodge and Roll","floor":1.0},{"not_picked":["Backflip","Dodge and Roll"],"picked":"Deflect","floor":5.0},{"not_picked":["Backflip","Bane"],"picked":"PiercingWail","floor":6.0},{"not_picked":["Prepared","Bane"],"picked":"Calculated Gamble","floor":8.0},{"not_picked":["Noxious Fumes","Infinite Blades"],"picked":"Poisoned Stab","floor":12.0},{"not_picked":["Poisoned Stab","PiercingWail"],"picked":"Finisher","floor":13.0},{"not_picked":["Masterful Stab","Bouncing Flask"],"picked":"Slice","floor":14.0},{"not_picked":["Venomology","Malaise"],"picked":"Corpse Explosion","floor":16.0},{"not_picked":["Choke","Leg Sweep"],"picked":"Skewer+1","floor":20.0},{"not_picked":["Riddle With Holes","Dodge and Roll"],"picked":"Blur+1","floor":22},{"not_picked":["Calculated Gamble+1","Flying Knee"],"picked":"Prepared+1","floor":27},{"not_picked":["Slice","Deadly Poison"],"picked":"Backstab","floor":28}],"player_experience":40805,"relics_obtained":[{"floor":9.0,"key":"Boot"},{"floor":24,"key":"Bottled Lightning"},{"floor":26,"key":"Shuriken"},{"floor":28,"key":"Toy Ornithopter"}],"event_choices":[{"damage_healed":0.0,"max_hp_gain":0.0,"max_hp_loss":0.0,"gold_gain":50.0,"event_name":"Golden Wing","player_choice":"Gained Gold","floor":3.0,"gold_loss":0.0,"damage_taken":0.0},{"damage_healed":0.0,"max_hp_gain":0.0,"max_hp_loss":0.0,"gold_gain":0.0,"event_name":"Scrap Ooze","player_choice":"Success","floor":7.0,"gold_loss":0.0,"damage_taken":12.0,"relics_obtained":["Ancient Tea Set"]},{"damage_healed":17.0,"max_hp_gain":0.0,"max_hp_loss":0.0,"gold_gain":0.0,"event_name":"Mushrooms","player_choice":"Healed and dodged fight","floor":11.0,"gold_loss":0.0,"damage_taken":0.0,"cards_obtained":["Parasite"]}],"is_beta":true,"boss_relics":[{"not_picked":["Runic Dome","Velvet Choker","Snecko Eye"]}],"items_purged_floors":[],"is_endless":false,"potions_floor_spawned":[5,6,12,22],"killed_by":"Centurion and Healer","ascension_level":0}