{"gold_per_floor":[112,65,85,95,43,78,91,91,118,98,130,130,191,305,305,305],"floor_reached":16,"playtime":749,"items_purged":[],"score":121,"play_id":"6ff0ed39-2b3e-4ff1-aa2f-eecce65cfe6b","local_time":"20190908005515","is_ascension_mode":true,"campfire_choices":[{"data":"Defragment","floor":12,"key":"SMITH"},{"floor":15,"key":"REST"}],"neow_cost":"NONE","seed_source_timestamp":647381765458200,"circlet_count":0,"master_deck":["Strike_B","Strike_B","Strike_B","Strike_B","Defend_B","Defend_B","Defend_B","Defend_B","Zap","Dualcast","Amplify","Glacier","Coolheaded","Double Energy","Cold Snap","Sweeping Beam","Biased Cognition","Barrage","Defragment+1","Conserve Battery","Gash","Barrage"],"relics":["Cracked Core","Omamori","SsserpentHead","Oddly Smooth Stone","Strawberry","Blood Vial"],"potions_floor_usage":[2,14,14],"damage_taken":[{"damage":2,"enemies":"2 Louse","floor":1,"turns":3},{"damage":6,"enemies":"Cultist","floor":3,"turns":4},{"damage":2,"enemies":"Jaw Worm","floor":4,"turns":4},{"damage":7,"enemies":"3 Sentries","floor":6,"turns":10},{"damage":5,"enemies":"Lots of Slimes","floor":7,"turns":6},{"damage":27,"enemies":"Gremlin Nob","floor":11,"turns":6},{"damage":3,"enemies":"2 Fungi Beasts","floor":13,"turns":4},{"damage":22,"enemies":"Gremlin Nob","floor":14,"turns":5},{"damage":44,"enemies":"The Guardian","floor":16,"turns":11}],"seed_played":"6118414476833670034","potions_obtained":[{"floor":1,"key":"Fruit Juice"},{"floor":7,"key":"PowerPotion"},{"floor":11,"key":"GamblersBrew"},{"floor":13,"key":"Strength Potion"}],"is_trial":false,"path_per_floor":["M","$","M","M","$","E","M","?","T","$","E","R","M","?","R","B"],"character_chosen":"DEFECT","items_purchased":["Coolheaded","Sweeping Beam","Defragment"],"campfire_rested":1,"item_purchase_floors":[2,5,10],"current_hp_per_floor":[73,78,72,70,70,63,58,58,58,58,38,38,35,13,39,0],"gold":305,"neow_bonus":"ONE_RANDOM_RARE_CARD","is_prod":false,"is_daily":false,"chose_seed":false,"campfire_upgraded":1,"win_rate":0,"timestamp":1567922115,"path_taken":["M","$","M","M","$","E","M","?","T","?","E","R","?","?","R","BOSS"],"build_version":"2019-07-17","purchased_purges":0,"victory":false,"max_hp_per_floor":[75,80,80,80,80,80,80,80,80,80,87,87,87,87,87,87],"card_choices":[{"not_picked":["Darkness","Conserve Battery"],"picked":"Glacier","floor":1},{"not_picked":["Stack","Melter"],"picked":"Double Energy","floor":3},{"not_picked":["Heatsinks","Sweeping Beam"],"picked":"Cold Snap","floor":4},{"not_picked":["Conserve Battery","Scrape"],"picked":"Biased Cognition","floor":6},{"not_picked":["Reprogram","Reinforced Body"],"picked":"Barrage","floor":7},{"not_picked":["Storm","Reinforced Body"],"picked":"Conserve Battery","floor":11},{"not_picked":["Doom and Gloom","Biased Cognition"],"picked":"Gash","floor":13},{"not_picked":["Hello World","Redo"],"picked":"Barrage","floor":14}],"player_experience":162633,"relics_obtained":[{"floor":6,"key":"Omamori"},{"floor":9,"key":"Oddly Smooth Stone"},{"floor":11,"key":"Strawberry"},{"floor":14,"key":"Blood Vial"}],"event_choices":[{"damage_healed":0,"gold_gain":0,"player_choice":"Trade","damage_taken":0,"relics_obtained":["SsserpentHead"],"max_hp_gain":0,"max_hp_loss":0,"event_name":"FaceTrader","floor":8,"gold_loss":0},{"damage_healed":0,"gold_gain":0,"player_choice":"Searched \u00272\u0027 times","damage_taken":0,"max_hp_gain":0,"max_hp_loss":0,"event_name":"Dead Adventurer","floor":14,"gold_loss":0}],"is_beta":false,"boss_relics":[],"items_purged_floors":[],"is_endless":false,"potions_floor_spawned":[1,7,11,13],"killed_by":"The Guardian","ascension_level":2}