{"gold_per_floor":[109,109,109,89,112,112,135,171,171,184,184,30,55,68,68,68],"floor_reached":16,"playtime":750,"items_purged":["Strike_B"],"score":289,"play_id":"226fffe9-82d8-4384-9305-23f17b1f99de","local_time":"20190919180548","is_ascension_mode":true,"campfire_choices":[{"data":"Fission","floor":6.0,"key":"SMITH"},{"floor":11.0,"key":"REST"},{"data":"White Noise","floor":15.0,"key":"SMITH"}],"neow_cost":"NONE","seed_source_timestamp":530356327585499,"circlet_count":0,"master_deck":["AscendersBane","Strike_B","Strike_B","Strike_B","Defend_B","Defend_B","Defend_B","Defend_B","Zap","Dualcast","Fission+1","Compile Driver","White Noise+1","Defragment+1"],"special_seed":0,"relics":["Cracked Core","Golden Idol","Bird Faced Urn","Frozen Egg 2","Pocketwatch"],"potions_floor_usage":[16],"damage_taken":[{"damage":10.0,"enemies":"2 Louse","floor":1.0,"turns":4.0},{"damage":0.0,"enemies":"Small Slimes","floor":5.0,"turns":2.0},{"damage":6.0,"enemies":"Cultist","floor":7.0,"turns":4.0},{"damage":34.0,"enemies":"Lagavulin","floor":8.0,"turns":8.0},{"damage":0.0,"enemies":"Exordium Wildlife","floor":10.0,"turns":2.0},{"damage":11.0,"enemies":"Blue Slaver","floor":13.0,"turns":3.0},{"damage":7.0,"enemies":"2 Fungi Beasts","floor":14.0,"turns":3.0},{"damage":30,"enemies":"Slime Boss","floor":16,"turns":5}],"seed_played":"-6674324940634477456","potions_obtained":[{"floor":4.0,"key":"Fire Potion"},{"floor":5.0,"key":"Swift Potion"},{"floor":8.0,"key":"Fire Potion"}],"is_trial":false,"path_per_floor":["M","?","?","?","M","R","M","E","T","M","R","$","M","M","R","B"],"character_chosen":"DEFECT","items_purchased":["Defragment+1"],"campfire_rested":1,"item_purchase_floors":[12],"current_hp_per_floor":[54,54,43,43,43,43,37,3,3,5,24,24,17,16,16,0],"gold":68,"neow_bonus":"ONE_RANDOM_RARE_CARD","is_prod":false,"is_daily":false,"chose_seed":false,"campfire_upgraded":2,"win_rate":0,"timestamp":1568941548,"path_taken":["M","?","?","?","M","R","M","E","T","M","R","$","?","M","R","BOSS"],"build_version":"2019-07-17","purchased_purges":1,"victory":false,"max_hp_per_floor":[71,64,64,64,64,64,64,64,64,64,64,64,64,64,64,64],"card_choices":[{"not_picked":["Redo","Consume"],"picked":"Compile Driver","floor":1.0},{"not_picked":["Barrage","Compile Driver","Blizzard"],"picked":"SKIP","floor":5.0},{"not_picked":["Beam Cell","Redo","Turbo"],"picked":"SKIP","floor":7.0},{"not_picked":["Cold Snap","Hyperbeam"],"picked":"White Noise","floor":8.0},{"not_picked":["Rebound","Darkness","Gash"],"picked":"SKIP","floor":10.0},{"not_picked":["Redo","Barrage","Sweeping Beam"],"picked":"SKIP","floor":13.0},{"not_picked":["Recycle","Streamline","Barrage"],"picked":"SKIP","floor":14.0}],"player_experience":681933,"relics_obtained":[{"floor":8.0,"key":"Frozen Egg 2"},{"floor":9.0,"key":"Pocketwatch"}],"event_choices":[{"damage_healed":0.0,"max_hp_gain":0.0,"max_hp_loss":7.0,"gold_gain":0.0,"event_name":"Golden Idol","player_choice":"Lose Max HP","floor":2.0,"gold_loss":0.0,"damage_taken":0.0,"relics_obtained":["Golden Idol"]},{"damage_healed":0.0,"max_hp_gain":0.0,"max_hp_loss":0.0,"gold_gain":0.0,"event_name":"Scrap Ooze","player_choice":"Success","floor":3.0,"gold_loss":0.0,"damage_taken":11.0,"relics_obtained":["Bird Faced Urn"]},{"damage_healed":0.0,"max_hp_gain":0.0,"max_hp_loss":0.0,"gold_gain":0.0,"event_name":"The Woman in Blue","player_choice":"Bought 1 Potion","floor":4.0,"gold_loss":0.0,"damage_taken":0.0}],"is_beta":false,"boss_relics":[],"items_purged_floors":[12],"is_endless":false,"potions_floor_spawned":[5,8],"killed_by":"Slime Boss","ascension_level":18}