{"gold_per_floor":[116,130,130,148,164,192,192,219,219,219],"floor_reached":10,"playtime":441,"items_purged":[],"score":98,"play_id":"4e66d95a-d94b-4f4f-a03c-ff1533d85f3f","local_time":"20190304093011","is_ascension_mode":true,"campfire_choices":[{"floor":7,"key":"REST"}],"neow_cost":"NONE","seed_source_timestamp":470385751586905,"circlet_count":0,"master_deck":["Defend_G","Defend_G","Defend_G","Defend_G","Defend_G","Strike_G","Strike_G","Strike_G","Strike_G","Strike_G","Survivor","Neutralize","Accuracy","Dagger Throw","Blade Dance","PiercingWail","Well Laid Plans","Acrobatics"],"relics":["Ring of the Snake","Singing Bowl","Question Card","Art of War","Bottled Tornado"],"potions_floor_usage":[6],"damage_taken":[{"damage":5,"enemies":"Jaw Worm","floor":1,"turns":5},{"damage":7,"enemies":"Small Slimes","floor":2,"turns":4},{"damage":1,"enemies":"Cultist","floor":4,"turns":3},{"damage":14,"enemies":"3 Louse","floor":5,"turns":5},{"damage":15,"enemies":"3 Sentries","floor":6,"turns":8},{"damage":31,"enemies":"Lagavulin","floor":8,"turns":10},{"damage":31,"enemies":"Gremlin Nob","floor":10,"turns":3}],"seed_played":"2781323557697062257","potions_obtained":[{"floor":4,"key":"Explosive Potion"},{"floor":8,"key":"Fire Potion"}],"is_trial":false,"path_per_floor":["M","M","?","M","M","E","R","E","T","E"],"character_chosen":"THE_SILENT","items_purchased":[],"campfire_rested":1,"item_purchase_floors":[],"current_hp_per_floor":[72,65,53,52,38,23,46,15,15,0],"gold":219,"neow_bonus":"TEN_PERCENT_HP_BONUS","is_prod":false,"is_daily":false,"chose_seed":false,"campfire_upgraded":0,"win_rate":0,"timestamp":1551713411,"path_taken":["M","M","?","M","M","E","R","E","T","E"],"build_version":"2019-01-23","purchased_purges":0,"victory":false,"max_hp_per_floor":[77,77,77,77,77,77,77,77,77,77],"card_choices":[{"not_picked":["Outmaneuver","Bouncing Flask"],"picked":"Accuracy","floor":1},{"not_picked":["Tactician","Skewer"],"picked":"Dagger Throw","floor":2},{"not_picked":["Slice","Dagger Spray"],"picked":"Blade Dance","floor":4},{"not_picked":["Concentrate","Flying Knee"],"picked":"PiercingWail","floor":5},{"not_picked":["Heel Hook","Tactician"],"picked":"Well Laid Plans","floor":6},{"not_picked":["Grand Finale","Prepared","Masterful Stab"],"picked":"Acrobatics","floor":8}],"player_experience":332966,"relics_obtained":[{"floor":6,"key":"Question Card"},{"floor":8,"key":"Art of War"},{"floor":9,"key":"Bottled Tornado"}],"event_choices":[{"damage_healed":0,"gold_gain":0,"player_choice":"Success","damage_taken":12,"relics_obtained":["Singing Bowl"],"max_hp_gain":0,"max_hp_loss":0,"event_name":"Scrap Ooze","floor":3,"gold_loss":0}],"is_beta":false,"boss_relics":[],"items_purged_floors":[],"is_endless":false,"potions_floor_spawned":[4,8],"killed_by":"Gremlin Nob","ascension_level":5}