{"gold_per_floor":[110,110,110,122,133,133,152,152,152,152],"floor_reached":10,"playtime":270,"items_purged":[],"score":58,"play_id":"036a2b60-5ea4-444c-88ae-8f637c7ae45e","local_time":"20190501121605","is_ascension_mode":false,"campfire_choices":[{"data":"Genetic Algorithm","floor":6,"key":"SMITH"}],"neow_cost":"CURSE","seed_source_timestamp":639904606658534,"circlet_count":0,"master_deck":["Strike_B","Strike_B","Strike_B","Strike_B","Defend_B","Defend_B","Defend_B","Defend_B","Zap","Decay","Machine Learning","Cold Snap","Genetic Algorithm+1","Leap","Leap"],"relics":["Cracked Core","Gambling Chip","Mummified Hand"],"potions_floor_usage":[],"damage_taken":[{"damage":0,"enemies":"Cultist","floor":1,"turns":4},{"damage":5,"enemies":"Small Slimes","floor":4,"turns":4},{"damage":11,"enemies":"2 Louse","floor":5,"turns":4},{"damage":7,"enemies":"2 Fungi Beasts","floor":7,"turns":4},{"damage":36,"enemies":"Gremlin Nob","floor":10,"turns":5}],"seed_played":"309997400131088954","potions_obtained":[{"floor":4,"key":"Ancient Potion"},{"floor":5,"key":"FocusPotion"},{"floor":7,"key":"FocusPotion"}],"is_trial":false,"path_per_floor":["M","?","?","M","M","R","M","?","T","E"],"character_chosen":"DEFECT","items_purchased":[],"campfire_rested":0,"item_purchase_floors":[],"current_hp_per_floor":[75,63,56,51,40,40,33,33,33,0],"gold":152,"neow_bonus":"THREE_RARE_CARDS","is_prod":false,"is_daily":false,"chose_seed":false,"campfire_upgraded":1,"win_rate":0.0,"timestamp":1556730965,"path_taken":["M","?","?","M","M","R","M","?","T","E"],"build_version":"2019-01-23","purchased_purges":0,"victory":false,"max_hp_per_floor":[75,75,75,75,75,75,75,75,75,75],"card_choices":[{"not_picked":["All For One","Rainbow"],"picked":"Machine Learning","floor":0},{"not_picked":["Static Discharge","Compile Driver"],"picked":"Cold Snap","floor":1},{"not_picked":["Coolheaded","Redo"],"picked":"Genetic Algorithm","floor":4},{"not_picked":["Hologram","Streamline"],"picked":"Leap","floor":5},{"not_picked":["Force Field","FTL"],"picked":"Leap","floor":7}],"player_experience":107979,"relics_obtained":[{"floor":9,"key":"Mummified Hand"}],"event_choices":[{"damage_healed":0,"gold_gain":0,"player_choice":"Success","damage_taken":12,"relics_obtained":["Gambling Chip"],"max_hp_gain":0,"max_hp_loss":0,"event_name":"Scrap Ooze","floor":2,"gold_loss":0},{"cards_removed":["Dualcast"],"damage_healed":0,"gold_gain":0,"player_choice":"Card Removal","damage_taken":7,"max_hp_gain":0,"max_hp_loss":0,"event_name":"Golden Wing","floor":3,"gold_loss":0},{"damage_healed":0,"gold_gain":0,"player_choice":"Got Potions","damage_taken":0,"max_hp_gain":0,"max_hp_loss":0,"event_name":"Lab","floor":8,"gold_loss":0}],"is_beta":false,"boss_relics":[],"items_purged_floors":[],"is_endless":false,"potions_floor_spawned":[4,5,7],"killed_by":"Gremlin Nob","ascension_level":0}