{"gold_per_floor":[113,388,401,290,290,290,308,320,347,347,410,410,410,436,436,538,538,558,575,143,153,252,252,287,287,313,313,240,252,264,5,5,101,101,117,117,117,134,61,61,78,98,98,98,98,98,98],"floor_reached":47,"playtime":1508,"items_purged":["Rebound"],"score":487,"play_id":"662d0cad-f2a5-49cb-b5c8-a7ce25279bad","local_time":"20190419080401","is_ascension_mode":false,"campfire_choices":[{"data":"Genetic Algorithm","floor":6,"key":"SMITH"},{"data":"Loop","floor":10,"key":"SMITH"},{"data":"Glacier","floor":12,"key":"SMITH"},{"floor":15,"key":"REST"},{"data":"Zap","floor":23,"key":"SMITH"},{"floor":25,"key":"REST"},{"floor":32,"key":"REST"},{"data":"Loop","floor":40,"key":"SMITH"},{"floor":45,"key":"DIG"}],"neow_cost":"NONE","seed_source_timestamp":196693084593364,"circlet_count":0,"master_deck":["Strike_B","Strike_B","Strike_B","Strike_B","Defend_B","Defend_B+1","Defend_B","Defend_B","Zap+1","Dualcast","Ball Lightning","Streamline","Genetic Algorithm+1","Glacier+1","Loop+1","Ball Lightning","Leap+1","Streamline","Machine Learning","Ball Lightning","Go for the Eyes","Double Energy+1","Hello World+1","Tempest","Madness","Madness","Doom and Gloom","Loop+1","Coolheaded+1","Go for the Eyes+1","Chaos+1"],"relics":["Cracked Core","Anchor","War Paint","Regal Pillow","Orichalcum","Busted Crown","Prayer Wheel","Dream Catcher","Strawberry","Juzu Bracelet","MawBank","Blood Vial","Membership Card","Inserter","Shovel","Smiling Mask"],"potions_floor_usage":[33,33,33],"damage_taken":[{"damage":3,"enemies":"Jaw Worm","floor":1,"turns":4},{"damage":3,"enemies":"Cultist","floor":3,"turns":2},{"damage":0,"enemies":"2 Louse","floor":7,"turns":2},{"damage":2,"enemies":"Red Slaver","floor":8,"turns":4},{"damage":18,"enemies":"3 Sentries","floor":11,"turns":5},{"damage":12,"enemies":"Lagavulin","floor":14,"turns":7},{"damage":38,"enemies":"The Guardian","floor":16,"turns":16},{"damage":17,"enemies":"Spheric Guardian","floor":18,"turns":4},{"damage":8,"enemies":"2 Thieves","floor":19,"turns":5},{"damage":13,"enemies":"Sentry and Sphere","floor":21,"turns":5},{"damage":21,"enemies":"Slavers","floor":24,"turns":8},{"damage":62,"enemies":"Collector","floor":33,"turns":15},{"damage":32,"enemies":"3 Darklings","floor":35,"turns":7},{"damage":0,"enemies":"3 Shapes","floor":38,"turns":5},{"damage":13,"enemies":"Maw","floor":41,"turns":7},{"damage":28,"enemies":"Sphere and 2 Shapes","floor":42,"turns":6},{"damage":14,"enemies":"Jaw Worm Horde","floor":47,"turns":1}],"seed_played":"8571505199899820366","potions_obtained":[{"floor":7,"key":"SpeedPotion"},{"floor":11,"key":"SkillPotion"},{"floor":18,"key":"SteroidPotion"},{"floor":35,"key":"Explosive Potion"}],"is_trial":false,"path_per_floor":["M","?","M","$","?","R","M","M","T","R","?","R","?","E","R","B",null,"M","M","$","M","?","R","E","R","T","?","?","?","?","$","R","B",null,"M","?","?","M","$","R","M","M","T","?","R","?","M"],"character_chosen":"DEFECT","items_purchased":["Glacier","Loop","Prayer Wheel","Dream Catcher","Hello World","Membership Card","Loop"],"campfire_rested":3,"item_purchase_floors":[4,4,20,20,31,31,39],"current_hp_per_floor":[72,72,69,69,69,69,69,67,67,67,49,49,31,19,56,18,75,58,50,50,37,37,37,23,62,62,62,62,46,38,38,79,19,87,55,55,44,46,46,46,35,9,9,4,4,4,0],"gold":98,"neow_bonus":"THREE_CARDS","is_prod":false,"is_daily":false,"chose_seed":false,"campfire_upgraded":5,"win_rate":0.0,"timestamp":1555679041,"path_taken":["M","?","M","?","?","R","?","M","T","R","?","R","?","E","R","BOSS","M","M","$","M","?","R","E","R","T","?","?","?","?","?","R","BOSS","M","?","?","M","$","R","M","M","T","?","R","?","M"],"build_version":"2019-01-23","purchased_purges":1,"victory":false,"max_hp_per_floor":[75,75,75,75,75,75,75,75,75,75,75,75,75,75,75,75,75,75,75,75,75,75,75,82,82,82,82,82,87,87,87,87,87,87,87,87,87,87,87,87,87,87,87,87,87,87,87],"card_choices":[{"not_picked":["Blizzard","Redo"],"picked":"Ball Lightning","floor":0},{"not_picked":["Conserve Battery","Stack"],"picked":"Streamline","floor":1},{"not_picked":["Reprogram","Steam"],"picked":"Genetic Algorithm","floor":3},{"not_picked":["Force Field","Conserve Battery"],"picked":"Ball Lightning","floor":7},{"not_picked":["Tempest","Skim"],"picked":"Leap","floor":8},{"not_picked":["Rip and Tear","Leap"],"picked":"Streamline","floor":11},{"not_picked":["Reprogram","Hologram","Hyperbeam"],"picked":"SKIP","floor":14},{"not_picked":["Fission","All For One"],"picked":"Machine Learning","floor":16},{"not_picked":[],"picked":"Ball Lightning","floor":18},{"not_picked":[],"picked":"Rebound","floor":19},{"not_picked":[],"picked":"Go for the Eyes","floor":21},{"not_picked":[],"picked":"Double Energy+1","floor":21},{"not_picked":["Chill"],"picked":"SKIP","floor":24},{"not_picked":[],"picked":"Tempest","floor":32},{"not_picked":["Compile Driver"],"picked":"SKIP","floor":35},{"not_picked":["Compile Driver"],"picked":"SKIP","floor":35},{"not_picked":[],"picked":"Doom and Gloom","floor":38},{"not_picked":["Recycle"],"picked":"SKIP","floor":38},{"not_picked":[],"picked":"Coolheaded+1","floor":41},{"not_picked":["Steam"],"picked":"SKIP","floor":41},{"not_picked":[],"picked":"Go for the Eyes+1","floor":42},{"not_picked":[],"picked":"Chaos+1","floor":42}],"player_experience":63553,"relics_obtained":[{"floor":9,"key":"Anchor"},{"floor":11,"key":"War Paint"},{"floor":14,"key":"Orichalcum"},{"floor":24,"key":"Strawberry"},{"floor":26,"key":"Juzu Bracelet"},{"floor":43,"key":"Shovel"},{"floor":45,"key":"Smiling Mask"}],"event_choices":[{"damage_healed":0,"gold_gain":275,"player_choice":"Desecrate","damage_taken":0,"max_hp_gain":0,"max_hp_loss":0,"event_name":"Golden Shrine","floor":2,"gold_loss":0,"cards_obtained":["Regret"]},{"cards_removed":["Regret"],"damage_healed":0,"gold_gain":0,"player_choice":"Purged","damage_taken":0,"max_hp_gain":0,"max_hp_loss":0,"event_name":"Purifier","floor":5,"gold_loss":0},{"damage_healed":0,"gold_gain":30,"player_choice":"Searched \u00272\u0027 times","damage_taken":0,"max_hp_gain":0,"max_hp_loss":0,"event_name":"Dead Adventurer","floor":11,"gold_loss":0},{"damage_healed":0,"gold_gain":0,"player_choice":"Success","damage_taken":18,"relics_obtained":["Regal Pillow"],"max_hp_gain":0,"max_hp_loss":0,"event_name":"Scrap Ooze","floor":13,"gold_loss":0},{"damage_healed":0,"gold_gain":99,"player_choice":"Stole From Cult","damage_taken":0,"max_hp_gain":0,"max_hp_loss":0,"event_name":"Nest","floor":22,"gold_loss":0},{"damage_healed":0,"gold_gain":0,"player_choice":"Opened","damage_taken":0,"relics_obtained":["MawBank"],"max_hp_gain":0,"max_hp_loss":0,"event_name":"The Mausoleum","floor":27,"gold_loss":0},{"damage_healed":0,"gold_gain":0,"player_choice":"Obtained Relic","damage_taken":0,"relics_obtained":["Blood Vial"],"max_hp_gain":0,"max_hp_loss":0,"event_name":"Addict","floor":28,"gold_loss":85},{"damage_healed":0,"gold_gain":0,"player_choice":"Shed Blood","damage_taken":21,"max_hp_gain":5,"max_hp_loss":0,"event_name":"Forgotten Altar","floor":29,"gold_loss":0},{"damage_healed":0,"gold_gain":0,"player_choice":"Damaged","damage_taken":8,"max_hp_gain":0,"max_hp_loss":0,"event_name":"Wheel of Change","floor":30,"gold_loss":0},{"damage_healed":0,"gold_gain":0,"player_choice":"Upgraded","damage_taken":0,"max_hp_gain":0,"max_hp_loss":0,"event_name":"Upgrade Shrine","floor":36,"gold_loss":0,"cards_upgraded":["Hello World"]},{"damage_healed":0,"gold_gain":0,"player_choice":"Embrace Madness","damage_taken":11,"max_hp_gain":0,"max_hp_loss":0,"event_name":"Winding Halls","floor":37,"gold_loss":0,"cards_obtained":["Madness","Madness"]},{"damage_healed":0,"gold_gain":0,"player_choice":"Memory 2","damage_taken":5,"max_hp_gain":0,"max_hp_loss":0,"event_name":"SensoryStone","floor":44,"gold_loss":0},{"damage_healed":0,"gold_gain":0,"player_choice":"Ignored","damage_taken":0,"max_hp_gain":0,"max_hp_loss":0,"event_name":"Mysterious Sphere","floor":46,"gold_loss":0}],"is_beta":false,"boss_relics":[{"not_picked":["Sozu","Coffee Dripper"],"picked":"Busted Crown"},{"not_picked":["Velvet Choker","Tiny House"],"picked":"Inserter"}],"items_purged_floors":[39],"is_endless":false,"potions_floor_spawned":[7,11,18,21,35],"killed_by":"Jaw Worm Horde","ascension_level":0}