{"gold_per_floor":[112,112,128,278,332,368,368,412,461,461,536,550,234,270,270,366,366,386,311,390,390,346,346,151,151,151,151,186,199,199,242,242,341,341,360,360],"floor_reached":36,"playtime":2208,"items_purged":["Defend_B"],"score":901,"play_id":"d6b5910e-4180-40c1-8a55-62c0ee115f29","local_time":"20190905154752","is_ascension_mode":true,"campfire_choices":[{"data":"Hologram","floor":7.0,"key":"SMITH"},{"floor":15.0,"key":"REST"},{"data":"Defragment","floor":23.0,"key":"SMITH"},{"data":"Apotheosis","floor":25.0,"key":"SMITH"},{"floor":27.0,"key":"REST"},{"floor":30.0,"key":"REST"},{"floor":32.0,"key":"REST"}],"neow_cost":"NONE","seed_source_timestamp":49429162265423,"circlet_count":0,"master_deck":["AscendersBane","Strike_B+1","Strike_B+1","Strike_B+1","Defend_B+1","Defend_B+1","Defend_B+1","Zap+1","Dualcast","Go for the Eyes","Ball Lightning","Hologram+1","Glacier","Streamline","Defragment+1","Electrodynamics","Static Discharge","Capacitor","Apotheosis+1","Leap+1","Loop","Turbo+1","Multi-Cast+1"],"special_seed":0,"relics":["Cracked Core","NeowsBlessing","Golden Idol","War Paint","Pen Nib","Darkstone Periapt","Potion Belt","Toy Ornithopter","Mercury Hourglass","Black Star","Symbiotic Virus","Orichalcum","Bag of Marbles","Toxic Egg 2","Kunai","Gambling Chip","Eternal Feather"],"potions_floor_usage":[],"damage_taken":[{"damage":0.0,"enemies":"Jaw Worm","floor":1.0,"turns":1.0},{"damage":0.0,"enemies":"Small Slimes","floor":3.0,"turns":1.0},{"damage":0.0,"enemies":"Lagavulin","floor":6.0,"turns":1.0},{"damage":20.0,"enemies":"Gremlin Nob","floor":8.0,"turns":4.0},{"damage":0.0,"enemies":"2 Louse","floor":12.0,"turns":3.0},{"damage":17.0,"enemies":"Lagavulin","floor":14.0,"turns":5.0},{"damage":8.0,"enemies":"Hexaghost","floor":16.0,"turns":9.0},{"damage":8.0,"enemies":"Shell Parasite","floor":18.0,"turns":6.0},{"damage":13.0,"enemies":"Book of Stabbing","floor":28.0,"turns":4.0},{"damage":7.0,"enemies":"3 Byrds","floor":29.0,"turns":2.0},{"damage":37.0,"enemies":"Gremlin Leader","floor":31.0,"turns":4.0},{"damage":55.0,"enemies":"Champ","floor":33.0,"turns":13.0},{"damage":38.0,"enemies":"3 Darklings","floor":35.0,"turns":4.0},{"damage":11,"enemies":"Orb Walker","floor":36,"turns":2}],"seed_played":"-8741642285838051197","potions_obtained":[{"floor":1.0,"key":"PowerPotion"},{"floor":3.0,"key":"Block Potion"},{"floor":8.0,"key":"Energy Potion"},{"floor":14.0,"key":"GamblersBrew"},{"floor":28.0,"key":"FocusPotion"},{"floor":29.0,"key":"Strength Potion"},{"floor":31.0,"key":"Swift Potion"}],"is_trial":false,"path_per_floor":["M","?","M","?","T","E","R","E","T","?","?","M","$","E","R","B",null,"M","?","T","?","$","R","$","R","T","R","E","M","R","E","R","B",null,"M","M"],"character_chosen":"DEFECT","items_purchased":["Toy Ornithopter","Streamline","Capacitor","Apotheosis"],"campfire_rested":4,"item_purchase_floors":[13,13,22,24],"current_hp_per_floor":[64,64,64,64,64,64,64,44,44,37,26,26,26,14,33,30,56,48,48,48,48,48,48,48,48,48,64,51,44,63,27,46,1,48,10,0],"gold":360,"neow_bonus":"THREE_ENEMY_KILL","is_prod":false,"is_daily":false,"chose_seed":false,"campfire_upgraded":3,"win_rate":0,"timestamp":1567716472,"path_taken":["M","?","M","?","?","E","R","E","T","?","?","?","$","E","R","BOSS","M","?","?","?","$","R","$","R","T","R","E","M","R","E","R","BOSS","M","M"],"build_version":"2019-07-17","purchased_purges":1,"victory":false,"max_hp_per_floor":[71,64,64,64,64,64,64,64,64,64,64,64,64,64,64,64,64,64,64,64,64,64,64,64,64,64,64,64,64,64,64,64,64,64,64,64],"card_choices":[{"not_picked":["Reinforced Body","Recycle"],"picked":"Go for the Eyes","floor":1.0},{"not_picked":["Gash","Redo"],"picked":"Ball Lightning","floor":3.0},{"not_picked":["Sunder","Consume"],"picked":"Hologram","floor":6.0},{"not_picked":["Compile Driver","Steam","Streamline"],"picked":"SKIP","floor":8.0},{"not_picked":["Redo","Sweeping Beam"],"picked":"Glacier","floor":12.0},{"not_picked":["Skim","Stack"],"picked":"Defragment","floor":14.0},{"not_picked":["All For One","Hyperbeam"],"picked":"Electrodynamics","floor":16.0},{"not_picked":["Chaos","Double Energy"],"picked":"Static Discharge","floor":18.0},{"not_picked":["Reprogram","Rebound"],"picked":"Leap","floor":28.0},{"not_picked":["Ball Lightning","Doom and Gloom"],"picked":"Loop","floor":29.0},{"not_picked":["Go for the Eyes","Storm"],"picked":"Turbo+1","floor":31.0},{"not_picked":["Electrodynamics","Rainbow+1"],"picked":"Multi-Cast+1","floor":33.0},{"not_picked":["Static Discharge","Ball Lightning","Turbo+1"],"picked":"SKIP","floor":35.0}],"player_experience":1108391,"relics_obtained":[{"floor":5.0,"key":"War Paint"},{"floor":6.0,"key":"Pen Nib"},{"floor":8.0,"key":"Darkstone Periapt"},{"floor":9.0,"key":"Potion Belt"},{"floor":14.0,"key":"Mercury Hourglass"},{"floor":20.0,"key":"Symbiotic Virus"},{"floor":26.0,"key":"Orichalcum"},{"floor":28.0,"key":"Bag of Marbles"},{"floor":28.0,"key":"Toxic Egg 2"},{"floor":31.0,"key":"Kunai"},{"floor":31.0,"key":"Gambling Chip"}],"event_choices":[{"damage_healed":0.0,"max_hp_gain":0.0,"max_hp_loss":7.0,"gold_gain":0.0,"event_name":"Golden Idol","player_choice":"Lose Max HP","floor":2.0,"gold_loss":0.0,"damage_taken":0.0,"relics_obtained":["Golden Idol"]},{"damage_healed":0.0,"max_hp_gain":0.0,"max_hp_loss":0.0,"gold_gain":150.0,"event_name":"Liars Game","player_choice":"AGREE","floor":4.0,"gold_loss":0.0,"damage_taken":0.0,"cards_obtained":["Doubt"]},{"cards_removed":["Doubt"],"damage_healed":0.0,"max_hp_gain":0.0,"max_hp_loss":0.0,"gold_gain":0.0,"event_name":"Golden Wing","player_choice":"Card Removal","floor":10.0,"gold_loss":0.0,"damage_taken":7.0},{"damage_healed":0.0,"max_hp_gain":0.0,"max_hp_loss":0.0,"gold_gain":75.0,"event_name":"World of Goop","player_choice":"Gather Gold","floor":11.0,"gold_loss":0.0,"damage_taken":11.0},{"cards_removed":["Strike_B"],"damage_healed":0.0,"max_hp_gain":0.0,"max_hp_loss":0.0,"gold_gain":0.0,"event_name":"Beggar","player_choice":"Gave Gold","floor":19.0,"gold_loss":75.0,"damage_taken":0.0},{"damage_healed":0.0,"max_hp_gain":0.0,"max_hp_loss":0.0,"gold_gain":0.0,"event_name":"Back to Basics","player_choice":"Simplicity","floor":21.0,"gold_loss":0.0,"damage_taken":0.0,"cards_upgraded":["Strike_B","Strike_B","Strike_B","Defend_B","Defend_B"]}],"is_beta":false,"boss_relics":[{"not_picked":["Lizard Tail","Calling Bell"],"picked":"Black Star"},{"not_picked":["Astrolabe","Runic Pyramid"],"picked":"Eternal Feather"}],"items_purged_floors":[13],"is_endless":false,"potions_floor_spawned":[1,3,8,14,28,29,31],"killed_by":"Orb Walker","ascension_level":19}