{"gold_per_floor":[115,127,147,166,182,182,250,264,291,291,306,338,263,293,293,370,370,382,204,204,216,232,260,260,288,370,23,42,42,42,42,42,120,120,132,148,198,216,316,334,18,18,18,32,66,66,66,0,0,0,0],"floor_reached":52,"playtime":2725,"items_purged":["Defend_R","Defend_R","Parasite","Spot Weakness"],"score":1889,"play_id":"4323e2e8-175f-4d61-a3e5-2533250fdd15","local_time":"20190918230437","is_ascension_mode":true,"campfire_choices":[{"data":"Bludgeon","floor":6.0,"key":"SMITH"},{"floor":10.0,"key":"REST"},{"data":"Whirlwind","floor":15.0,"key":"SMITH"},{"data":"Limit Break","floor":24.0,"key":"SMITH"},{"data":"Bash","floor":29.0,"key":"SMITH"},{"data":"Shrug It Off","floor":32.0,"key":"SMITH"},{"floor":42.0,"key":"REST"},{"floor":46,"key":"REST"},{"floor":49,"key":"REST"}],"neow_cost":"PERCENT_DAMAGE","seed_source_timestamp":584978718966992,"circlet_count":0,"master_deck":["AscendersBane","Strike_R+1","Strike_R+1","Strike_R+1","Defend_R+1","Defend_R+1","Bash+1","Bludgeon+1","Reaper","Battle Trance","Dropkick","Spot Weakness","Shrug It Off+1","Whirlwind+1","Double Tap","Limit Break+1","Shrug It Off+1","Shockwave+1","Reaper","Pommel Strike+1","Heavy Blade","Whirlwind","Battle Trance"],"special_seed":0,"relics":["Burning Blood","Sundial","Boot","Unceasing Top","Bronze Scales","Cursed Key","Kunai","Regal Pillow","Letter Opener","Brimstone","Fusion Hammer","WingedGreaves","Anchor","Happy Flower","Red Mask"],"potions_floor_usage":[50,51],"damage_taken":[{"damage":0.0,"enemies":"Cultist","floor":1.0,"turns":3.0},{"damage":12.0,"enemies":"Jaw Worm","floor":2.0,"turns":3.0},{"damage":6.0,"enemies":"Small Slimes","floor":3.0,"turns":2.0},{"damage":15.0,"enemies":"Exordium Wildlife","floor":4.0,"turns":4.0},{"damage":59.0,"enemies":"Gremlin Gang","floor":5.0,"turns":6.0},{"damage":4.0,"enemies":"Large Slime","floor":8.0,"turns":5.0},{"damage":7.0,"enemies":"Exordium Wildlife","floor":11.0,"turns":3.0},{"damage":15.0,"enemies":"3 Sentries","floor":12.0,"turns":7.0},{"damage":0.0,"enemies":"Gremlin Nob","floor":14.0,"turns":2.0},{"damage":54.0,"enemies":"Slime Boss","floor":16.0,"turns":8.0},{"damage":17.0,"enemies":"2 Thieves","floor":18.0,"turns":2.0},{"damage":0.0,"enemies":"Chosen","floor":21.0,"turns":3.0},{"damage":19.0,"enemies":"Snake Plant","floor":22.0,"turns":3.0},{"damage":37.0,"enemies":"Gremlin Leader","floor":23.0,"turns":5.0},{"damage":21.0,"enemies":"Slavers","floor":25.0,"turns":3.0},{"damage":3.0,"enemies":"Centurion and Healer","floor":28.0,"turns":4.0},{"damage":35.0,"enemies":"Champ","floor":33.0,"turns":4.0},{"damage":0.0,"enemies":"3 Darklings","floor":35.0,"turns":1.0},{"damage":12.0,"enemies":"Orb Walker","floor":36.0,"turns":2.0},{"damage":11.0,"enemies":"Maw","floor":38.0,"turns":4.0},{"damage":0.0,"enemies":"Mind Bloom Boss Battle","floor":39.0,"turns":4.0},{"damage":1.0,"enemies":"3 Darklings","floor":40.0,"turns":2.0},{"damage":47.0,"enemies":"Sphere and 2 Shapes","floor":44.0,"turns":3.0},{"damage":28,"enemies":"Nemesis","floor":45,"turns":3},{"damage":64,"enemies":"Donu and Deca","floor":50,"turns":6},{"damage":41,"enemies":"Awakened One","floor":51,"turns":5}],"seed_played":"4947218354248374244","potions_obtained":[{"floor":1.0,"key":"Energy Potion"},{"floor":3.0,"key":"Regen Potion"},{"floor":4.0,"key":"Strength Potion"},{"floor":5.0,"key":"SkillPotion"},{"floor":12.0,"key":"Strength Potion"},{"floor":14.0,"key":"SpeedPotion"},{"floor":21.0,"key":"Explosive Potion"},{"floor":22.0,"key":"SpeedPotion"},{"floor":25.0,"key":"SkillPotion"},{"floor":28.0,"key":"Strength Potion"},{"floor":39.0,"key":"BloodPotion"},{"floor":40.0,"key":"Ancient Potion"},{"floor":45,"key":"Dexterity Potion"}],"is_trial":false,"path_per_floor":["M","M","M","M","M","R","T","M","T","R","M","E","$","E","R","B",null,"M","$","?","M","M","E","R","E","T","$","M","R","?","?","R","B",null,"M","M","?","M","?","M","$","R","T","M","E","R","?","?","R","B","B",null],"character_chosen":"IRONCLAD","items_purchased":["Limit Break","Brimstone","Anchor"],"campfire_rested":4,"item_purchase_floors":[19,27,41],"current_hp_per_floor":[56,54,54,53,32,32,32,38,38,60,64,66,66,72,72,24,62,51,51,51,57,44,25,25,47,47,47,50,50,50,50,50,21,59,65,72,72,72,72,72,72,72,72,64,47,72,68,68,68,68,50],"gold":0,"neow_bonus":"TRANSFORM_TWO_CARDS","is_prod":false,"is_daily":false,"chose_seed":false,"campfire_upgraded":5,"win_rate":0,"timestamp":1568865877,"path_taken":["M","M","?","M","M","R","?","?","T","R","M","E","$","E","R","BOSS","M","$","?","M","M","E","R","E","T","$","M","R","?","?","R","BOSS","M","M","?","?","?","M","?","R","T","M","E","R","?","?","R","BOSS","BOSS"],"build_version":"2019-07-17","purchased_purges":4,"victory":true,"max_hp_per_floor":[75,75,75,75,75,75,75,75,75,75,75,75,75,75,75,75,75,75,75,75,75,75,75,75,75,75,72,72,72,72,72,72,72,72,72,72,72,72,72,72,72,72,72,72,72,72,68,68,68,68,68],"card_choices":[{"not_picked":["Heavy Blade","True Grit"],"picked":"Battle Trance","floor":1.0},{"not_picked":["Seeing Red","Twin Strike"],"picked":"Dropkick","floor":2.0},{"not_picked":["Rampage","True Grit","Heavy Blade"],"picked":"SKIP","floor":3.0},{"not_picked":["Heavy Blade","Iron Wave","Clash"],"picked":"SKIP","floor":4.0},{"not_picked":["Heavy Blade","Havoc","Infernal Blade"],"picked":"SKIP","floor":5.0},{"not_picked":["Cleave","Power Through"],"picked":"Spot Weakness","floor":8.0},{"not_picked":["Brutality","Wild Strike"],"picked":"Shrug It Off","floor":11.0},{"not_picked":["Intimidate","Perfected Strike","Armaments"],"picked":"SKIP","floor":12.0},{"not_picked":["Heavy Blade","True Grit"],"picked":"Whirlwind","floor":14.0},{"not_picked":["Exhume","Brutality"],"picked":"Double Tap","floor":16.0},{"not_picked":["Wild Strike","Armaments","Bloodletting"],"picked":"SKIP","floor":18.0},{"not_picked":["True Grit","Power Through"],"picked":"Spot Weakness","floor":21.0},{"not_picked":["Clash","Battle Trance"],"picked":"Shrug It Off+1","floor":22.0},{"not_picked":["Battle Trance","Armaments"],"picked":"Shockwave+1","floor":23.0},{"not_picked":["Shrug It Off","Anger","Cleave"],"picked":"SKIP","floor":25.0},{"not_picked":["Armaments","Cleave","Infernal Blade"],"picked":"SKIP","floor":28.0},{"not_picked":["Berserk","Brutality"],"picked":"Reaper","floor":33.0},{"not_picked":["Disarm+1","Warcry"],"picked":"Pommel Strike+1","floor":35.0},{"not_picked":["Havoc","Ghostly Armor"],"picked":"Heavy Blade","floor":36.0},{"not_picked":["Pommel Strike","Brutality"],"picked":"Whirlwind","floor":38.0},{"not_picked":["Armaments","Flame Barrier+1"],"picked":"Battle Trance","floor":40.0},{"not_picked":["Iron Wave","Shockwave+1","Battle Trance"],"picked":"SKIP","floor":44.0},{"not_picked":["Battle Trance","Cleave","Sword Boomerang"],"picked":"SKIP","floor":45}],"player_experience":1356377,"relics_obtained":[{"floor":7.0,"key":"Sundial"},{"floor":9.0,"key":"Boot"},{"floor":12.0,"key":"Unceasing Top"},{"floor":14.0,"key":"Bronze Scales"},{"floor":23.0,"key":"Kunai"},{"floor":25.0,"key":"Regal Pillow"},{"floor":26.0,"key":"Letter Opener"},{"floor":39.0,"key":"WingedGreaves"},{"floor":45,"key":"Happy Flower"}],"event_choices":[{"damage_healed":0.0,"max_hp_gain":0.0,"max_hp_loss":0.0,"gold_gain":0.0,"event_name":"The Mausoleum","player_choice":"Ignored","floor":20.0,"gold_loss":0.0,"damage_taken":0.0},{"damage_healed":0.0,"max_hp_gain":0.0,"max_hp_loss":0.0,"gold_gain":0.0,"event_name":"Back to Basics","player_choice":"Simplicity","floor":30.0,"gold_loss":0.0,"damage_taken":0.0,"cards_upgraded":["Strike_R","Strike_R","Strike_R","Defend_R","Defend_R"]},{"damage_healed":0.0,"max_hp_gain":0.0,"max_hp_loss":0.0,"gold_gain":50.0,"event_name":"Golden Shrine","player_choice":"Pray","floor":37.0,"gold_loss":0.0,"damage_taken":0.0},{"damage_healed":0.0,"max_hp_gain":0.0,"max_hp_loss":0.0,"gold_gain":0.0,"event_name":"MindBloom","player_choice":"Fight","floor":39.0,"gold_loss":0.0,"damage_taken":0.0},{"damage_healed":0,"gold_gain":0,"player_choice":"Max HP","damage_taken":0,"max_hp_gain":0,"max_hp_loss":4,"event_name":"Winding Halls","floor":47,"gold_loss":0},{"damage_healed":0,"gold_gain":0,"player_choice":"Paid","damage_taken":0,"relics_obtained":["Red Mask"],"max_hp_gain":0,"max_hp_loss":0,"event_name":"Tomb of Lord Red Mask","floor":48,"gold_loss":66}],"is_beta":false,"boss_relics":[{"not_picked":["Runic Pyramid","Mark of Pain"],"picked":"Cursed Key"},{"not_picked":["Snecko Eye","Busted Crown"],"picked":"Fusion Hammer"}],"items_purged_floors":[13,19,27,41],"is_endless":false,"potions_floor_spawned":[1,3,4,5,12,14,21,22,25,28,39,40,45],"ascension_level":20}