{"gold_per_floor":[366,366,380,395,189,189,214,214,214,214,191,234,234,247,247,376,376,401,419,434,453,284,325,350,350,350,350,373,373,393,414,414,414],"floor_reached":33,"playtime":1360,"items_purged":["Writhe","Dualcast"],"score":296,"play_id":"8de1a421-f440-45dc-97ac-ad9f0ef81d5c","local_time":"20190421073255","is_ascension_mode":false,"campfire_choices":[{"data":"Genetic Algorithm","floor":6,"key":"SMITH"},{"data":"Defragment","floor":10,"key":"SMITH"},{"floor":15,"key":"REST"},{"floor":25,"key":"REST"},{"floor":27,"key":"REST"},{"data":"Defragment","floor":29,"key":"SMITH"},{"floor":32,"key":"REST"}],"neow_cost":"CURSE","seed_source_timestamp":367747858504264,"circlet_count":0,"master_deck":["Strike_B","Strike_B","Strike_B","Strike_B","Defend_B","Defend_B","Defend_B","Defend_B","Zap","Streamline","Genetic Algorithm+1","Ball Lightning","Defragment","Gash","Defragment+1","Conserve Battery","Defragment","Defragment+1","PanicButton","Cold Snap","Electrodynamics","Coolheaded","Gash+1","Leap","Capacitor","Streamline+1","Gash","Compile Driver"],"special_seed":0,"relics":["Cracked Core","Golden Idol","Bottled Tornado","Bottled Flame","Runic Dome","Pen Nib","Gremlin Horn"],"potions_floor_usage":[14,23,23,23],"damage_taken":[{"damage":5,"enemies":"Small Slimes","floor":1,"turns":4},{"damage":0,"enemies":"Cultist","floor":3,"turns":3},{"damage":12,"enemies":"Jaw Worm","floor":4,"turns":3},{"damage":20,"enemies":"3 Louse","floor":7,"turns":3},{"damage":23,"enemies":"3 Sentries","floor":12,"turns":5},{"damage":1,"enemies":"2 Fungi Beasts","floor":14,"turns":4},{"damage":8,"enemies":"Hexaghost","floor":16,"turns":10},{"damage":18,"enemies":"3 Byrds","floor":18,"turns":4},{"damage":10,"enemies":"Chosen","floor":19,"turns":5},{"damage":0,"enemies":"Centurion and Healer","floor":20,"turns":5},{"damage":16,"enemies":"Sentry and Sphere","floor":21,"turns":4},{"damage":26,"enemies":"Gremlin Leader","floor":23,"turns":6},{"damage":10,"enemies":"Cultist and Chosen","floor":24,"turns":5},{"damage":0,"enemies":"3 Cultists","floor":28,"turns":4},{"damage":19,"enemies":"Chosen and Byrds","floor":30,"turns":5},{"damage":19,"enemies":"Shelled Parasite and Fungi","floor":31,"turns":6},{"damage":43,"enemies":"Automaton","floor":33,"turns":6}],"seed_played":"5647938686906344665","potions_obtained":[{"floor":7,"key":"Block Potion"},{"floor":12,"key":"Explosive Potion"},{"floor":18,"key":"Explosive Potion"},{"floor":20,"key":"Regen Potion"},{"floor":31,"key":"Explosive Potion"}],"is_trial":false,"path_per_floor":["M","?","M","M","$","R","M","?","T","R","$","E","?","M","R","B",null,"M","M","M","M","$","E","M","R","T","R","M","R","M","M","R","B"],"character_chosen":"DEFECT","items_purchased":["Defragment","Gash","Conserve Battery","Capacitor"],"campfire_rested":4,"item_purchase_floors":[5,5,11,22],"current_hp_per_floor":[70,70,70,58,58,58,38,31,31,31,31,8,8,7,29,21,75,57,47,47,31,31,19,9,31,31,53,53,53,34,15,37,0],"gold":414,"neow_bonus":"TWO_FIFTY_GOLD","is_prod":false,"is_daily":false,"chose_seed":false,"campfire_upgraded":3,"win_rate":0.0,"timestamp":1555849975,"path_taken":["M","?","M","M","$","R","M","?","T","R","$","E","?","M","R","BOSS","M","?","M","M","$","E","M","R","T","R","M","R","M","M","R","BOSS"],"build_version":"2019-01-23","purchased_purges":2,"victory":false,"max_hp_per_floor":[75,75,75,75,75,75,75,75,75,75,75,75,75,75,75,75,75,75,75,75,75,75,75,75,75,75,75,75,75,75,75,75,75],"card_choices":[{"not_picked":["Undo","Sweeping Beam"],"picked":"Streamline","floor":1},{"not_picked":["Fusion","Conserve Battery"],"picked":"Genetic Algorithm","floor":3},{"not_picked":["Go for the Eyes","Redo"],"picked":"Ball Lightning","floor":4},{"not_picked":["Scrape","Fission"],"picked":"Defragment","floor":7},{"not_picked":["Stack","Compile Driver"],"picked":"Defragment","floor":12},{"not_picked":["Ball Lightning","Genetic Algorithm"],"picked":"Cold Snap","floor":14},{"not_picked":["Echo Form","Machine Learning"],"picked":"Electrodynamics","floor":16},{"not_picked":["Defragment","Conserve Battery"],"picked":"Coolheaded","floor":18},{"not_picked":["Sweeping Beam","Undo","Steam+1"],"picked":"SKIP","floor":19},{"not_picked":["Steam","Blizzard+1"],"picked":"Gash+1","floor":20},{"not_picked":["Sweeping Beam","Steam"],"picked":"Leap","floor":21},{"not_picked":["Creative AI","Go for the Eyes"],"picked":"Streamline+1","floor":23},{"not_picked":["Conserve Battery+1","Blizzard+1"],"picked":"Gash","floor":24},{"not_picked":["Barrage","Recycle","Hologram"],"picked":"SKIP","floor":28},{"not_picked":["Beam Cell","Steam","Chaos+1"],"picked":"SKIP","floor":30},{"not_picked":["Chill","Streamline"],"picked":"Compile Driver","floor":31}],"player_experience":70619,"relics_obtained":[{"floor":9,"key":"Bottled Tornado"},{"floor":12,"key":"Bottled Flame"},{"floor":23,"key":"Pen Nib"},{"floor":26,"key":"Gremlin Horn"}],"event_choices":[{"damage_healed":0,"gold_gain":0,"player_choice":"Take Wound","damage_taken":0,"relics_obtained":["Golden Idol"],"max_hp_gain":0,"max_hp_loss":0,"event_name":"Golden Idol","floor":2,"gold_loss":0,"cards_obtained":["Injury"]},{"cards_removed":["Injury"],"damage_healed":0,"gold_gain":0,"player_choice":"Card Removal","damage_taken":7,"max_hp_gain":0,"max_hp_loss":0,"event_name":"Golden Wing","floor":8,"gold_loss":0},{"damage_healed":0,"gold_gain":0,"player_choice":"2 cards matched","damage_taken":0,"max_hp_gain":0,"max_hp_loss":0,"event_name":"Match and Keep!","floor":13,"gold_loss":0,"cards_obtained":["Defragment","PanicButton"]}],"is_beta":false,"boss_relics":[{"not_picked":["White Beast Statue","Fusion Hammer"],"picked":"Runic Dome"}],"items_purged_floors":[5,22],"is_endless":false,"potions_floor_spawned":[7,12,18,20,31],"killed_by":"Automaton","ascension_level":0}