{"gold_per_floor":[116,127,202,221,496,496,529,540,563,581,171,171,189,32,32,105,105,125,125,125,125],"floor_reached":21,"playtime":1444,"items_purged":["Regret"],"score":340,"play_id":"92ea76d8-ae41-4c0a-91f0-39f794fe902a","local_time":"20190919183648","is_ascension_mode":true,"campfire_choices":[{"data":"Sunder","floor":6.0,"key":"SMITH"},{"floor":15.0,"key":"REST"}],"neow_cost":"NONE","seed_source_timestamp":531598315397499,"circlet_count":0,"master_deck":["AscendersBane","Strike_B","Strike_B","Strike_B","Strike_B","Defend_B","Defend_B","Defend_B","Defend_B","Zap","Dualcast","Sunder+1","Ball Lightning","Hologram","Heatsinks","Biased Cognition","Parasite","Echo Form"],"special_seed":0,"relics":["Cracked Core","NeowsBlessing","Anchor","Juzu Bracelet","Blood Vial","Regal Pillow","White Beast Statue"],"potions_floor_usage":[21,21],"damage_taken":[{"damage":0.0,"enemies":"Cultist","floor":1.0,"turns":1.0},{"damage":0.0,"enemies":"Jaw Worm","floor":2.0,"turns":1.0},{"damage":0.0,"enemies":"Small Slimes","floor":4.0,"turns":1.0},{"damage":29.0,"enemies":"Gremlin Nob","floor":7.0,"turns":4.0},{"damage":7.0,"enemies":"Gremlin Gang","floor":8.0,"turns":3.0},{"damage":3.0,"enemies":"Blue Slaver","floor":10.0,"turns":2.0},{"damage":21.0,"enemies":"Exordium Wildlife","floor":13.0,"turns":3.0},{"damage":22.0,"enemies":"The Guardian","floor":16.0,"turns":10.0},{"damage":23.0,"enemies":"2 Thieves","floor":18.0,"turns":3.0},{"damage":22,"enemies":"3 Byrds","floor":21,"turns":5}],"seed_played":"2315037456322585465","potions_obtained":[{"floor":4.0,"key":"Weak Potion"},{"floor":7.0,"key":"Energy Potion"},{"floor":13.0,"key":"Energy Potion"},{"floor":16.0,"key":"GamblersBrew"},{"floor":18.0,"key":"SpeedPotion"}],"is_trial":false,"path_per_floor":["M","M","?","M","?","R","E","M","T","M","$","?","M","$","R","B",null,"M","?","?","M"],"character_chosen":"DEFECT","items_purchased":["Blood Vial","Biased Cognition","Regal Pillow"],"campfire_rested":1,"item_purchase_floors":[11,11,14],"current_hp_per_floor":[64,64,53,53,53,53,24,17,17,14,14,31,12,12,48,28,60,39,19,19,0],"gold":125,"neow_bonus":"THREE_ENEMY_KILL","is_prod":false,"is_daily":false,"chose_seed":false,"campfire_upgraded":1,"win_rate":0,"timestamp":1568943408,"path_taken":["M","?","?","M","?","R","E","?","T","M","$","?","M","$","R","BOSS","M","?","?","M"],"build_version":"2019-07-17","purchased_purges":1,"victory":false,"max_hp_per_floor":[71,71,71,71,71,71,71,71,71,71,71,71,71,71,71,71,71,71,76,76,76],"card_choices":[{"not_picked":["Compile Driver","Steam"],"picked":"Sunder","floor":1.0},{"not_picked":["Gash","Steam"],"picked":"Ball Lightning","floor":2.0},{"not_picked":["Ball Lightning","Compile Driver","Storm"],"picked":"SKIP","floor":4.0},{"not_picked":["Compile Driver","Blizzard"],"picked":"Hologram","floor":7.0},{"not_picked":["Steam","Sweeping Beam"],"picked":"Heatsinks","floor":8.0},{"not_picked":["Rip and Tear","Turbo","Leap"],"picked":"SKIP","floor":10.0},{"not_picked":["Storm","Compile Driver"],"picked":"Echo Form","floor":13.0},{"not_picked":["Stack","Turbo","Sweeping Beam"],"picked":"SKIP","floor":18.0}],"player_experience":682683,"relics_obtained":[{"floor":7.0,"key":"Anchor"},{"floor":9.0,"key":"Juzu Bracelet"}],"event_choices":[{"damage_healed":0.0,"max_hp_gain":0.0,"max_hp_loss":0.0,"gold_gain":75.0,"event_name":"World of Goop","player_choice":"Gather Gold","floor":3.0,"gold_loss":0.0,"damage_taken":11.0},{"damage_healed":0.0,"max_hp_gain":0.0,"max_hp_loss":0.0,"gold_gain":275.0,"event_name":"Golden Shrine","player_choice":"Desecrate","floor":5.0,"gold_loss":0.0,"damage_taken":0.0,"cards_obtained":["Regret"]},{"damage_healed":17.0,"max_hp_gain":0.0,"max_hp_loss":0.0,"gold_gain":0.0,"event_name":"Mushrooms","player_choice":"Healed and dodged fight","floor":12.0,"gold_loss":0.0,"damage_taken":0.0,"cards_obtained":["Parasite"]},{"damage_healed":0.0,"max_hp_gain":5.0,"max_hp_loss":0.0,"gold_gain":0.0,"event_name":"Forgotten Altar","player_choice":"Shed Blood","floor":19.0,"gold_loss":0.0,"damage_taken":25.0},{"damage_healed":0,"gold_gain":0,"player_choice":"Ignored","damage_taken":0,"max_hp_gain":0,"max_hp_loss":0,"event_name":"Duplicator","floor":20,"gold_loss":0}],"is_beta":false,"boss_relics":[{"not_picked":["Calling Bell","Eternal Feather"],"picked":"White Beast Statue"}],"items_purged_floors":[11],"is_endless":false,"potions_floor_spawned":[4,7,13,16,18],"killed_by":"3 Byrds","ascension_level":18}