{"gold_per_floor":[115,135,149,129,147,178,190,201,228,228],"floor_reached":10,"playtime":1593,"items_purged":[],"score":72,"play_id":"5cecacef-a587-4f8c-8ba8-81fe5519c92a","local_time":"20190915004750","is_ascension_mode":false,"campfire_choices":[],"neow_cost":"NONE","seed_source_timestamp":528422328246737,"circlet_count":0,"master_deck":["Strike_R","Strike_R","Strike_R","Strike_R","Defend_R","Defend_R","Defend_R","Bash","Body Slam","Headbutt","Metallicize","Rampage","Shockwave"],"relics":["Empty Cage","Strawberry","Lantern"],"potions_floor_usage":[4,6,6,6],"damage_taken":[{"damage":0,"enemies":"Small Slimes","floor":1,"turns":5},{"damage":1,"enemies":"Cultist","floor":2,"turns":3},{"damage":12,"enemies":"Jaw Worm","floor":3,"turns":4},{"damage":8,"enemies":"Red Slaver","floor":5,"turns":5},{"damage":15,"enemies":"Lagavulin","floor":6,"turns":6},{"damage":20,"enemies":"Exordium Thugs","floor":7,"turns":4},{"damage":14,"enemies":"Large Slime","floor":8,"turns":6},{"damage":27,"enemies":"2 Fungi Beasts","floor":10,"turns":3}],"seed_played":"3212410701172483964","potions_obtained":[{"floor":2,"key":"FearPotion"},{"floor":3,"key":"Poison Potion"},{"floor":4,"key":"Fruit Juice"},{"floor":5,"key":"LiquidBronze"},{"floor":8,"key":"Strength Potion"}],"is_trial":false,"path_per_floor":["M","M","M","?","M","E","M","M","T","M"],"character_chosen":"IRONCLAD","items_purchased":[],"campfire_rested":0,"item_purchase_floors":[],"current_hp_per_floor":[80,79,67,72,64,56,36,22,22,0],"gold":228,"neow_bonus":"BOSS_RELIC","is_prod":false,"is_daily":false,"chose_seed":false,"campfire_upgraded":0,"win_rate":0,"timestamp":1568522870,"path_taken":["M","M","M","?","M","E","M","M","T","M"],"build_version":"2019-07-17","purchased_purges":0,"victory":false,"max_hp_per_floor":[80,80,80,85,85,92,92,92,92,92],"card_choices":[{"not_picked":["True Grit","Heavy Blade"],"picked":"Body Slam","floor":1},{"not_picked":["Armaments","Iron Wave"],"picked":"Headbutt","floor":2},{"not_picked":["Rupture","Intimidate"],"picked":"Metallicize","floor":3},{"not_picked":["Evolve","Wild Strike"],"picked":"Rampage","floor":5},{"not_picked":["Flex","Limit Break"],"picked":"Shockwave","floor":6},{"not_picked":["Sword Boomerang","Pommel Strike","Combust"],"picked":"SKIP","floor":7},{"not_picked":["Warcry","Ghostly Armor","Burning Pact"],"picked":"SKIP","floor":8}],"player_experience":75499,"relics_obtained":[{"floor":6,"key":"Strawberry"},{"floor":9,"key":"Lantern"}],"event_choices":[{"damage_healed":0,"gold_gain":0,"player_choice":"Bought 1 Potion","damage_taken":0,"max_hp_gain":0,"max_hp_loss":0,"event_name":"The Woman in Blue","floor":4,"gold_loss":0}],"is_beta":false,"boss_relics":[],"items_purged_floors":[],"is_endless":false,"potions_floor_spawned":[2,3,5,8],"killed_by":"2 Fungi Beasts","ascension_level":0}