{"gold_per_floor":[359,359,371,279,279,314,314,343,370,370,389,389,421,446,446,550,550,531,147,161,436,336,336,354,369,443,443,443,117,117,130,130,229,229,248,1247,1247,703,716,716,716,716,716,716,716,735,735,63,63,63],"floor_reached":50,"playtime":1437,"items_purged":["Normality","Regret","Strike_R","Normality","Normality"],"score":575,"play_id":"918350dd-fc85-4e51-bbc1-d96ced22d131","local_time":"20190428083705","is_ascension_mode":true,"campfire_choices":[{"floor":7,"key":"REST"},{"data":"Searing Blow","floor":10,"key":"SMITH"},{"data":"Searing Blow+1","floor":12,"key":"SMITH"},{"floor":15,"key":"REST"},{"data":"Searing Blow+2","floor":23,"key":"SMITH"},{"data":"Searing Blow+3","floor":27,"key":"SMITH"},{"data":"Searing Blow+4","floor":28,"key":"SMITH"},{"data":"Searing Blow+5","floor":30,"key":"SMITH"},{"floor":32,"key":"REST"},{"data":"Searing Blow+6","floor":40,"key":"SMITH"},{"data":"Searing Blow+7","floor":42,"key":"SMITH"},{"data":"Searing Blow+8","floor":44,"key":"SMITH"},{"data":"Searing Blow+9","floor":47,"key":"SMITH"},{"data":"Impervious","floor":49,"key":"SMITH"}],"neow_cost":"CURSE","seed_source_timestamp":366398660961557,"circlet_count":0,"master_deck":["Strike_R","Strike_R+1","Strike_R","Strike_R","Defend_R","Defend_R","Defend_R+1","Bash","Searing Blow+10","Inflame","Shrug It Off","Shrug It Off","Cleave","Anger","Impervious+1","Rampage+1","Searing Blow+5","Flex","Seeing Red","Double Tap","Flex","Flex+1"],"relics":["Burning Blood","Regal Pillow","Sundial","Meat on the Bone","Oddly Smooth Stone","Anchor","Dream Catcher","Mark of Pain","WingedGreaves","Bottled Flame","DollysMirror","Sozu","Question Card","Bag of Preparation","Bag of Marbles","TheAbacus","Ancient Tea Set","Bronze Scales"],"potions_floor_usage":[16,16,33,33,33],"damage_taken":[{"damage":10,"enemies":"Small Slimes","floor":1,"turns":3},{"damage":4,"enemies":"Jaw Worm","floor":3,"turns":3},{"damage":40,"enemies":"Gremlin Nob","floor":6,"turns":5},{"damage":37,"enemies":"3 Sentries","floor":8,"turns":10},{"damage":10,"enemies":"Cultist","floor":11,"turns":4},{"damage":33,"enemies":"Gremlin Nob","floor":13,"turns":5},{"damage":26,"enemies":"Slime Boss","floor":16,"turns":9},{"damage":0,"enemies":"2 Thieves","floor":18,"turns":4},{"damage":27,"enemies":"Spheric Guardian","floor":20,"turns":6},{"damage":13,"enemies":"Snecko","floor":24,"turns":5},{"damage":34,"enemies":"Cultist and Chosen","floor":25,"turns":6},{"damage":20,"enemies":"Snake Plant","floor":31,"turns":3},{"damage":86,"enemies":"Collector","floor":33,"turns":10},{"damage":63,"enemies":"3 Darklings","floor":35,"turns":8},{"damage":9,"enemies":"3 Shapes","floor":39,"turns":2},{"damage":0,"enemies":"Spire Growth","floor":46,"turns":1},{"damage":63,"enemies":"Time Eater","floor":50,"turns":5}],"seed_played":"8811225851105065091","potions_obtained":[{"floor":1,"key":"Strength Potion"},{"floor":8,"key":"SteroidPotion"},{"floor":13,"key":"SpeedPotion"},{"floor":18,"key":"SpeedPotion"},{"floor":20,"key":"Energy Potion"},{"floor":24,"key":"Regen Potion"}],"is_trial":false,"path_per_floor":["M","?","M","$","?","E","R","E","T","R","M","R","E","T","R","B",null,"M","$","M","?","$","R","M","M","T","R","R","$","R","M","R","B",null,"M","?","?","$","M","R","?","R","T","R","?","M","R","$","R","B"],"character_chosen":"IRONCLAD","items_purchased":["Inflame","Shrug It Off","WingedGreaves","DollysMirror","Question Card","Bag of Preparation","TheAbacus","Ancient Tea Set","Bronze Scales"],"campfire_rested":3,"item_purchase_floors":[4,4,19,29,38,38,48,48,48],"current_hp_per_floor":[76,60,62,62,55,21,60,29,29,29,37,37,22,22,61,53,80,80,80,59,59,59,59,52,36,36,36,36,36,36,34,73,20,80,35,35,35,35,44,44,44,44,44,44,44,50,50,50,50,0],"gold":63,"neow_bonus":"TWO_FIFTY_GOLD","is_prod":false,"is_daily":false,"chose_seed":false,"campfire_upgraded":11,"win_rate":0,"timestamp":1556458625,"path_taken":["M","?","M","$","?","E","R","E","T","R","M","R","E","?","R","BOSS","M","$","M","?","$","R","?","M","T","R","R","$","R","M","R","BOSS","M","?","?","$","M","R","?","R","T","R","?","M","R","$","R","BOSS"],"build_version":"2019-01-23","purchased_purges":5,"victory":false,"max_hp_per_floor":[80,80,80,80,80,80,80,80,80,80,80,80,80,80,80,80,80,80,80,80,80,80,80,80,80,80,80,80,80,80,80,80,80,80,80,80,80,80,80,80,80,80,80,80,80,80,80,80,80,80],"card_choices":[{"not_picked":["Clash","Thunderclap"],"picked":"Searing Blow","floor":1},{"not_picked":["Wild Strike","Warcry","Pommel Strike"],"picked":"SKIP","floor":3},{"not_picked":["Immolate","Wild Strike","Body Slam"],"picked":"SKIP","floor":6},{"not_picked":["Pommel Strike","Carnage"],"picked":"Shrug It Off","floor":8},{"not_picked":["Power Through","Warcry","Pommel Strike"],"picked":"SKIP","floor":11},{"not_picked":["Headbutt","Twin Strike"],"picked":"Cleave","floor":13},{"not_picked":["Clash","Shrug It Off"],"picked":"Anger","floor":15},{"not_picked":["Bludgeon","Immolate"],"picked":"Impervious","floor":16},{"not_picked":["True Grit","Uppercut"],"picked":"Rampage+1","floor":18},{"not_picked":["Iron Wave","Armaments","Uppercut+1"],"picked":"SKIP","floor":20},{"not_picked":["Cleave+1","Combust","Iron Wave"],"picked":"SKIP","floor":24},{"not_picked":["Bloodletting","Clash","Pommel Strike"],"picked":"SKIP","floor":25},{"not_picked":["Ghostly Armor","Twin Strike+1"],"picked":"Flex","floor":31},{"not_picked":["Warcry","Cleave"],"picked":"Seeing Red","floor":32},{"not_picked":["Reaper","Dark Embrace"],"picked":"Double Tap","floor":33},{"not_picked":["Carnage","Combust","Wild Strike+1"],"picked":"SKIP","floor":35},{"not_picked":["Rampage+1","Infernal Blade+1","Wild Strike"],"picked":"Flex","floor":39},{"not_picked":["Corruption+1","Cleave+1","True Grit"],"picked":"Flex+1","floor":46}],"player_experience":99883,"relics_obtained":[{"floor":6,"key":"Sundial"},{"floor":8,"key":"Meat on the Bone"},{"floor":9,"key":"Oddly Smooth Stone"},{"floor":13,"key":"Anchor"},{"floor":14,"key":"Dream Catcher"},{"floor":26,"key":"Bottled Flame"},{"floor":43,"key":"Bag of Marbles"}],"event_choices":[{"damage_healed":0,"gold_gain":0,"player_choice":"Entered Light","damage_taken":16,"max_hp_gain":0,"max_hp_loss":0,"event_name":"Shining Light","floor":2,"gold_loss":0,"cards_upgraded":["Defend_R","Strike_R"]},{"damage_healed":0,"gold_gain":0,"player_choice":"Success","damage_taken":7,"relics_obtained":["Regal Pillow"],"max_hp_gain":0,"max_hp_loss":0,"event_name":"Scrap Ooze","floor":5,"gold_loss":0},{"damage_healed":0,"gold_gain":275,"player_choice":"Desecrate","damage_taken":0,"max_hp_gain":0,"max_hp_loss":0,"event_name":"Golden Shrine","floor":21,"gold_loss":0,"cards_obtained":["Regret"]},{"damage_healed":0,"gold_gain":999,"player_choice":"Gold","damage_taken":0,"max_hp_gain":0,"max_hp_loss":0,"event_name":"MindBloom","floor":36,"gold_loss":0,"cards_obtained":["Normality","Normality"]},{"damage_healed":0,"gold_gain":0,"player_choice":"Ignored","damage_taken":0,"max_hp_gain":0,"max_hp_loss":0,"event_name":"Mysterious Sphere","floor":37,"gold_loss":0},{"damage_healed":0,"gold_gain":0,"player_choice":"Memory 1","damage_taken":0,"max_hp_gain":0,"max_hp_loss":0,"event_name":"SensoryStone","floor":41,"gold_loss":0},{"cards_removed":["Defend_R"],"damage_healed":0,"gold_gain":0,"player_choice":"Removed Skill","damage_taken":0,"max_hp_gain":0,"max_hp_loss":0,"event_name":"Falling","floor":45,"gold_loss":0}],"is_beta":false,"boss_relics":[{"not_picked":["Runic Dome","Tiny House"],"picked":"Mark of Pain"},{"not_picked":["Snecko Eye","Coffee Dripper"],"picked":"Sozu"}],"items_purged_floors":[19,22,29,38,48],"is_endless":false,"potions_floor_spawned":[1,8,13,18,20,24,31],"killed_by":"Time Eater","ascension_level":2}