{"gold_per_floor":[119,44,44,60,135,135,149,149,149,299,299,299,299,318,318,408,408,428,428,428,428],"floor_reached":21,"playtime":2011,"items_purged":["Strike_B"],"score":322,"play_id":"6049ad5b-e106-4952-b11f-8a088c9a702f","local_time":"20190905234609","is_ascension_mode":true,"campfire_choices":[{"data":"Hologram","floor":6.0,"key":"SMITH"},{"data":"Fission","floor":12.0,"key":"SMITH"},{"floor":15.0,"key":"REST"}],"neow_cost":"NONE","seed_source_timestamp":58989555570087,"circlet_count":0,"master_deck":["AscendersBane","Strike_B","Defend_B","Defend_B","Defend_B","Zap+1","Dualcast","Steam+1","Skim","Sunder","Ball Lightning","Ball Lightning","Hologram+1","Fission+1","Doubt","Regret","Fission","Reinforced Body","Hyperbeam"],"special_seed":0,"relics":["Orrery","Golden Idol","Blue Candle","Pen Nib","Inserter"],"potions_floor_usage":[18],"damage_taken":[{"damage":3.0,"enemies":"Small Slimes","floor":1.0,"turns":2.0},{"damage":7.0,"enemies":"Jaw Worm","floor":4.0,"turns":3.0},{"damage":1.0,"enemies":"Cultist","floor":7.0,"turns":3.0},{"damage":0.0,"enemies":"3 Louse","floor":14.0,"turns":2.0},{"damage":8.0,"enemies":"The Guardian","floor":16.0,"turns":9.0},{"damage":16,"enemies":"Chosen","floor":18,"turns":5},{"damage":40,"enemies":"Shell Parasite","floor":21,"turns":8}],"seed_played":"-1451884373089853133","potions_obtained":[{"floor":4.0,"key":"SpeedPotion"},{"floor":14.0,"key":"SpeedPotion"},{"floor":18,"key":"Strength Potion"}],"is_trial":false,"path_per_floor":["M","$","?","M","?","R","M","?","T","?","?","R","?","M","R","B",null,"M","?","?","M"],"character_chosen":"DEFECT","items_purchased":[],"campfire_rested":1,"item_purchase_floors":[],"current_hp_per_floor":[61,61,61,54,43,43,42,35,35,35,35,35,16,16,35,27,55,39,39,39,0],"gold":428,"neow_bonus":"BOSS_RELIC","is_prod":false,"is_daily":false,"chose_seed":false,"campfire_upgraded":2,"win_rate":0,"timestamp":1567745169,"path_taken":["M","$","?","M","?","R","M","?","T","?","?","R","?","M","R","BOSS","M","?","?","M"],"build_version":"2019-07-17","purchased_purges":1,"victory":false,"max_hp_per_floor":[71,71,64,64,64,64,64,64,64,64,64,64,64,64,64,64,64,64,64,64,64],"card_choices":[{"not_picked":["Gash","Barrage"],"picked":"Steam","floor":0.0},{"not_picked":["Beam Cell","Rip and Tear"],"picked":"Skim","floor":0.0},{"not_picked":["Conserve Battery","Skim"],"picked":"Sunder","floor":0.0},{"not_picked":["Coolheaded","Stack"],"picked":"Ball Lightning","floor":0.0},{"not_picked":["Capacitor","Lockon"],"picked":"Ball Lightning","floor":0.0},{"not_picked":["Aggregate","Barrage"],"picked":"Hologram","floor":1.0},{"not_picked":["Turbo","Melter"],"picked":"Fission","floor":4.0},{"not_picked":["Steam","Hologram","Redo"],"picked":"SKIP","floor":7.0},{"not_picked":["Sweeping Beam","Auto Shields","Fusion"],"picked":"SKIP","floor":14.0},{"not_picked":["All For One","Meteor Strike"],"picked":"Fission","floor":16.0},{"not_picked":["Gash","Beam Cell","Redo"],"picked":"SKIP","floor":18}],"player_experience":1112239,"relics_obtained":[{"floor":9.0,"key":"Blue Candle"}],"event_choices":[{"damage_healed":0.0,"max_hp_gain":0.0,"max_hp_loss":7.0,"gold_gain":0.0,"event_name":"Golden Idol","player_choice":"Lose Max HP","floor":3.0,"gold_loss":0.0,"damage_taken":0.0,"relics_obtained":["Golden Idol"]},{"damage_healed":0.0,"max_hp_gain":0.0,"max_hp_loss":0.0,"gold_gain":75.0,"event_name":"World of Goop","player_choice":"Gather Gold","floor":5.0,"gold_loss":0.0,"damage_taken":11.0},{"cards_removed":["Strike_B"],"damage_healed":0.0,"max_hp_gain":0.0,"max_hp_loss":0.0,"gold_gain":0.0,"event_name":"Golden Wing","player_choice":"Card Removal","floor":8.0,"gold_loss":0.0,"damage_taken":7.0},{"damage_healed":0.0,"max_hp_gain":0.0,"max_hp_loss":0.0,"gold_gain":150.0,"event_name":"Liars Game","player_choice":"AGREE","floor":10.0,"gold_loss":0.0,"damage_taken":0.0,"cards_obtained":["Doubt"]},{"damage_healed":0.0,"max_hp_gain":0.0,"max_hp_loss":0.0,"gold_gain":0.0,"event_name":"Big Fish","player_choice":"Box","floor":11.0,"gold_loss":0.0,"damage_taken":0.0,"relics_obtained":["Pen Nib"],"cards_obtained":["Regret"]},{"damage_healed":0.0,"max_hp_gain":0.0,"max_hp_loss":0.0,"gold_gain":0.0,"event_name":"Shining Light","player_choice":"Entered Light","floor":13.0,"gold_loss":0.0,"damage_taken":19.0,"cards_upgraded":["Steam","Zap"]},{"damage_healed":0,"gold_gain":0,"player_choice":"Ignored","damage_taken":0,"max_hp_gain":0,"max_hp_loss":0,"event_name":"Ghosts","floor":19,"gold_loss":0},{"damage_healed":0,"gold_gain":0,"cards_transformed":["Strike_B","Defend_B"],"player_choice":"Became Test Subject","damage_taken":0,"max_hp_gain":0,"max_hp_loss":0,"event_name":"Drug Dealer","floor":20,"gold_loss":0,"cards_obtained":["Reinforced Body","Hyperbeam"]}],"is_beta":false,"boss_relics":[{"not_picked":["Pandora\u0027s Box","Snecko Eye"],"picked":"Inserter"}],"items_purged_floors":[2],"is_endless":false,"potions_floor_spawned":[4,14,18],"killed_by":"Shell Parasite","ascension_level":19}