{"path_per_floor":["M","?","M","M","M","E","R","M","T","?","R","M","?","M","R","B",null,"M","M","M","$","?","R","E","M","T","M","M","$","T","M","R","B",null,"M","?","$","M","?","E","M","R","T","E","$","M","M","?","R","B"],"character_chosen":"THE_SILENT","items_purchased":["Matryoshka","Bag of Preparation","Strawberry"],"gold_per_floor":[110,110,127,138,148,173,173,187,187,187,187,197,197,213,213,308,308,326,338,351,37,37,37,63,77,102,114,126,26,26,44,44,145,145,163,163,17,37,37,101,112,112,139,166,23,38,55,55,55,55],"floor_reached":51,"campfire_rested":2,"playtime":2684,"current_hp_per_floor":[70,63,63,63,54,41,65,61,61,61,61,61,61,57,57,22,80,80,74,70,70,40,40,34,28,28,30,36,36,36,40,40,40,40,39,40,40,40,40,26,21,33,33,32,39,47,35,35,35,16],"items_purged":["Strike_G","Strike_G"],"gold":55,"score":833,"play_id":"ca3caab3-bb68-43ab-8ffa-5d4b02149585","local_time":"20180420170858","is_prod":false,"is_daily":false,"chose_seed":false,"is_ascension_mode":false,"campfire_upgraded":5,"timestamp":1524262138,"path_taken":["M","?","M","?","M","E","R","M","T","?","R","M","?","M","R","BOSS","M","M","M","$","?","R","E","?","T","M","M","$","?","M","R","BOSS","M","?","$","M","?","E","M","R","T","E","$","M","M","?","R","BOSS"],"build_version":"2018-04-19","seed_source_timestamp":0,"purchased_purges":2,"victory":true,"master_deck":["Defend_G","Defend_G","Defend_G","Defend_G","Defend_G","Strike_G","Survivor","Neutralize","Dodge and Roll","Flying Knee","Terror","Escape Plan","Quick Slash","Crippling Poison","Blur+1","Cloak And Dagger","Infinite Blades+1","Tools of the Trade","Bandage Up+1","After Image+1","Die Die Die+1","Footwork+1","Quick Slash+1","Ghostly","Ghostly","Ghostly","Ghostly","Ghostly","Adrenaline+1","Backflip+1","Caltrops","Phantasmal Killer+1","Secret Weapon","Backflip+1","Noxious Fumes","Accuracy+1","Backflip+1"],"max_hp_per_floor":[70,70,70,70,70,80,80,80,80,80,80,80,80,80,80,80,80,80,80,80,80,40,40,40,40,40,40,40,40,40,40,40,40,40,40,40,40,40,40,40,40,40,40,40,47,47,47,47,47,47],"relics":["Runic Dome","Prayer Wheel","Pear","Toolbox","Astrolabe","Matryoshka","Kunai","Bronze Scales","Dream Catcher","Juzu Bracelet","Oddly Smooth Stone","Black Star","Bag of Preparation","Omamori","Tiny Chest","Blood Vial","Orichalcum","Vajra","Strawberry"],"card_choices":[{"not_picked":["Deflect","Quick Slash"],"picked":"Dodge and Roll","floor":1.0},{"not_picked":["Leg Sweep","Underhanded Strike"],"picked":"Flying Knee","floor":3.0},{"not_picked":["Reflex","Slice"],"picked":"Terror","floor":4.0},{"not_picked":["Well Laid Plans","Sucker Punch"],"picked":"Escape Plan","floor":5.0},{"not_picked":["Calculated Gamble","Outmaneuver"],"picked":"Quick Slash","floor":8.0},{"not_picked":["Setup","Infinite Blades"],"picked":"Crippling Poison","floor":9.0},{"not_picked":["Bane","Backstab"],"picked":"Cloak And Dagger","floor":12.0},{"not_picked":["Blade Dance","Heel Hook"],"picked":"Infinite Blades","floor":14.0},{"not_picked":["Tactician","Night Terror"],"picked":"Tools of the Trade","floor":16.0},{"not_picked":["Calculated Gamble","Infinite Blades"],"picked":"Footwork","floor":18.0},{"not_picked":["Deadly Poison","Poisoned Stab"],"picked":"Quick Slash","floor":19.0},{"not_picked":["Bane","Blade Dance"],"picked":"Adrenaline","floor":26.0},{"not_picked":["Malaise","Poisoned Stab"],"picked":"Backflip","floor":27.0},{"not_picked":["Bane","All Out Attack"],"picked":"Caltrops","floor":31.0},{"not_picked":["Corpse Explosion","A Thousand Cuts"],"picked":"Phantasmal Killer","floor":33.0},{"not_picked":["Good Instincts","Trip"],"picked":"Secret Weapon","floor":39},{"not_picked":["Dodge and Roll","Terror"],"picked":"Backflip","floor":40},{"not_picked":["Malaise","Acrobatics"],"picked":"Noxious Fumes","floor":42},{"not_picked":["PiercingWail","Bane"],"picked":"Accuracy","floor":43},{"not_picked":["Sucker Punch","A Thousand Cuts"],"picked":"Backflip","floor":44}],"player_experience":218512,"potions_floor_usage":[50,50],"damage_taken":[{"damage":0.0,"enemies":"2 Louse","floor":1.0,"turns":3.0},{"damage":0.0,"enemies":"Small Slimes","floor":3.0,"turns":5.0},{"damage":0.0,"enemies":"Cultist","floor":4.0,"turns":4.0},{"damage":9.0,"enemies":"Blue Slaver","floor":5.0,"turns":3.0},{"damage":23.0,"enemies":"Gremlin Nob","floor":6.0,"turns":4.0},{"damage":4.0,"enemies":"Gremlin Gang","floor":8.0,"turns":6.0},{"damage":0.0,"enemies":"Large Slime","floor":12.0,"turns":6.0},{"damage":4.0,"enemies":"Exordium Thugs","floor":14.0,"turns":5.0},{"damage":35.0,"enemies":"Slime Boss","floor":16.0,"turns":13.0},{"damage":5.0,"enemies":"Shell Parasite","floor":18.0,"turns":5.0},{"damage":12.0,"enemies":"Chosen","floor":19.0,"turns":5.0},{"damage":10.0,"enemies":"Centurion and Healer","floor":20.0,"turns":8.0},{"damage":12.0,"enemies":"Slavers","floor":24.0,"turns":9.0},{"damage":12.0,"enemies":"Snake Plant","floor":25.0,"turns":5.0},{"damage":4.0,"enemies":"Snecko","floor":27.0,"turns":6.0},{"damage":0.0,"enemies":"Centurion and Healer","floor":28.0,"turns":8.0},{"damage":0.0,"enemies":"Snake Plant","floor":31.0,"turns":5.0},{"damage":0.0,"enemies":"Champ","floor":33.0,"turns":18.0},{"damage":1,"enemies":"3 Shapes","floor":35,"turns":6},{"damage":0,"enemies":"Orb Walker","floor":38,"turns":3},{"damage":20,"enemies":"Nemesis","floor":40,"turns":13},{"damage":11,"enemies":"Maw","floor":41,"turns":10},{"damage":9,"enemies":"2 Orb Walkers","floor":44,"turns":6},{"damage":0,"enemies":"4 Shapes","floor":46,"turns":5},{"damage":18,"enemies":"3 Darklings","floor":47,"turns":6},{"damage":27,"enemies":"Awakened One","floor":50,"turns":12}],"event_choices":[{"event_name":"Scrap Ooze","player_choice":"success","floor":2.0,"damage_taken":7.0},{"event_name":"Match and Keep!","player_choice":"2 cards matched","floor":10.0,"damage_taken":0.0},{"event_name":"Liars Game","player_choice":"disagreed","floor":13.0,"damage_taken":0.0},{"event_name":"Ghosts","player_choice":"Became a Ghost","floor":22.0,"damage_taken":0.0},{"event_name":"Wheel of Change","player_choice":"Full Heal","floor":36,"damage_taken":0},{"event_name":"SensoryStone","player_choice":"Memory 1","floor":39,"damage_taken":0},{"event_name":"SecretPortal","player_choice":"Rejected Portal.","floor":48,"damage_taken":0}],"boss_relics":[{"not_picked":["Lizard Tail","Sozu"],"picked":"Black Star"}],"potions_floor_spawned":[4,6,14,16,19,20,28,33,35,41,44],"seed_played":"4710739463701076382","ascension_level":0,"is_trial":false}