{"path_per_floor":["M","?","?","M","?","E","R","M","T","?","?","E","R","M","R","B",null,"M","?","$","M","?","R","E","R","T","E","M","M","$","E","R","B",null,"M","?","M","?","?","R","?","T","T","M","E","$","M","M","R"],"character_chosen":"THE_SILENT","items_purchased":["Gambling Chip","Lee\u0027s Waffle","Acrobatics","Blood Vial","Girya"],"gold_per_floor":[114,114,114,128,128,159,159,172,172,197,197,237,237,253,253,379,417,435,350,37,58,58,58,101,101,125,158,183,203,6,39,39,169,169,194,194,214,547,547,547,547,547,547,561,588,18,28,40,40],"floor_reached":50,"campfire_rested":4,"playtime":2835,"current_hp_per_floor":[70,56,56,56,49,30,51,46,60,50,50,40,65,65,65,37,89,77,77,77,77,77,77,76,76,76,56,35,33,106,59,105,45,106,93,93,97,97,97,97,97,97,97,94,50,50,52,51,97],"items_purged":["Injury"],"gold":40,"score":611,"play_id":"49f189b6-44c6-4b23-b39a-89a01171a84b","local_time":"20180318232759","is_prod":false,"is_daily":false,"is_ascension_mode":false,"campfire_upgraded":4,"timestamp":1521433679,"path_taken":["M","?","?","?","?","E","R","M","T","?","?","E","R","M","R","BOSS","M","?","$","M","?","R","E","R","T","E","M","M","$","E","R","BOSS","M","?","M","?","?","R","?","?","T","M","E","$","M","M","R","BOSS"],"build_version":"2018-03-15v3","purchased_purges":1,"victory":false,"master_deck":["Defend_G","Defend_G","Defend_G+1","Defend_G","Strike_G+1","Strike_G","Strike_G+1","Survivor+1","Neutralize+1","Poisoned Stab","Bane","Venomology+1","Dagger Spray+1","Dagger Throw","Deadly Poison","Die Die Die","Flying Knee+1","Backflip+1","Flying Knee+1","Flying Knee+1","Sucker Punch+1","Footwork","Adrenaline+1","Deflect+1","Parasite","Parasite","Predator+1","Acrobatics","Underhanded Strike","Backflip+1"],"max_hp_per_floor":[70,70,70,70,70,70,70,70,84,84,84,84,84,84,84,84,89,89,89,89,89,89,89,99,99,99,99,99,99,106,106,106,106,106,106,106,106,106,106,106,106,106,106,106,106,106,106,106,106],"relics":["Ring of the Snake","Toolbox","Mango","Odd Mushroom","War Paint","Tiny House","Mummified Hand","Gambling Chip","Pear","Regal Pillow","Bottled Lightning","Lee\u0027s Waffle","Thread and Needle","Cursed Key","Tough Bandages","Blood Vial","Girya"],"card_choices":[{"not_picked":["PiercingWail","Deadly Poison"],"picked":"Poisoned Stab"},{"not_picked":["Slice","Outmaneuver"],"picked":"Bane"},{"not_picked":["Prepared","Wraith Form"],"picked":"Venomology"},{"not_picked":["Dodge and Roll","Sucker Punch"],"picked":"Dagger Spray"},{"not_picked":["Outmaneuver","Sucker Punch"],"picked":"Dagger Throw"},{"not_picked":["Unload","Bouncing Flask"],"picked":"Deadly Poison"},{"not_picked":["Bullet Time","A Thousand Cuts"],"picked":"Die Die Die"},{"not_picked":["Bane","Blade Dance"],"picked":"Flying Knee"},{"not_picked":["Infinite Blades","Sucker Punch"],"picked":"Backflip"},{"not_picked":["Choke","Dash"],"picked":"Flying Knee"},{"not_picked":["Noxious Fumes","Bane"],"picked":"Flying Knee"},{"not_picked":["Deadly Poison","Reflex"],"picked":"Sucker Punch"},{"not_picked":["Prepared","Flechettes"],"picked":"Footwork"},{"not_picked":["Die Die Die","Night Terror"],"picked":"Adrenaline"},{"not_picked":["Dagger Throw","Expertise"],"picked":"Deflect"},{"not_picked":["Escape Plan","Deflect"],"picked":"Predator"},{"not_picked":["Choke","Masterful Stab"],"picked":"Underhanded Strike"},{"not_picked":["All Out Attack","Crippling Poison"],"picked":"Backflip"}],"player_experience":40903,"potions_floor_usage":[28,29,29,31,33,33,33,35,37,37,44,44,45,45,47,50,50],"damage_taken":[{"damage":0.0,"enemies":"Jaw Worm","floor":1.0,"turns":5.0},{"damage":0.0,"enemies":"Cultist","floor":4.0,"turns":3.0},{"damage":19.0,"enemies":"3 Sentries","floor":6.0,"turns":11.0},{"damage":5.0,"enemies":"2 Louse","floor":8.0,"turns":3.0},{"damage":10.0,"enemies":"The Mushroom Lair","floor":10.0,"turns":5.0},{"damage":10.0,"enemies":"Gremlin Nob","floor":12.0,"turns":5.0},{"damage":0.0,"enemies":"2 Fungi Beasts","floor":14.0,"turns":2.0},{"damage":28.0,"enemies":"Slime Boss","floor":16.0,"turns":7.0},{"damage":12.0,"enemies":"Spheric Guardian","floor":18.0,"turns":4.0},{"damage":0.0,"enemies":"3 Byrds","floor":21.0,"turns":4.0},{"damage":11.0,"enemies":"Book of Stabbing","floor":24.0,"turns":5.0},{"damage":20.0,"enemies":"Slavers","floor":27.0,"turns":4.0},{"damage":21,"enemies":"Slaver and Parasite","floor":28,"turns":6},{"damage":2,"enemies":"Centurion and Healer","floor":29,"turns":5},{"damage":47,"enemies":"Slavers","floor":31,"turns":5},{"damage":60,"enemies":"Collector","floor":33,"turns":9},{"damage":13,"enemies":"Orb Walker","floor":35,"turns":3},{"damage":0,"enemies":"3 Darklings","floor":37,"turns":3},{"damage":3,"enemies":"Sphere and 2 Shapes","floor":44,"turns":3},{"damage":59,"enemies":"Nemesis","floor":45,"turns":9},{"damage":0,"enemies":"Maw","floor":47,"turns":8},{"damage":3,"enemies":"4 Shapes","floor":48,"turns":3},{"damage":118,"enemies":"Donu and Deca","floor":50,"turns":7}],"event_choices":[{"event_name":"Shining Light","player_choice":"Entered Light","floor":2.0,"damage_taken":0.0},{"event_name":"Golden Idol","player_choice":"Take Wound","floor":3.0,"damage_taken":0.0},{"event_name":"Golden Wing","player_choice":"Card Removal","floor":5.0,"damage_taken":0.0},{"event_name":"Mushrooms","player_choice":"Fought Mushrooms","floor":10.0,"damage_taken":0.0},{"event_name":"Purifier","player_choice":"One Purge","floor":11.0,"damage_taken":0.0},{"event_name":"Addict","player_choice":"Obtained Relic","floor":19.0,"damage_taken":0.0},{"event_name":"Drug Dealer","player_choice":"Ignored","floor":22.0,"damage_taken":0.0},{"event_name":"Accursed Blacksmith","player_choice":"Forge","floor":36,"damage_taken":0},{"event_name":"The Moai Head","player_choice":"Gave Idol","floor":38,"damage_taken":0},{"event_name":"Tomb of Lord Red Mask","player_choice":"Ignored","floor":39,"damage_taken":0},{"event_name":"Mysterious Sphere","player_choice":"Ignore","floor":41,"damage_taken":0}],"boss_relics":[{"not_picked":["Lizard Tail","Velvet Choker"],"picked":"Cursed Key"}],"potions_floor_spawned":[6,12,21,24,27,31,33,35,37,44,48],"seed_played":"6946913632733231883","killed_by":"Donu and Deca","ascension_level":0,"is_trial":false}