{"gold_per_floor":[117,117,117,29,47,76,1,1,57,57,17,17,35,45,45,118,118,129,129,148,163,163,163,182,214,214,214,228,228,228,228,228,304,304,317,317,329,329,346,346,61,77,77,96,113,113,137,491,491,491],"floor_reached":50,"playtime":2215,"items_purged":["Strike_R"],"score":945,"play_id":"9f014ba9-eaea-4106-a886-4f42e6cbcb5d","local_time":"20190918164150","is_ascension_mode":true,"campfire_choices":[{"data":"Strike_R","floor":8.0,"key":"PURGE"},{"data":"Uppercut","floor":10.0,"key":"SMITH"},{"data":"Shrug It Off","floor":15.0,"key":"SMITH"},{"floor":23.0,"key":"REST"},{"floor":27.0,"key":"REST"},{"floor":32.0,"key":"REST"},{"floor":40.0,"key":"REST"},{"floor":46,"key":"REST"},{"floor":49,"key":"REST"}],"neow_cost":"NONE","seed_source_timestamp":580719427935762,"circlet_count":0,"master_deck":["AscendersBane","Strike_R","Strike_R+1","Defend_R","Defend_R","Defend_R","Defend_R+1","Bash","Offering","Whirlwind+1","Seeing Red","Shrug It Off+1","Double Tap","Whirlwind+1","Seeing Red","Flex+1","Reaper","Pommel Strike+1","Flex+1","Apotheosis+1","Bludgeon","Flame Barrier+1"],"special_seed":0,"relics":["Black Blood","Bag of Preparation","Peace Pipe","Tiny Chest","Fusion Hammer","Mummified Hand","Toxic Egg 2","Red Skull","Unceasing Top","Frozen Egg 2","Bronze Scales","Old Coin"],"potions_floor_usage":[45],"damage_taken":[{"damage":1.0,"enemies":"Cultist","floor":1.0,"turns":3.0},{"damage":6.0,"enemies":"Small Slimes","floor":5.0,"turns":2.0},{"damage":8.0,"enemies":"Gremlin Nob","floor":6.0,"turns":3.0},{"damage":0.0,"enemies":"2 Louse","floor":13.0,"turns":1.0},{"damage":6.0,"enemies":"Blue Slaver","floor":14.0,"turns":2.0},{"damage":52.0,"enemies":"Hexaghost","floor":16.0,"turns":11.0},{"damage":6.0,"enemies":"3 Byrds","floor":18.0,"turns":4.0},{"damage":11.0,"enemies":"Shell Parasite","floor":20.0,"turns":3.0},{"damage":28.0,"enemies":"Sentry and Sphere","floor":21.0,"turns":4.0},{"damage":6.0,"enemies":"3 Cultists","floor":24.0,"turns":2.0},{"damage":21.0,"enemies":"Book of Stabbing","floor":25.0,"turns":3.0},{"damage":6.0,"enemies":"Centurion and Healer","floor":28.0,"turns":1.0},{"damage":32.0,"enemies":"Collector","floor":33.0,"turns":6.0},{"damage":6.0,"enemies":"3 Darklings","floor":35.0,"turns":2.0},{"damage":34.0,"enemies":"3 Shapes","floor":37.0,"turns":9.0},{"damage":31.0,"enemies":"Writhing Mass","floor":39.0,"turns":6.0},{"damage":6.0,"enemies":"Jaw Worm Horde","floor":42.0,"turns":1.0},{"damage":24.0,"enemies":"Spire Growth","floor":44.0,"turns":3.0},{"damage":43,"enemies":"Sphere and 2 Shapes","floor":45,"turns":1},{"damage":22,"enemies":"2 Orb Walkers","floor":48,"turns":2},{"damage":129,"enemies":"Donu and Deca","floor":50,"turns":7}],"seed_played":"-8875392610037840769","potions_obtained":[{"floor":5.0,"key":"SteroidPotion"},{"floor":6.0,"key":"SteroidPotion"},{"floor":14.0,"key":"Block Potion"},{"floor":18.0,"key":"Dexterity Potion"},{"floor":24.0,"key":"Block Potion"},{"floor":25.0,"key":"SpeedPotion"},{"floor":42.0,"key":"Block Potion"},{"floor":44.0,"key":"Energy Potion"}],"is_trial":false,"path_per_floor":["M","?","?","$","M","E","$","R","T","R","$","?","M","M","R","B",null,"M","?","M","M","?","R","M","E","T","R","M","?","T","T","R","B",null,"M","?","M","?","M","R","$","M","T","M","M","R","T","?","R","B"],"character_chosen":"IRONCLAD","items_purchased":["Whirlwind","Seeing Red","Apotheosis+1","Bludgeon"],"campfire_rested":6,"item_purchase_floors":[4,11,41,41],"current_hp_per_floor":[73,50,50,50,50,48,48,48,48,48,48,48,54,54,54,8,58,58,37,32,10,10,34,34,19,19,43,43,43,43,43,67,41,70,80,80,63,63,42,66,66,70,70,79,46,70,70,58,80,0],"gold":491,"neow_bonus":"RANDOM_COMMON_RELIC","is_prod":false,"is_daily":false,"chose_seed":false,"campfire_upgraded":2,"win_rate":0,"timestamp":1568842910,"path_taken":["M","?","?","$","?","E","?","R","T","R","$","?","M","M","R","BOSS","M","?","M","M","?","R","M","E","T","R","?","?","?","?","R","BOSS","M","?","?","?","M","R","$","M","T","M","M","R","?","?","R","BOSS"],"build_version":"2019-07-17","purchased_purges":1,"victory":false,"max_hp_per_floor":[75,75,75,75,75,75,75,75,75,75,75,75,75,75,75,75,75,75,80,80,80,80,80,80,80,80,80,80,80,80,80,80,80,80,80,80,80,80,80,80,80,80,80,80,80,80,80,80,80,80],"card_choices":[{"not_picked":["True Grit","Iron Wave","Metallicize"],"picked":"SKIP","floor":1.0},{"not_picked":["Thunderclap","Anger"],"picked":"Uppercut","floor":5.0},{"not_picked":["Rupture","Warcry","Uppercut"],"picked":"SKIP","floor":6.0},{"not_picked":["Armaments","Sword Boomerang","Clash"],"picked":"SKIP","floor":13.0},{"not_picked":["Anger","Clothesline"],"picked":"Shrug It Off","floor":14.0},{"not_picked":["Bludgeon","Impervious"],"picked":"Double Tap","floor":16.0},{"not_picked":["Havoc","Iron Wave","Pommel Strike"],"picked":"SKIP","floor":18.0},{"not_picked":["Anger","Cleave","Shrug It Off"],"picked":"SKIP","floor":20.0},{"not_picked":["Wild Strike","Clothesline"],"picked":"Whirlwind+1","floor":21.0},{"not_picked":["Hemokinesis","Dropkick","Twin Strike+1"],"picked":"SKIP","floor":24.0},{"not_picked":["Thunderclap+1","Shrug It Off"],"picked":"Seeing Red","floor":25.0},{"not_picked":["Hemokinesis","Perfected Strike","Intimidate+1"],"picked":"SKIP","floor":28.0},{"not_picked":["Exhume+1","Immolate"],"picked":"Reaper","floor":33.0},{"not_picked":["Feel No Pain","Inflame"],"picked":"Pommel Strike+1","floor":35.0},{"not_picked":["Sword Boomerang","True Grit+1","Metallicize"],"picked":"SKIP","floor":37.0},{"not_picked":["Armaments+1","Rage+1"],"picked":"Flex+1","floor":39.0},{"not_picked":["Flex+1","Whirlwind","Headbutt+1"],"picked":"SKIP","floor":42.0},{"not_picked":["Clothesline+1","Carnage","Armaments+1"],"picked":"SKIP","floor":44.0},{"not_picked":["Clothesline","Clash+1","Twin Strike+1"],"picked":"SKIP","floor":45},{"not_picked":["Reckless Charge","Corruption+1"],"picked":"Flame Barrier+1","floor":48}],"player_experience":1354149,"relics_obtained":[{"floor":6.0,"key":"Peace Pipe"},{"floor":9.0,"key":"Tiny Chest"},{"floor":25.0,"key":"Mummified Hand"},{"floor":26.0,"key":"Toxic Egg 2"},{"floor":30.0,"key":"Red Skull"},{"floor":31.0,"key":"Unceasing Top"},{"floor":43.0,"key":"Frozen Egg 2"},{"floor":47,"key":"Bronze Scales"},{"floor":48,"key":"Old Coin"}],"event_choices":[{"damage_healed":0.0,"max_hp_gain":0.0,"max_hp_loss":0.0,"gold_gain":0.0,"event_name":"Shining Light","player_choice":"Entered Light","floor":2.0,"gold_loss":0.0,"damage_taken":23.0,"cards_upgraded":["Strike_R","Defend_R"]},{"damage_healed":0.0,"max_hp_gain":0.0,"max_hp_loss":0.0,"gold_gain":0.0,"event_name":"Match and Keep!","player_choice":"1 cards matched","floor":3.0,"gold_loss":0.0,"damage_taken":0.0,"cards_obtained":["Offering"]},{"damage_healed":0.0,"max_hp_gain":0.0,"max_hp_loss":0.0,"gold_gain":0.0,"event_name":"Living Wall","player_choice":"Grow","floor":12.0,"gold_loss":0.0,"damage_taken":0.0,"cards_upgraded":["Whirlwind"]},{"damage_healed":0.0,"max_hp_gain":5.0,"max_hp_loss":0.0,"gold_gain":0.0,"event_name":"Forgotten Altar","player_choice":"Shed Blood","floor":19.0,"gold_loss":0.0,"damage_taken":26.0},{"damage_healed":0.0,"max_hp_gain":0.0,"max_hp_loss":0.0,"gold_gain":0.0,"event_name":"FaceTrader","player_choice":"Leave","floor":22.0,"gold_loss":0.0,"damage_taken":0.0},{"damage_healed":0.0,"max_hp_gain":0.0,"max_hp_loss":0.0,"gold_gain":0.0,"event_name":"The Library","player_choice":"Read","floor":29.0,"gold_loss":0.0,"damage_taken":0.0,"cards_obtained":["Flex"]},{"cards_removed":["Strike_R"],"damage_healed":0.0,"max_hp_gain":0.0,"max_hp_loss":0.0,"gold_gain":0.0,"event_name":"Purifier","player_choice":"Purged","floor":36.0,"gold_loss":0.0,"damage_taken":0.0},{"cards_removed":["Uppercut"],"damage_healed":0.0,"max_hp_gain":0.0,"max_hp_loss":0.0,"gold_gain":0.0,"event_name":"Falling","player_choice":"Removed Attack","floor":38.0,"gold_loss":0.0,"damage_taken":0.0},{"damage_healed":0,"gold_gain":0,"player_choice":"Fight","damage_taken":0,"max_hp_gain":0,"max_hp_loss":0,"event_name":"Mysterious Sphere","floor":48,"gold_loss":0}],"is_beta":false,"boss_relics":[{"not_picked":["Busted Crown","Orrery"],"picked":"Fusion Hammer"},{"not_picked":["Astrolabe","Runic Dome"],"picked":"Black Blood"}],"items_purged_floors":[7],"is_endless":false,"potions_floor_spawned":[5,6,14,18,24,25,42,44],"killed_by":"Donu and Deca","ascension_level":20}