{"gold_per_floor":[117,133,30,205,219,219,219,219,219,219,169,169,13,37,37,163,163,186,186,93,116,131,131,155,155],"floor_reached":25,"playtime":1290,"items_purged":[],"score":216,"play_id":"19fa1451-a149-43c1-bff1-420433ae3708","local_time":"20181107051051","is_ascension_mode":false,"campfire_choices":[{"data":"Feed","floor":6.0,"key":"SMITH"},{"data":"Bash","floor":8.0,"key":"SMITH"},{"data":"Shrug It Off","floor":10.0,"key":"SMITH"},{"data":"Power Through","floor":15.0,"key":"SMITH"},{"floor":23,"key":"REST"}],"neow_cost":"TEN_PERCENT_HP_LOSS","seed_source_timestamp":0,"circlet_count":0,"master_deck":["Strike_R","Strike_R","Strike_R","Strike_R","Strike_R","Defend_R","Defend_R","Defend_R","Defend_R","Bash+1","Feed+1","Headbutt","Shrug It Off+1","Power Through+1","Offering","Warcry","Double Tap","Searing Blow+1","Pommel Strike","Flash of Steel","Twin Strike+1","Spot Weakness+1"],"special_seed":0,"relics":["Burning Blood","Pantograph","Golden Idol","Runic Pyramid"],"potions_floor_usage":[],"damage_taken":[{"damage":10.0,"enemies":"Small Slimes","floor":1.0,"turns":4.0},{"damage":11.0,"enemies":"Jaw Worm","floor":2.0,"turns":3.0},{"damage":0.0,"enemies":"2 Louse","floor":5.0,"turns":4.0},{"damage":7.0,"enemies":"2 Fungi Beasts","floor":14.0,"turns":3.0},{"damage":56.0,"enemies":"The Guardian","floor":16.0,"turns":15.0},{"damage":53,"enemies":"3 Byrds","floor":18,"turns":7},{"damage":26,"enemies":"2 Thieves","floor":21,"turns":4},{"damage":32,"enemies":"3 Cultists","floor":22,"turns":6},{"damage":27,"enemies":"Snake Plant","floor":24,"turns":4},{"damage":23,"enemies":"Sentry and Sphere","floor":25,"turns":3}],"seed_played":"8139680813651899053","potions_obtained":[{"floor":2.0,"key":"PowerPotion"},{"floor":14.0,"key":"Poison Potion"},{"floor":16.0,"key":"Weak Potion"},{"floor":18,"key":"GamblersBrew"},{"floor":21,"key":"Energy Potion"}],"is_trial":false,"path_per_floor":["M","M","$","?","M","R","?","R","T","R","?","?","$","M","R","B",null,"M","?","$","M","M","R","M","M"],"character_chosen":"IRONCLAD","items_purchased":["Fruit Juice","Offering","Flash of Steel"],"campfire_rested":1,"item_purchase_floors":[3,13,20],"current_hp_per_floor":[71,69,74,74,83,83,83,83,83,83,83,80,80,83,83,38,88,45,45,45,29,7,37,16,0],"gold":155,"neow_bonus":"THREE_RARE_CARDS","is_prod":false,"is_daily":false,"chose_seed":false,"campfire_upgraded":4,"win_rate":0,"timestamp":1541589051,"path_taken":["M","M","$","?","M","R","?","R","T","R","?","?","$","M","R","BOSS","M","?","$","M","M","R","M","M"],"build_version":"2018-11-01","purchased_purges":0,"victory":false,"max_hp_per_floor":[75,78,83,83,86,86,86,86,86,86,86,80,80,84,84,88,88,92,92,92,96,100,100,100,100],"card_choices":[{"not_picked":["Offering","Juggernaut"],"picked":"Feed","floor":0.0},{"not_picked":["Armaments","Flex"],"picked":"Headbutt","floor":1.0},{"not_picked":["Heavy Blade","Sword Boomerang"],"picked":"Shrug It Off","floor":2.0},{"not_picked":["Clash","Limit Break"],"picked":"Power Through","floor":5.0},{"not_picked":["Whirlwind","Headbutt"],"picked":"Warcry","floor":14.0},{"not_picked":["Barricade","Dark Embrace"],"picked":"Double Tap","floor":16.0},{"not_picked":["Sword Boomerang+1","Clothesline"],"picked":"Searing Blow+1","floor":18},{"not_picked":["Rupture","Heavy Blade"],"picked":"Twin Strike+1","floor":21},{"not_picked":["True Grit+1","Whirlwind","Corruption"],"picked":"SKIP","floor":22},{"not_picked":["True Grit","Dropkick"],"picked":"Spot Weakness+1","floor":24}],"player_experience":21055,"relics_obtained":[{"floor":9.0,"key":"Pantograph"}],"event_choices":[{"damage_healed":0.0,"max_hp_gain":0.0,"max_hp_loss":0.0,"gold_gain":175.0,"event_name":"Liars Game","player_choice":"AGREE","floor":4.0,"gold_loss":0.0,"damage_taken":0.0,"cards_obtained":["Doubt"]},{"damage_healed":0.0,"max_hp_gain":0.0,"max_hp_loss":0.0,"gold_gain":30.0,"event_name":"Dead Adventurer","player_choice":"Searched \u00271\u0027 times","floor":7.0,"gold_loss":0.0,"damage_taken":0.0},{"cards_removed":["Doubt"],"damage_healed":0.0,"max_hp_gain":0.0,"max_hp_loss":0.0,"gold_gain":0.0,"event_name":"The Cleric","player_choice":"Card Removal","floor":11.0,"gold_loss":50.0,"damage_taken":0.0},{"damage_healed":0.0,"max_hp_gain":0.0,"max_hp_loss":6.0,"gold_gain":0.0,"event_name":"Golden Idol","player_choice":"Lose Max HP","floor":12.0,"gold_loss":0.0,"damage_taken":0.0,"relics_obtained":["Golden Idol"]},{"damage_healed":0,"gold_gain":0,"player_choice":"Read","damage_taken":0,"max_hp_gain":0,"max_hp_loss":0,"event_name":"The Library","floor":19,"gold_loss":0,"cards_obtained":["Pommel Strike"]}],"is_beta":false,"boss_relics":[{"not_picked":["Coffee Dripper","Fusion Hammer"],"picked":"Runic Pyramid"}],"items_purged_floors":[],"is_endless":false,"potions_floor_spawned":[2,14,16,18,21],"killed_by":"Sentry and Sphere","ascension_level":0}