{"gold_per_floor":[113,131,144,161,236,267,267,267,267,267,300,250,266,266,266,266],"floor_reached":16,"playtime":1139,"items_purged":[],"score":135,"play_id":"11fc28dc-c152-435f-9a03-178862e3503d","local_time":"20190915120238","is_ascension_mode":false,"campfire_choices":[{"data":"Clothesline","floor":7,"key":"SMITH"},{"data":"Uppercut","floor":15,"key":"SMITH"}],"neow_cost":"NONE","seed_source_timestamp":569364251336460,"circlet_count":0,"master_deck":["Strike_R","Strike_R+1","Strike_R","Strike_R","Defend_R","Defend_R","Defend_R","Bash","Heavy Blade","Clothesline+1","Uppercut+1","Dual Wield+1"],"relics":["Burning Blood","Singing Bowl","Mercury Hourglass","Pear","Toxic Egg 2"],"potions_floor_usage":[11,16],"damage_taken":[{"damage":10,"enemies":"2 Louse","floor":1,"turns":3},{"damage":15,"enemies":"Jaw Worm","floor":2,"turns":5},{"damage":5,"enemies":"Small Slimes","floor":3,"turns":3},{"damage":5,"enemies":"2 Fungi Beasts","floor":4,"turns":4},{"damage":26,"enemies":"Gremlin Nob","floor":6,"turns":5},{"damage":14,"enemies":"Lagavulin","floor":11,"turns":5},{"damage":8,"enemies":"3 Louse","floor":13,"turns":3},{"damage":28,"enemies":"Hexaghost","floor":16,"turns":10}],"seed_played":"-2659796623030041529","potions_obtained":[{"floor":4,"key":"Block Potion"},{"floor":6,"key":"SneckoOil"}],"is_trial":false,"path_per_floor":["M","M","M","M","?","E","R","T","T","?","E","?","M","?","R","B"],"character_chosen":"IRONCLAD","items_purchased":[],"campfire_rested":0,"item_purchase_floors":[],"current_hp_per_floor":[84,75,76,77,66,48,48,48,58,38,30,30,30,30,30,2],"gold":266,"neow_bonus":"TEN_PERCENT_HP_BONUS","is_prod":false,"is_daily":false,"chose_seed":false,"campfire_upgraded":2,"win_rate":0,"timestamp":1568563358,"path_taken":["M","M","M","M","?","E","R","?","T","?","E","?","M","?","R","BOSS"],"build_version":"2019-07-17","purchased_purges":0,"victory":false,"max_hp_per_floor":[88,88,88,88,88,90,90,90,100,100,100,100,102,102,102,102],"card_choices":[{"not_picked":["True Grit","Thunderclap","Pummel"],"picked":"SKIP","floor":1},{"not_picked":["Warcry","Clash"],"picked":"Heavy Blade","floor":2},{"not_picked":["Pommel Strike","Iron Wave"],"picked":"Clothesline","floor":3},{"not_picked":["Anger","Rupture","True Grit"],"picked":"SKIP","floor":4},{"not_picked":["Thunderclap","Brutality","Clothesline"],"picked":"Singing Bowl","floor":6},{"not_picked":["Thunderclap","Dual Wield"],"picked":"Uppercut","floor":11},{"not_picked":["Infernal Blade+1","Sentinel+1","Iron Wave"],"picked":"Singing Bowl","floor":13}],"player_experience":116017,"relics_obtained":[{"floor":6,"key":"Singing Bowl"},{"floor":8,"key":"Mercury Hourglass"},{"floor":9,"key":"Pear"},{"floor":11,"key":"Toxic Egg 2"}],"event_choices":[{"damage_healed":0,"gold_gain":75,"player_choice":"Gather Gold","damage_taken":11,"max_hp_gain":0,"max_hp_loss":0,"event_name":"World of Goop","floor":5,"gold_loss":0},{"damage_healed":0,"gold_gain":0,"player_choice":"Entered Light","damage_taken":20,"max_hp_gain":0,"max_hp_loss":0,"event_name":"Shining Light","floor":10,"gold_loss":0,"cards_upgraded":["Strike_R","Strike_R"]},{"cards_removed":["Strike_R"],"damage_healed":0,"gold_gain":0,"player_choice":"Card Removal","damage_taken":0,"max_hp_gain":0,"max_hp_loss":0,"event_name":"The Cleric","floor":12,"gold_loss":50},{"damage_healed":0,"gold_gain":0,"cards_transformed":["Defend_R"],"player_choice":"Change","damage_taken":0,"max_hp_gain":0,"max_hp_loss":0,"event_name":"Living Wall","floor":14,"gold_loss":0,"cards_obtained":["Dual Wield"]}],"is_beta":false,"boss_relics":[],"items_purged_floors":[],"is_endless":false,"potions_floor_spawned":[4,6],"killed_by":"Hexaghost","ascension_level":0}