{"gold_per_floor":[16,30,41,41,41,41,56,75,75,75,104,104,117,117],"floor_reached":14,"playtime":511,"items_purged":[],"score":92,"play_id":"63568dca-33fb-4225-b083-0622fdb38380","local_time":"20190426101136","is_ascension_mode":false,"campfire_choices":[{"data":"Hologram","floor":6,"key":"SMITH"},{"data":"Zap","floor":10,"key":"SMITH"}],"neow_cost":"NO_GOLD","seed_source_timestamp":200199399233538,"circlet_count":0,"master_deck":["Strike_B","Strike_B","Strike_B","Strike_B","Defend_B","Defend_B","Defend_B","Defend_B","Zap+1","Dualcast","Hologram+1","Auto Shields","Redo","Coolheaded","Fission","Leap"],"relics":["Cracked Core","Torii","Potion Belt","Pen Nib","Blue Candle"],"potions_floor_usage":[],"damage_taken":[{"damage":8,"enemies":"2 Louse","floor":1,"turns":3},{"damage":2,"enemies":"Jaw Worm","floor":2,"turns":5},{"damage":1,"enemies":"Cultist","floor":3,"turns":4},{"damage":3,"enemies":"Blue Slaver","floor":7,"turns":5},{"damage":8,"enemies":"Exordium Thugs","floor":8,"turns":4},{"damage":35,"enemies":"Gremlin Nob","floor":11,"turns":4},{"damage":7,"enemies":"Large Slime","floor":13,"turns":9},{"damage":0,"enemies":"3 Louse","floor":14,"turns":1}],"seed_played":"-2995814169597957255","potions_obtained":[{"floor":1,"key":"Block Potion"},{"floor":13,"key":"Ancient Potion"}],"is_trial":false,"path_per_floor":["M","M","M","?","$","R","M","M","T","R","E","T","M","M"],"character_chosen":"DEFECT","items_purchased":[],"campfire_rested":0,"item_purchase_floors":[],"current_hp_per_floor":[67,65,64,57,57,57,54,46,46,46,11,11,4,4],"gold":117,"neow_bonus":"ONE_RARE_RELIC","is_prod":false,"is_daily":false,"chose_seed":false,"campfire_upgraded":2,"win_rate":0.0,"timestamp":1556291496,"path_taken":["M","M","M","?","$","R","M","M","T","R","E","?","M","M"],"build_version":"2019-01-23","purchased_purges":0,"victory":false,"max_hp_per_floor":[75,75,75,75,75,75,75,75,75,75,75,75,75,75],"card_choices":[{"not_picked":["Undo","Conserve Battery"],"picked":"Hello World","floor":1},{"not_picked":["Barrage","Turbo"],"picked":"Hologram","floor":2},{"not_picked":["Rebound","Stack"],"picked":"Auto Shields","floor":3},{"not_picked":["Stack","Rebound"],"picked":"Redo","floor":7},{"not_picked":["Machine Learning","Redo"],"picked":"Coolheaded","floor":8},{"not_picked":["Reinforced Body","Turbo"],"picked":"Fission","floor":11},{"not_picked":["Ball Lightning","Hologram"],"picked":"Leap","floor":13}],"player_experience":90143,"relics_obtained":[{"floor":9,"key":"Potion Belt"},{"floor":11,"key":"Pen Nib"},{"floor":12,"key":"Blue Candle"}],"event_choices":[{"cards_removed":["Hello World"],"damage_healed":0,"gold_gain":0,"player_choice":"Card Removal","damage_taken":7,"max_hp_gain":0,"max_hp_loss":0,"event_name":"Golden Wing","floor":4,"gold_loss":0}],"is_beta":false,"boss_relics":[],"items_purged_floors":[],"is_endless":false,"potions_floor_spawned":[1,13],"killed_by":"3 Louse","ascension_level":0}