{"gold_per_floor":[112,125,140,150,100,165,175,175,175,175,185,185,201,213,213,309,309,322,131,150,150,65,99,99,109,157,157,86,97,110,110,110,209,209,219,59,59,72,99,99,99,99,124,141,154,154,164,181,181,181],"floor_reached":51,"playtime":1478,"items_purged":["Strike_R"],"score":773,"play_id":"5de68442-a15f-4060-ad7a-a28a4af620f3","local_time":"20190213090555","is_ascension_mode":false,"campfire_choices":[{"data":"Flex","floor":8,"key":"SMITH"},{"data":"Feed","floor":10,"key":"SMITH"},{"data":"Inflame","floor":12,"key":"SMITH"},{"data":"Heavy Blade","floor":15,"key":"SMITH"},{"data":"1","floor":24,"key":"LIFT"},{"data":"2","floor":27,"key":"LIFT"},{"floor":32,"key":"REST"},{"data":"3","floor":40,"key":"LIFT"},{"data":"Flex","floor":42,"key":"SMITH"},{"data":"Flex","floor":46,"key":"SMITH"},{"floor":49,"key":"REST"}],"neow_cost":"TEN_PERCENT_HP_LOSS","seed_source_timestamp":36636211910765,"circlet_count":0,"master_deck":["Strike_R","Strike_R","Strike_R","Defend_R","Defend_R","Defend_R","Bash","Heavy Blade","Flex+1","Feed+1","Cleave","Pommel Strike","Inflame+1","Heavy Blade+1","Reaper","Heavy Blade+1","J.A.X.","Evolve","Heavy Blade","Bludgeon","Pommel Strike+1","Flex+1","Inflame","Dramatic Entrance","Heavy Blade+1","Heavy Blade+1","Flex+1","Heavy Blade+1"],"relics":["Burning Blood","Gambling Chip","Tiny Chest","Pantograph","Mark of Pain","Brimstone","PreservedInsect","Girya","Pen Nib","Runic Cube","Art of War","Anchor"],"potions_floor_usage":[16,16,16,33,47,50,50],"damage_taken":[{"damage":5,"enemies":"Jaw Worm","floor":1,"turns":5},{"damage":2,"enemies":"Small Slimes","floor":2,"turns":3},{"damage":2,"enemies":"2 Louse","floor":3,"turns":3},{"damage":10,"enemies":"Looter","floor":4,"turns":4},{"damage":16,"enemies":"3 Sentries","floor":6,"turns":8},{"damage":8,"enemies":"Exordium Wildlife","floor":7,"turns":4},{"damage":0,"enemies":"3 Louse","floor":11,"turns":2},{"damage":0,"enemies":"Large Slime","floor":13,"turns":4},{"damage":8,"enemies":"Gremlin Gang","floor":14,"turns":3},{"damage":48,"enemies":"Hexaghost","floor":16,"turns":6},{"damage":10,"enemies":"Chosen","floor":18,"turns":2},{"damage":16,"enemies":"Shell Parasite","floor":20,"turns":3},{"damage":29,"enemies":"Gremlin Leader","floor":23,"turns":3},{"damage":24,"enemies":"Centurion and Healer","floor":25,"turns":4},{"damage":9,"enemies":"3 Cultists","floor":29,"turns":3},{"damage":34,"enemies":"Shelled Parasite and Fungi","floor":30,"turns":3},{"damage":21,"enemies":"Automaton","floor":33,"turns":4},{"damage":18,"enemies":"3 Shapes","floor":35,"turns":2},{"damage":19,"enemies":"Orb Walker","floor":38,"turns":3},{"damage":0,"enemies":"Transient","floor":44,"turns":5},{"damage":0,"enemies":"4 Shapes","floor":45,"turns":2},{"damage":8,"enemies":"Writhing Mass","floor":47,"turns":2},{"damage":27,"enemies":"Maw","floor":48,"turns":4},{"damage":69,"enemies":"Donu and Deca","floor":50,"turns":4}],"seed_played":"-6693040458563861608","potions_obtained":[{"floor":3,"key":"Block Potion"},{"floor":4,"key":"Poison Potion"},{"floor":11,"key":"Ancient Potion"},{"floor":13,"key":"LiquidBronze"},{"floor":18,"key":"PowerPotion"},{"floor":29,"key":"FearPotion"},{"floor":30,"key":"Strength Potion"},{"floor":44,"key":"Weak Potion"},{"floor":47,"key":"FearPotion"}],"is_trial":false,"path_per_floor":["M","M","M","M","?","E","M","R","T","R","M","R","M","M","R","B",null,"M","$","M","?","?","E","R","M","T","R","$","M","M","?","R","B",null,"M","$","?","M","T","R","?","R","T","M","M","R","M","M","R","B",null],"character_chosen":"IRONCLAD","items_purchased":["Brimstone","Evolve","Flex","Inflame"],"campfire_rested":2,"item_purchase_floors":[19,28,36,36],"current_hp_per_floor":[72,72,72,71,71,64,65,65,65,65,75,75,85,87,87,55,97,97,97,91,91,91,82,82,78,78,78,78,75,51,29,63,73,114,106,106,106,93,93,93,93,93,93,99,109,109,107,86,122,59],"gold":181,"neow_bonus":"ONE_RARE_RELIC","is_prod":false,"is_daily":false,"chose_seed":false,"campfire_upgraded":6,"win_rate":0,"timestamp":1550070355,"path_taken":["M","M","M","M","?","E","M","R","T","R","M","R","M","M","R","BOSS","M","$","M","?","?","E","R","M","T","R","?","M","M","?","R","BOSS","M","$","?","M","?","R","?","R","T","?","M","R","M","M","R","BOSS"],"build_version":"2019-01-23","purchased_purges":1,"victory":true,"max_hp_per_floor":[72,72,72,75,75,78,81,81,81,81,85,85,89,93,93,97,97,101,101,105,105,105,105,105,105,105,105,105,105,109,114,114,114,114,118,118,118,118,118,118,118,118,118,118,122,122,122,122,122,122],"card_choices":[{"not_picked":["Sword Boomerang","Anger"],"picked":"Heavy Blade","floor":1},{"not_picked":["Burning Pact","Armaments"],"picked":"Flex","floor":2},{"not_picked":["Twin Strike","Spot Weakness"],"picked":"Feed","floor":3},{"not_picked":["Whirlwind","Twin Strike"],"picked":"Cleave","floor":4},{"not_picked":["Perfected Strike","Juggernaut"],"picked":"Pommel Strike","floor":6},{"not_picked":["Thunderclap","Rage"],"picked":"Inflame","floor":7},{"not_picked":["Clash","Clothesline"],"picked":"Heavy Blade","floor":11},{"not_picked":["Clothesline","Shrug It Off","Headbutt"],"picked":"SKIP","floor":13},{"not_picked":["Flame Barrier","Perfected Strike","Burning Pact"],"picked":"SKIP","floor":14},{"not_picked":["Bludgeon","Fiend Fire"],"picked":"Reaper","floor":16},{"not_picked":["Iron Wave","Clothesline","Headbutt"],"picked":"SKIP","floor":18},{"not_picked":["Combust","Clash"],"picked":"Heavy Blade+1","floor":20},{"not_picked":["True Grit","Thunderclap+1","Combust"],"picked":"SKIP","floor":23},{"not_picked":["Power Through","Cleave+1","Heavy Blade"],"picked":"SKIP","floor":25},{"not_picked":["Sever Soul","Shrug It Off"],"picked":"Heavy Blade","floor":29},{"not_picked":["Clash","Hemokinesis+1","Uppercut"],"picked":"SKIP","floor":30},{"not_picked":["Barricade","Juggernaut"],"picked":"Bludgeon","floor":33},{"not_picked":["Entrench","Body Slam+1"],"picked":"Pommel Strike+1","floor":35},{"not_picked":["HandOfGreed","Transmutation"],"picked":"Dramatic Entrance","floor":37},{"not_picked":["Twin Strike","Clothesline"],"picked":"Heavy Blade+1","floor":38},{"not_picked":["Spot Weakness","Anger"],"picked":"Heavy Blade+1","floor":44},{"not_picked":["Heavy Blade+1","True Grit+1"],"picked":"Flex","floor":45},{"not_picked":["Perfected Strike+1","Rage+1","Feed"],"picked":"SKIP","floor":47},{"not_picked":["Perfected Strike+1","Blood for Blood"],"picked":"Heavy Blade+1","floor":48}],"player_experience":295563,"relics_obtained":[{"floor":6,"key":"Tiny Chest"},{"floor":9,"key":"Pantograph"},{"floor":23,"key":"Girya"},{"floor":26,"key":"Pen Nib"},{"floor":39,"key":"Art of War"},{"floor":43,"key":"Anchor"}],"event_choices":[{"cards_removed":["Strike_R"],"damage_healed":0,"gold_gain":0,"player_choice":"Card Removal","damage_taken":0,"max_hp_gain":0,"max_hp_loss":0,"event_name":"The Cleric","floor":5,"gold_loss":50},{"damage_healed":0,"gold_gain":0,"player_choice":"Obtain J.A.X.","damage_taken":0,"max_hp_gain":0,"max_hp_loss":0,"event_name":"Drug Dealer","floor":21,"gold_loss":0,"cards_obtained":["J.A.X."]},{"damage_healed":0,"gold_gain":0,"player_choice":"Obtained Relic","damage_taken":0,"relics_obtained":["PreservedInsect"],"max_hp_gain":0,"max_hp_loss":0,"event_name":"Addict","floor":22,"gold_loss":85},{"damage_healed":0,"gold_gain":0,"player_choice":"Shed Blood","damage_taken":27,"max_hp_gain":5,"max_hp_loss":0,"event_name":"Forgotten Altar","floor":31,"gold_loss":0},{"damage_healed":0,"gold_gain":0,"player_choice":"Memory 1","damage_taken":0,"max_hp_gain":0,"max_hp_loss":0,"event_name":"SensoryStone","floor":37,"gold_loss":0},{"cards_removed":["Defend_R"],"damage_healed":0,"gold_gain":0,"player_choice":"Removed Skill","damage_taken":0,"max_hp_gain":0,"max_hp_loss":0,"event_name":"Falling","floor":41,"gold_loss":0}],"is_beta":false,"boss_relics":[{"not_picked":["Ectoplasm","Cursed Key"],"picked":"Mark of Pain"},{"not_picked":["Astrolabe","Tiny House"],"picked":"Runic Cube"}],"items_purged_floors":[36],"is_endless":false,"potions_floor_spawned":[3,4,11,13,18,29,30,44,47,48],"ascension_level":0}