{"gold_per_floor":[115,128,146,160,175,175,188,199,271,301,323,353,49,64,64,64],"floor_reached":16,"playtime":1921,"items_purged":[],"score":116,"play_id":"bdd56530-4b3f-4314-8b3f-30f091ea988a","local_time":"20190916185223","is_ascension_mode":false,"campfire_choices":[{"data":"Flame Barrier","floor":6.0,"key":"SMITH"},{"data":"Battle Trance","floor":15,"key":"SMITH"}],"neow_cost":"NONE","seed_source_timestamp":0,"circlet_count":0,"master_deck":["Strike_R","Strike_R","Strike_R","Strike_R","Strike_R","Defend_R","Defend_R","Defend_R","Defend_R","Bash","Flame Barrier+1","Iron Wave","Seeing Red","Seeing Red","Burning Pact","Battle Trance+1","Demon Form","Clothesline"],"special_seed":0,"relics":["Burning Blood","Mummified Hand","Incense Burner","Odd Mushroom","Ornamental Fan","Bag of Preparation","Lantern"],"potions_floor_usage":[10,10,16,16],"damage_taken":[{"damage":2.0,"enemies":"Small Slimes","floor":1.0,"turns":4.0},{"damage":3.0,"enemies":"Jaw Worm","floor":2.0,"turns":5.0},{"damage":0.0,"enemies":"2 Louse","floor":3.0,"turns":3.0},{"damage":15.0,"enemies":"Exordium Wildlife","floor":4.0,"turns":9.0},{"damage":10.0,"enemies":"2 Fungi Beasts","floor":5.0,"turns":4.0},{"damage":16.0,"enemies":"Large Slime","floor":7.0,"turns":9.0},{"damage":9.0,"enemies":"Exordium Wildlife","floor":8.0,"turns":6.0},{"damage":27,"enemies":"Gremlin Nob","floor":10,"turns":5},{"damage":10,"enemies":"The Mushroom Lair","floor":11,"turns":5},{"damage":6,"enemies":"Lagavulin","floor":12,"turns":9},{"damage":18,"enemies":"2 Fungi Beasts","floor":14,"turns":4},{"damage":25,"enemies":"Hexaghost","floor":16,"turns":9}],"seed_played":"-444213727915583996","potions_obtained":[{"floor":2.0,"key":"FearPotion"},{"floor":5.0,"key":"Strength Potion"},{"floor":7.0,"key":"AttackPotion"},{"floor":14,"key":"Poison Potion"}],"is_trial":false,"path_per_floor":["M","M","M","M","M","R","M","M","T","E","?","E","$","M","R","B"],"character_chosen":"IRONCLAD","items_purchased":["Bag of Preparation","Lantern"],"campfire_rested":0,"item_purchase_floors":[13,13],"current_hp_per_floor":[88,88,88,79,75,75,65,62,62,41,37,37,37,25,25,0],"gold":64,"neow_bonus":"TEN_PERCENT_HP_BONUS","is_prod":false,"is_daily":false,"chose_seed":false,"campfire_upgraded":2,"win_rate":0,"timestamp":1568674343,"path_taken":["M","M","M","M","M","R","M","M","T","E","?","E","$","M","R","BOSS"],"build_version":"2019-07-17","purchased_purges":0,"victory":false,"max_hp_per_floor":[88,88,88,88,88,88,88,88,88,88,88,88,88,88,88,88],"card_choices":[{"not_picked":["Havoc","Wild Strike"],"picked":"Flame Barrier","floor":1.0},{"not_picked":["Cleave","Perfected Strike"],"picked":"Iron Wave","floor":2.0},{"not_picked":["Headbutt","Iron Wave","True Grit"],"picked":"SKIP","floor":3.0},{"not_picked":["Headbutt","Anger"],"picked":"Seeing Red","floor":4.0},{"not_picked":["Flame Barrier","Dropkick","Iron Wave"],"picked":"SKIP","floor":5.0},{"not_picked":["Thunderclap","Sword Boomerang"],"picked":"Seeing Red","floor":7.0},{"not_picked":["Iron Wave","Warcry"],"picked":"Burning Pact","floor":8.0},{"not_picked":["Reckless Charge","Flame Barrier"],"picked":"Battle Trance","floor":10},{"not_picked":["Fire Breathing","Inflame"],"picked":"Demon Form","floor":12},{"not_picked":["Pommel Strike","Twin Strike"],"picked":"Clothesline","floor":14}],"player_experience":155288,"relics_obtained":[{"floor":9.0,"key":"Mummified Hand"},{"floor":10,"key":"Incense Burner"},{"floor":11,"key":"Odd Mushroom"},{"floor":12,"key":"Ornamental Fan"}],"event_choices":[{"damage_healed":0,"gold_gain":0,"player_choice":"Fought Mushrooms","damage_taken":0,"max_hp_gain":0,"max_hp_loss":0,"event_name":"Mushrooms","floor":11,"gold_loss":0}],"is_beta":false,"boss_relics":[],"items_purged_floors":[],"is_endless":false,"potions_floor_spawned":[2,5,7,14],"killed_by":"Hexaghost","ascension_level":0}