{"gold_per_floor":[113,113,40,51,51,80,95,95,143,143,178,202,216,235,235,364,364,387,275,291,315,230,265,265,308,356,17,42,42,42,56,56,177,177,193,526,537,537,547,547,574,585,585,598,598,598,598,241,241,241,241,241,22,50,50],"floor_reached":55,"playtime":6364,"items_purged":["Defend_R","Strike_R","Reckless Charge"],"score":722,"play_id":"4a998d1b-fddc-4bed-949e-db331e2aafcb","local_time":"20190915203604","is_ascension_mode":false,"campfire_choices":[{"data":"Metallicize","floor":15,"key":"SMITH"},{"floor":24,"key":"REST"},{"floor":30,"key":"REST"},{"floor":32,"key":"RECALL"},{"floor":40,"key":"REST"},{"floor":45,"key":"REST"},{"floor":47,"key":"REST"},{"floor":49,"key":"REST"},{"floor":52,"key":"REST"}],"neow_cost":"NONE","seed_source_timestamp":594935234385008,"circlet_count":0,"master_deck":["Strike_R","Strike_R","Strike_R+1","Defend_R","Defend_R","Iron Wave+1","Metallicize+1","Spot Weakness","Double Tap","Shrug It Off","Twin Strike","Impervious","Ghostly Armor","Metallicize","Spot Weakness+1","Dual Wield+1","Armaments+1","Ghostly Armor","Reaper","Rampage+1","Shockwave+1","Twin Strike+1","Shockwave+1","Clothesline+1","Thunderclap+1","Madness","Madness","Demon Form+1","Dual Wield","Apotheosis"],"relics":["Burning Blood","Potion Belt","Boot","Bronze Scales","Ginger","Fusion Hammer","Ancient Tea Set","Shuriken","Letter Opener","Happy Flower","Frozen Egg 2","Philosopher\u0027s Stone","Strawberry","Gambling Chip"],"potions_floor_usage":[11,16,16,16,25,33,33,50,50,50,54],"damage_taken":[{"damage":10,"enemies":"Jaw Worm","floor":1,"turns":4},{"damage":0,"enemies":"2 Louse","floor":4,"turns":4},{"damage":30,"enemies":"Lagavulin","floor":6,"turns":9},{"damage":0,"enemies":"Small Slimes","floor":7,"turns":3},{"damage":21,"enemies":"Gremlin Nob","floor":11,"turns":4},{"damage":2,"enemies":"Blue Slaver","floor":12,"turns":4},{"damage":2,"enemies":"Looter","floor":13,"turns":3},{"damage":0,"enemies":"Exordium Thugs","floor":14,"turns":4},{"damage":10,"enemies":"Slime Boss","floor":16,"turns":7},{"damage":13,"enemies":"Spheric Guardian","floor":18,"turns":4},{"damage":9,"enemies":"2 Thieves","floor":20,"turns":4},{"damage":12,"enemies":"3 Cultists","floor":21,"turns":7},{"damage":50,"enemies":"Slavers","floor":23,"turns":7},{"damage":17,"enemies":"Book of Stabbing","floor":25,"turns":5},{"damage":7,"enemies":"Cultist and Chosen","floor":28,"turns":6},{"damage":2,"enemies":"Shelled Parasite and Fungi","floor":31,"turns":4},{"damage":35,"enemies":"Automaton","floor":33,"turns":13},{"damage":13,"enemies":"3 Shapes","floor":35,"turns":6},{"damage":21,"enemies":"3 Darklings","floor":37,"turns":5},{"damage":45,"enemies":"Jaw Worm Horde","floor":39,"turns":8},{"damage":42,"enemies":"Reptomancer","floor":41,"turns":8},{"damage":6,"enemies":"Transient","floor":42,"turns":5},{"damage":17,"enemies":"Writhing Mass","floor":44,"turns":4},{"damage":43,"enemies":"Time Eater","floor":50,"turns":7},{"damage":68,"enemies":"Shield and Spear","floor":54,"turns":9},{"damage":60,"enemies":"The Heart","floor":55,"turns":3}],"seed_played":"4216196198149732348","potions_obtained":[{"floor":4,"key":"FearPotion"},{"floor":6,"key":"Poison Potion"},{"floor":12,"key":"Poison Potion"},{"floor":13,"key":"GamblersBrew"},{"floor":20,"key":"PowerPotion"},{"floor":21,"key":"Ancient Potion"},{"floor":28,"key":"Energy Potion"},{"floor":33,"key":"SpeedPotion"},{"floor":35,"key":"PowerPotion"},{"floor":37,"key":"LiquidBronze"},{"floor":39,"key":"Fire Potion"},{"floor":42,"key":"EssenceOfSteel"}],"is_trial":false,"path_per_floor":["M","?","$","M","?","E","M","?","T","?","E","M","M","M","R","B",null,"M","$","M","M","?","E","R","E","T","$","M","?","R","M","R","B",null,"M","?","M","?","M","R","E","M","T","M","R","?","R","$","R","B",null,"R","$","E","B"],"character_chosen":"IRONCLAD","items_purchased":["Metallicize","Metallicize","Frozen Egg 2","Demon Form+1","Dual Wield","Apotheosis","FearPotion"],"campfire_rested":7,"item_purchase_floors":[3,19,27,48,48,53,53],"current_hp_per_floor":[76,60,60,66,71,47,53,32,32,32,17,21,25,31,31,27,85,78,78,75,69,69,25,50,39,39,39,38,38,63,67,67,38,85,81,81,85,85,68,85,75,92,92,81,92,80,92,92,92,92,92,92,92,41,0],"gold":50,"neow_bonus":"RANDOM_COMMON_RELIC","is_prod":false,"is_daily":false,"chose_seed":false,"campfire_upgraded":1,"win_rate":0,"timestamp":1568594164,"path_taken":["M","?","$","M","?","E","M","?","T","?","E","M","M","M","R","BOSS","M","$","M","M","?","E","R","E","T","$","M","?","R","?","R","BOSS","M","?","M","?","M","R","E","M","T","M","R","?","R","?","R","BOSS","R","$","E","BOSS"],"build_version":"2019-07-17","purchased_purges":3,"victory":false,"max_hp_per_floor":[80,80,80,80,85,85,85,85,85,85,85,85,85,85,85,85,85,85,85,85,85,85,85,85,85,85,85,85,85,85,85,85,85,85,85,85,85,85,85,85,92,92,92,92,92,92,92,92,92,92,92,92,92,92,92],"card_choices":[{"not_picked":["True Grit","Rupture"],"picked":"Iron Wave","floor":1},{"not_picked":["Cleave","Perfected Strike","Thunderclap"],"picked":"SKIP","floor":4},{"not_picked":["Perfected Strike","Clothesline"],"picked":"Spot Weakness","floor":6},{"not_picked":["Pommel Strike","Rage","Iron Wave"],"picked":"SKIP","floor":7},{"not_picked":["Hemokinesis","Thunderclap"],"picked":"Double Tap","floor":11},{"not_picked":["Cleave","Armaments"],"picked":"Shrug It Off","floor":12},{"not_picked":["Cleave","Body Slam"],"picked":"Twin Strike","floor":13},{"not_picked":["Hemokinesis","True Grit","Combust"],"picked":"SKIP","floor":14},{"not_picked":["Exhume","Dark Embrace"],"picked":"Impervious","floor":16},{"not_picked":["Reckless Charge","Heavy Blade"],"picked":"Ghostly Armor","floor":18},{"not_picked":["Carnage+1","Heavy Blade"],"picked":"Spot Weakness+1","floor":20},{"not_picked":["Clash+1","Armaments"],"picked":"Dual Wield+1","floor":21},{"not_picked":["Dropkick","Blood for Blood+1","Carnage"],"picked":"SKIP","floor":23},{"not_picked":["Thunderclap","Heavy Blade"],"picked":"Armaments+1","floor":25},{"not_picked":["Thunderclap","Flex","Havoc"],"picked":"SKIP","floor":28},{"not_picked":["Wild Strike","Body Slam","Anger+1"],"picked":"SKIP","floor":31},{"not_picked":["Double Tap","Limit Break"],"picked":"Reaper","floor":33},{"not_picked":["Infernal Blade","Burning Pact+1"],"picked":"Rampage+1","floor":35},{"not_picked":["Carnage","Perfected Strike+1"],"picked":"Shockwave+1","floor":37},{"not_picked":["Infernal Blade","Feel No Pain+1"],"picked":"Twin Strike+1","floor":39},{"not_picked":["Reckless Charge+1","Cleave"],"picked":"Shockwave+1","floor":41},{"not_picked":["Evolve+1","Flame Barrier"],"picked":"Clothesline+1","floor":42},{"not_picked":["Iron Wave","Blood for Blood"],"picked":"Thunderclap+1","floor":44},{"not_picked":["Hemokinesis+1","Armaments+1","Havoc+1"],"picked":"SKIP","floor":54}],"player_experience":127394,"relics_obtained":[{"floor":6,"key":"Boot"},{"floor":9,"key":"Bronze Scales"},{"floor":11,"key":"Ginger"},{"floor":23,"key":"Shuriken"},{"floor":25,"key":"Letter Opener"},{"floor":26,"key":"Happy Flower"},{"floor":41,"key":"Strawberry"},{"floor":54,"key":"Gambling Chip"}],"event_choices":[{"damage_healed":0,"gold_gain":0,"player_choice":"Entered Light","damage_taken":16,"max_hp_gain":0,"max_hp_loss":0,"event_name":"Shining Light","floor":2,"gold_loss":0,"cards_upgraded":["Iron Wave","Strike_R"]},{"damage_healed":0,"gold_gain":0,"player_choice":"Donut","damage_taken":0,"max_hp_gain":5,"max_hp_loss":0,"event_name":"Big Fish","floor":5,"gold_loss":0},{"damage_healed":0,"gold_gain":0,"player_choice":"Take Damage","damage_taken":21,"relics_obtained":["Golden Idol"],"max_hp_gain":0,"max_hp_loss":0,"event_name":"Golden Idol","floor":8,"gold_loss":0},{"damage_healed":0,"gold_gain":0,"player_choice":"Ignored","damage_taken":0,"max_hp_gain":0,"max_hp_loss":0,"event_name":"Liars Game","floor":10,"gold_loss":0},{"damage_healed":0,"gold_gain":0,"player_choice":"Obtained Relic","damage_taken":0,"relics_obtained":["Ancient Tea Set"],"max_hp_gain":0,"max_hp_loss":0,"event_name":"Addict","floor":22,"gold_loss":85},{"damage_healed":0,"gold_gain":0,"cards_transformed":["Defend_R","Strike_R"],"player_choice":"Became Test Subject","damage_taken":0,"max_hp_gain":0,"max_hp_loss":0,"event_name":"Drug Dealer","floor":29,"gold_loss":0,"cards_obtained":["Ghostly Armor","Reckless Charge"]},{"damage_healed":0,"gold_gain":333,"player_choice":"Gave Idol","damage_taken":0,"max_hp_gain":0,"max_hp_loss":0,"event_name":"The Moai Head","floor":36,"relics_lost":["Golden Idol"],"gold_loss":0},{"cards_removed":["Bash"],"damage_healed":0,"gold_gain":0,"player_choice":"Removed Attack","damage_taken":0,"max_hp_gain":0,"max_hp_loss":0,"event_name":"Falling","floor":38,"gold_loss":0},{"damage_healed":0,"gold_gain":0,"player_choice":"Embrace Madness","damage_taken":12,"max_hp_gain":0,"max_hp_loss":0,"event_name":"Winding Halls","floor":46,"gold_loss":0,"cards_obtained":["Madness","Madness"]}],"is_beta":false,"boss_relics":[{"not_picked":["Orrery","Runic Dome"],"picked":"Fusion Hammer"},{"not_picked":["Calling Bell","Lizard Tail"],"picked":"Philosopher\u0027s Stone"}],"items_purged_floors":[19,27,48],"is_endless":false,"potions_floor_spawned":[4,6,12,13,20,21,28,33,35,37,39,42],"killed_by":"The Heart","ascension_level":0}