{"gold_per_floor":[109,109,39,58,233,264,284,158,158,216,216,249,263,273,273,370,370,384,384,75,85,104,104,104],"floor_reached":24,"playtime":1844,"items_purged":["Doubt"],"score":253,"play_id":"64f40f53-e531-4c56-b744-c73b4d23b73d","local_time":"20190816032455","is_ascension_mode":true,"campfire_choices":[{"data":"Defragment","floor":11,"key":"SMITH"},{"floor":15,"key":"REST"},{"data":"Loop","floor":23,"key":"SMITH"}],"neow_cost":"NONE","seed_source_timestamp":442433190300903,"circlet_count":0,"master_deck":["Strike_B","Strike_B","Strike_B","Strike_B","Defend_B","Defend_B","Defend_B","Defend_B","Zap","Dualcast","Consume","Defragment","Go for the Eyes","Machine Learning","Ball Lightning+1","Defragment+1","Streamline+1","Coolheaded","Redo","Leap","Auto Shields","Buffer+1","Coolheaded","Loop+1","Loop"],"relics":["Cracked Core","NeowsBlessing","Molten Egg 2","Happy Flower","Tiny Chest","Vajra","Cursed Key","DollysMirror"],"potions_floor_usage":[16,16,16],"damage_taken":[{"damage":0,"enemies":"Jaw Worm","floor":1,"turns":1},{"damage":0,"enemies":"2 Louse","floor":4,"turns":1},{"damage":0,"enemies":"Lagavulin","floor":6,"turns":1},{"damage":4,"enemies":"Cultist","floor":7,"turns":5},{"damage":26,"enemies":"Gremlin Nob","floor":10,"turns":4},{"damage":24,"enemies":"3 Sentries","floor":12,"turns":5},{"damage":11,"enemies":"Exordium Wildlife","floor":13,"turns":4},{"damage":4,"enemies":"3 Louse","floor":14,"turns":3},{"damage":9,"enemies":"Slime Boss","floor":16,"turns":9},{"damage":17,"enemies":"2 Thieves","floor":18,"turns":4},{"damage":0,"enemies":"Chosen","floor":21,"turns":5},{"damage":8,"enemies":"Snake Plant","floor":22,"turns":5},{"damage":54,"enemies":"Slavers","floor":24,"turns":3}],"seed_played":"641017881310119095","potions_obtained":[{"floor":1,"key":"Strength Potion"},{"floor":4,"key":"PowerPotion"},{"floor":7,"key":"Strength Potion"},{"floor":10,"key":"FocusPotion"},{"floor":16,"key":"Fire Potion"},{"floor":18,"key":"SkillPotion"}],"is_trial":false,"path_per_floor":["M","?","$","M","?","E","M","$","T","E","R","E","M","M","R","B",null,"M","?","$","M","M","R","E"],"character_chosen":"DEFECT","items_purchased":["Defragment","Defragment","Streamline+1","Loop","DollysMirror"],"campfire_rested":1,"item_purchase_floors":[3,8,8,20,20],"current_hp_per_floor":[75,75,75,75,75,75,71,71,71,45,45,21,10,6,28,19,75,58,58,58,58,50,50,0],"gold":104,"neow_bonus":"THREE_ENEMY_KILL","is_prod":false,"is_daily":false,"chose_seed":false,"campfire_upgraded":2,"win_rate":0,"timestamp":1565943895,"path_taken":["M","?","?","M","?","E","M","$","T","E","R","E","M","M","R","BOSS","M","?","$","M","M","R","E"],"build_version":"2019-07-17","purchased_purges":1,"victory":false,"max_hp_per_floor":[75,75,75,75,75,75,75,75,75,75,75,75,75,75,75,75,75,75,75,75,75,75,75,75],"card_choices":[{"not_picked":["Static Discharge","Turbo"],"picked":"Consume","floor":1},{"not_picked":["Beam Cell","Turbo"],"picked":"Go for the Eyes","floor":4},{"not_picked":["Steam","FTL"],"picked":"Machine Learning","floor":6},{"not_picked":["Barrage+1","Blizzard+1"],"picked":"Ball Lightning+1","floor":7},{"not_picked":["Rip and Tear+1","Static Discharge"],"picked":"Coolheaded","floor":10},{"not_picked":["Melter+1","Darkness"],"picked":"Redo","floor":12},{"not_picked":["Rebound+1","Hello World"],"picked":"Leap","floor":13},{"not_picked":["Streamline+1","Tempest"],"picked":"Auto Shields","floor":14},{"not_picked":["Seek","Meteor Strike+1"],"picked":"Buffer","floor":16},{"not_picked":["Conserve Battery","Leap"],"picked":"Coolheaded","floor":18},{"not_picked":["Beam Cell+1","Streamline+1","Leap"],"picked":"SKIP","floor":21},{"not_picked":["Rebound+1","Tempest+1","Rip and Tear+1"],"picked":"SKIP","floor":22}],"player_experience":133344,"relics_obtained":[{"floor":6,"key":"Molten Egg 2"},{"floor":9,"key":"Happy Flower"},{"floor":10,"key":"Tiny Chest"},{"floor":12,"key":"Vajra"}],"event_choices":[{"damage_healed":0,"gold_gain":0,"player_choice":"Leave","damage_taken":0,"max_hp_gain":0,"max_hp_loss":0,"event_name":"The Cleric","floor":2,"gold_loss":0},{"damage_healed":0,"gold_gain":175,"player_choice":"AGREE","damage_taken":0,"max_hp_gain":0,"max_hp_loss":0,"event_name":"Liars Game","floor":5,"gold_loss":0,"cards_obtained":["Doubt"]},{"damage_healed":0,"gold_gain":0,"player_choice":"Forge","damage_taken":0,"max_hp_gain":0,"max_hp_loss":0,"event_name":"Accursed Blacksmith","floor":19,"gold_loss":0,"cards_upgraded":["Buffer"]}],"is_beta":false,"boss_relics":[{"not_picked":["Runic Pyramid","Coffee Dripper"],"picked":"Cursed Key"}],"items_purged_floors":[20],"is_endless":false,"potions_floor_spawned":[1,4,7,10,14,16,18],"killed_by":"Slavers","ascension_level":1}