{"gold_per_floor":[110,110,120,195,208,208,223,5,5,57,69,18,18,28,28,132,132,148,148,161,196,196,196],"floor_reached":23,"playtime":646,"items_purged":["Strike_R"],"score":215,"play_id":"e037e303-69d2-4121-ace8-e47cc03be0e6","local_time":"20190412043327","is_ascension_mode":true,"campfire_choices":[{"data":"Uppercut","floor":6,"key":"SMITH"},{"data":"Cleave","floor":13,"key":"SMITH"},{"data":"Shrug It Off","floor":15,"key":"SMITH"}],"neow_cost":"NONE","seed_source_timestamp":346533454583854,"circlet_count":0,"master_deck":["Strike_R","Strike_R","Strike_R","Strike_R","Defend_R","Defend_R","Defend_R","Defend_R","Bash","Shrug It Off+1","Shrug It Off","Uppercut+1","Thunderclap","Cleave+1","Double Tap","Decay","Normality","Doubt","Pommel Strike+1","Searing Blow"],"relics":["Burning Blood","NeowsBlessing","Pen Nib","Strawberry","Bag of Preparation","Calling Bell","Orichalcum","Question Card","Girya","Red Mask"],"potions_floor_usage":[16,16,16],"damage_taken":[{"damage":0,"enemies":"Small Slimes","floor":1,"turns":1},{"damage":0,"enemies":"2 Louse","floor":3,"turns":1},{"damage":0,"enemies":"Jaw Worm","floor":5,"turns":1},{"damage":8,"enemies":"Large Slime","floor":7,"turns":6},{"damage":0,"enemies":"2 Fungi Beasts","floor":11,"turns":5},{"damage":2,"enemies":"Looter","floor":14,"turns":3},{"damage":45,"enemies":"Hexaghost","floor":16,"turns":12},{"damage":9,"enemies":"Chosen","floor":18,"turns":5},{"damage":10,"enemies":"Shell Parasite","floor":20,"turns":6},{"damage":48,"enemies":"Masked Bandits","floor":21,"turns":6},{"damage":28,"enemies":"Slavers","floor":23,"turns":2}],"seed_played":"5168963928877296186","potions_obtained":[{"floor":5,"key":"Strength Potion"},{"floor":11,"key":"Dexterity Potion"},{"floor":14,"key":"Energy Potion"},{"floor":21,"key":"Block Potion"}],"is_trial":false,"path_per_floor":["M","?","M","?","M","R","M","$","T","T","M","$","R","M","R","B",null,"M","?","M","?","$","E"],"character_chosen":"IRONCLAD","items_purchased":["Pen Nib","Cleave"],"campfire_rested":0,"item_purchase_floors":[8,12],"current_hp_per_floor":[80,85,85,74,80,80,78,78,85,85,91,91,91,92,92,53,92,89,71,67,25,25,0],"gold":196,"neow_bonus":"THREE_ENEMY_KILL","is_prod":false,"is_daily":false,"chose_seed":false,"campfire_upgraded":3,"win_rate":0,"timestamp":1555061607,"path_taken":["M","?","M","?","M","R","M","$","T","?","M","$","R","M","R","BOSS","M","?","M","?","$","E"],"build_version":"2019-01-23","purchased_purges":1,"victory":false,"max_hp_per_floor":[80,85,85,85,85,85,85,85,92,92,92,92,92,92,92,92,92,92,97,97,97,97,97],"card_choices":[{"not_picked":["Flex","Power Through"],"picked":"Shrug It Off","floor":1},{"not_picked":["Dark Embrace","Rupture"],"picked":"Shrug It Off","floor":3},{"not_picked":["Cleave","Armaments"],"picked":"Uppercut","floor":5},{"not_picked":["Combust","Hemokinesis"],"picked":"Thunderclap","floor":7},{"not_picked":["True Grit","Sentinel","Warcry"],"picked":"SKIP","floor":11},{"not_picked":["Dark Embrace","Havoc","Rage"],"picked":"SKIP","floor":14},{"not_picked":["Offering","Exhume"],"picked":"Double Tap","floor":16},{"not_picked":["Rage+1","Flex","Ghostly Armor","Carnage"],"picked":"SKIP","floor":18},{"not_picked":["Thunderclap","Heavy Blade","Carnage"],"picked":"Pommel Strike+1","floor":20},{"not_picked":["Warcry+1","Bloodletting+1","Evolve"],"picked":"Searing Blow","floor":21}],"player_experience":33495,"relics_obtained":[{"floor":9,"key":"Strawberry"},{"floor":10,"key":"Bag of Preparation"},{"floor":17,"key":"Orichalcum"},{"floor":17,"key":"Question Card"},{"floor":17,"key":"Girya"},{"floor":21,"key":"Red Mask"}],"event_choices":[{"damage_healed":0,"gold_gain":0,"player_choice":"Donut","damage_taken":0,"max_hp_gain":5,"max_hp_loss":0,"event_name":"Big Fish","floor":2,"gold_loss":0},{"damage_healed":0,"gold_gain":75,"player_choice":"Gather Gold","damage_taken":11,"max_hp_gain":0,"max_hp_loss":0,"event_name":"World of Goop","floor":4,"gold_loss":0},{"damage_healed":0,"gold_gain":0,"player_choice":"Shed Blood","damage_taken":23,"max_hp_gain":5,"max_hp_loss":0,"event_name":"Forgotten Altar","floor":19,"gold_loss":0},{"damage_healed":0,"gold_gain":0,"player_choice":"Fought Bandits","damage_taken":0,"max_hp_gain":0,"max_hp_loss":0,"event_name":"Masked Bandits","floor":21,"gold_loss":0}],"is_beta":false,"boss_relics":[{"not_picked":["Runic Dome","Black Blood"],"picked":"Calling Bell"}],"items_purged_floors":[8],"is_endless":false,"potions_floor_spawned":[5,11,14,21],"killed_by":"Slavers","ascension_level":1}