{"gold_per_floor":[115,125,75,89,15,34,49,49,49,9,9,109,120,152,152,253,253,263,263,44,44,55,55,67,67,67,43,57,57,73,73,73,173,173,190,190,190,190,210,240,240,265,313,313,347,60,79,104,104,104,104,104,4,34,34],"floor_reached":55,"playtime":4767,"items_purged":["Defend_B","Redo+1"],"score":820,"play_id":"7410f700-425a-472b-bf4d-5972114dc07b","local_time":"20190915183433","is_ascension_mode":true,"campfire_choices":[{"floor":8.0,"key":"RECALL"},{"data":"Defragment","floor":11.0,"key":"SMITH"},{"data":"Fission","floor":15.0,"key":"SMITH"},{"data":"Consume","floor":23.0,"key":"SMITH"},{"data":"Coolheaded","floor":25.0,"key":"SMITH"},{"data":"Defragment","floor":29.0,"key":"SMITH"},{"floor":32.0,"key":"REST"},{"floor":44.0,"key":"REST"},{"floor":49.0,"key":"REST"},{"floor":52.0,"key":"REST"}],"neow_cost":"NONE","seed_source_timestamp":439737268354602,"circlet_count":0,"master_deck":["Strike_B+1","Strike_B+1","Strike_B+1","Defend_B+1","Defend_B+1","Defend_B+1","Dualcast","Ball Lightning","Coolheaded+1","Defragment+1","Defragment+1","Fission+1","Reboot","Undo","Defragment","Consume+1","Seek","Ball Lightning+1","Biased Cognition","RitualDagger","Ball Lightning+1","Ball Lightning+1","Cold Snap+1","Flash of Steel+1","Finesse","Thinking Ahead","Hologram+1","FTL+1","Capacitor+1"],"special_seed":0,"relics":["Inserter","Pantograph","Ancient Tea Set","Orrery","MutagenicStrength","Happy Flower","Molten Egg 2","Fusion Hammer","Strawberry","Mango","Juzu Bracelet","Whetstone","DataDisk","Emotion Chip","Du-Vu Doll","Bag of Preparation"],"potions_floor_usage":[54,55,55],"damage_taken":[{"damage":0.0,"enemies":"Small Slimes","floor":1.0,"turns":2.0},{"damage":5.0,"enemies":"Jaw Worm","floor":2.0,"turns":5.0},{"damage":1.0,"enemies":"Cultist","floor":4.0,"turns":4.0},{"damage":7.0,"enemies":"2 Fungi Beasts","floor":6.0,"turns":3.0},{"damage":8.0,"enemies":"Blue Slaver","floor":7.0,"turns":4.0},{"damage":12.0,"enemies":"3 Louse","floor":13.0,"turns":5.0},{"damage":14.0,"enemies":"3 Sentries","floor":14.0,"turns":8.0},{"damage":21.0,"enemies":"Hexaghost","floor":16.0,"turns":9.0},{"damage":34.0,"enemies":"2 Thieves","floor":18.0,"turns":5.0},{"damage":5.0,"enemies":"Spheric Guardian","floor":22.0,"turns":3.0},{"damage":9.0,"enemies":"Snake Plant","floor":24.0,"turns":3.0},{"damage":2.0,"enemies":"Snecko","floor":28.0,"turns":3.0},{"damage":0.0,"enemies":"Sentry and Sphere","floor":30.0,"turns":3.0},{"damage":11.0,"enemies":"Automaton","floor":33.0,"turns":10.0},{"damage":3.0,"enemies":"3 Shapes","floor":35.0,"turns":5.0},{"damage":10.0,"enemies":"Orb Walker","floor":39.0,"turns":3.0},{"damage":14.0,"enemies":"Giant Head","floor":40.0,"turns":6.0},{"damage":15.0,"enemies":"Reptomancer","floor":42.0,"turns":7.0},{"damage":18.0,"enemies":"Nemesis","floor":45.0,"turns":5.0},{"damage":1.0,"enemies":"Spire Growth","floor":47.0,"turns":3.0},{"damage":17.0,"enemies":"Giant Head","floor":48.0,"turns":6.0},{"damage":28.0,"enemies":"Donu and Deca","floor":50.0,"turns":10.0},{"damage":55,"enemies":"Shield and Spear","floor":54,"turns":6},{"damage":84,"enemies":"The Heart","floor":55,"turns":3}],"seed_played":"5560910570046733670","potions_obtained":[{"floor":2.0,"key":"SpeedPotion"},{"floor":4.0,"key":"SpeedPotion"},{"floor":6.0,"key":"Block Potion"},{"floor":16.0,"key":"Explosive Potion"},{"floor":18.0,"key":"Fire Potion"},{"floor":28.0,"key":"LiquidBronze"},{"floor":33.0,"key":"Weak Potion"},{"floor":40.0,"key":"LiquidBronze"},{"floor":47.0,"key":"Dexterity Potion"},{"floor":48.0,"key":"EssenceOfSteel"}],"is_trial":false,"path_per_floor":["M","M","?","M","$","M","M","R","T","$","R","?","M","E","R","B",null,"M","?","$","?","M","R","M","R","T","$","M","R","M","?","R","B",null,"M","?","T","T","M","E","?","E","T","R","E","$","M","E","R","B",null,"R","$","E","B"],"character_chosen":"DEFECT","items_purchased":["Defragment","Defragment","Happy Flower","Cold Snap+1","Emotion Chip"],"campfire_rested":4,"item_purchase_floors":[5,10,20,27,46],"current_hp_per_floor":[75,70,70,69,69,62,54,54,54,54,54,54,42,28,28,32,75,41,41,41,35,30,30,21,21,21,21,19,19,19,19,41,55,75,72,62,62,69,59,59,59,44,44,72,54,54,53,36,64,61,96,96,96,41,0],"gold":34,"neow_bonus":"BOSS_RELIC","is_prod":false,"is_daily":false,"chose_seed":false,"campfire_upgraded":5,"win_rate":0,"timestamp":1568590473,"path_taken":["M","M","?","M","$","M","M","R","T","$","R","?","?","E","R","BOSS","M","?","$","?","M","R","M","R","T","$","M","R","M","?","R","BOSS","M","?","?","?","?","E","?","E","T","R","E","?","M","E","R","BOSS","R","$","E","BOSS"],"build_version":"2019-07-17","purchased_purges":2,"victory":false,"max_hp_per_floor":[75,75,75,75,75,75,75,75,75,75,75,75,75,75,75,75,75,75,75,75,75,75,75,75,75,75,75,75,75,75,75,75,75,75,75,75,75,82,82,96,96,96,96,96,96,96,96,96,96,96,96,96,96,96,96],"card_choices":[{"not_picked":["Turbo","Loop","Static Discharge"],"picked":"SKIP","floor":1.0},{"not_picked":["Gash","Barrage"],"picked":"Ball Lightning","floor":2.0},{"not_picked":["Sweeping Beam","Turbo"],"picked":"Coolheaded","floor":4.0},{"not_picked":["Skim","Gash","Fusion"],"picked":"SKIP","floor":6.0},{"not_picked":["Conserve Battery","Stack","Beam Cell"],"picked":"SKIP","floor":7.0},{"not_picked":["Tempest","Steam"],"picked":"Fission","floor":13.0},{"not_picked":["Conserve Battery","Go for the Eyes","Barrage"],"picked":"SKIP","floor":14.0},{"not_picked":["Biased Cognition","Hyperbeam"],"picked":"Reboot","floor":16.0},{"not_picked":["Go for the Eyes","Hologram"],"picked":"Undo","floor":17.0},{"not_picked":["Streamline","Steam"],"picked":"Defragment","floor":17.0},{"not_picked":["Darkness","Coolheaded"],"picked":"Consume","floor":17.0},{"not_picked":["Go for the Eyes","Steam"],"picked":"Seek","floor":17.0},{"not_picked":["Cold Snap","Leap"],"picked":"Ball Lightning","floor":17.0},{"not_picked":["Compile Driver","Streamline"],"picked":"Biased Cognition","floor":18.0},{"not_picked":["Redo","Barrage"],"picked":"Ball Lightning","floor":22.0},{"not_picked":["Beam Cell","Hologram"],"picked":"Ball Lightning+1","floor":24.0},{"not_picked":["Buffer","Sweeping Beam+1","Conserve Battery+1"],"picked":"SKIP","floor":28.0},{"not_picked":["Barrage+1","Reprogram","Recycle"],"picked":"SKIP","floor":30.0},{"not_picked":["Conserve Battery+1","Tempest","Steam"],"picked":"SKIP","floor":35.0},{"not_picked":["Dramatic Entrance+1","Swift Strike+1"],"picked":"Flash of Steel+1","floor":36.0},{"not_picked":["Madness","Blind"],"picked":"Finesse","floor":36.0},{"not_picked":["Dark Shackles","Mind Blast+1"],"picked":"Thinking Ahead","floor":36.0},{"not_picked":["Aggregate","Undo"],"picked":"Redo+1","floor":39.0},{"not_picked":["Aggregate+1","Gash+1"],"picked":"Hologram+1","floor":40.0},{"not_picked":["Leap","Stack+1","Beam Cell+1"],"picked":"SKIP","floor":42.0},{"not_picked":["Chaos+1","Streamline+1","Barrage+1"],"picked":"SKIP","floor":45.0},{"not_picked":["Sweeping Beam+1","Stack+1","Hello World"],"picked":"SKIP","floor":47.0},{"not_picked":["Leap","Cold Snap+1"],"picked":"FTL+1","floor":48.0},{"not_picked":["Hologram+1","Ball Lightning+1"],"picked":"Capacitor+1","floor":54}],"player_experience":1280096,"relics_obtained":[{"floor":9.0,"key":"Pantograph"},{"floor":14.0,"key":"Ancient Tea Set"},{"floor":26.0,"key":"Molten Egg 2"},{"floor":38.0,"key":"Strawberry"},{"floor":40.0,"key":"Mango"},{"floor":42.0,"key":"Juzu Bracelet"},{"floor":43.0,"key":"Whetstone"},{"floor":45.0,"key":"DataDisk"},{"floor":48.0,"key":"Du-Vu Doll"},{"floor":54,"key":"Bag of Preparation"}],"event_choices":[{"cards_removed":["Strike_B"],"damage_healed":0.0,"max_hp_gain":0.0,"max_hp_loss":0.0,"gold_gain":0.0,"event_name":"The Cleric","player_choice":"Card Removal","floor":3.0,"gold_loss":50.0,"damage_taken":0.0},{"damage_healed":0.0,"max_hp_gain":0.0,"max_hp_loss":0.0,"gold_gain":100.0,"event_name":"Golden Shrine","player_choice":"Pray","floor":12.0,"gold_loss":0.0,"damage_taken":0.0},{"damage_healed":0.0,"max_hp_gain":0.0,"max_hp_loss":0.0,"gold_gain":0.0,"event_name":"Drug Dealer","player_choice":"Inject Mutagens","floor":19.0,"gold_loss":0.0,"damage_taken":0.0,"relics_obtained":["MutagenicStrength"]},{"damage_healed":0.0,"max_hp_gain":0.0,"max_hp_loss":0.0,"gold_gain":0.0,"event_name":"Nest","player_choice":"Joined the Cult","floor":21.0,"gold_loss":0.0,"damage_taken":6.0,"cards_obtained":["RitualDagger"]},{"damage_healed":0.0,"max_hp_gain":0.0,"max_hp_loss":0.0,"gold_gain":0.0,"event_name":"Back to Basics","player_choice":"Simplicity","floor":31.0,"gold_loss":0.0,"damage_taken":0.0,"cards_upgraded":["Strike_B","Strike_B","Strike_B","Defend_B","Defend_B","Defend_B"]},{"damage_healed":0.0,"max_hp_gain":0.0,"max_hp_loss":0.0,"gold_gain":0.0,"event_name":"SensoryStone","player_choice":"Memory 3","floor":36.0,"gold_loss":0.0,"damage_taken":10.0},{"cards_removed":["Zap"],"damage_healed":0.0,"max_hp_gain":0.0,"max_hp_loss":0.0,"gold_gain":0.0,"event_name":"Bonfire Elementals","player_choice":"Offered Basic","floor":41.0,"gold_loss":0.0,"damage_taken":0.0}],"is_beta":false,"boss_relics":[{"not_picked":["Empty Cage","Black Star"],"picked":"Orrery"},{"not_picked":["Runic Pyramid","Pandora\u0027s Box"],"picked":"Fusion Hammer"}],"items_purged_floors":[20,53],"is_endless":false,"potions_floor_spawned":[2,4,6,16,18,28,33,40,47,48],"killed_by":"The Heart","ascension_level":1}