{"path_per_floor":["M","M","M","M","M","R","E","R","T","M","$","M","R","M","R","B",null,"M","M","?","M","?","R","E","M","T","$","M","$","M","?","R","B",null,"M","?","?","?","M","R","E","$","T","?","M","R","M","T","R","B"],"character_chosen":"THE_SILENT","items_purchased":["Flying Knee","After Image"],"gold_per_floor":[109,128,141,154,165,165,190,190,238,257,19,36,36,47,47,148,148,73,73,73,73,23,23,23,23,23,23,23,23,23,23,23,23,23,23,23,0,0,0,0,0,0,0,0,0,0,0,0,0,0],"floor_reached":51,"campfire_rested":3,"playtime":2530,"current_hp_per_floor":[69,69,65,55,47,47,43,64,64,60,60,50,50,50,50,33,70,58,47,47,42,42,42,33,28,28,28,28,28,28,28,49,24,70,70,70,70,61,53,53,36,36,36,36,32,32,32,32,53,23],"items_purged":["Strike_G"],"gold":0,"score":701,"play_id":"31a2d342-b512-42d4-a810-f5b0e9f0e4f9","local_time":"20180413000500","is_prod":false,"is_daily":false,"chose_seed":false,"is_ascension_mode":false,"campfire_upgraded":6,"timestamp":1523595900,"path_taken":["M","M","M","M","M","R","E","R","T","M","$","M","R","M","R","BOSS","M","M","?","M","?","R","E","M","T","$","M","$","M","?","R","BOSS","M","?","?","?","M","R","E","$","T","?","M","R","M","?","R","BOSS"],"build_version":"2018-04-12","seed_source_timestamp":0,"purchased_purges":1,"victory":true,"master_deck":["Defend_G","Defend_G","Defend_G","Strike_G","Strike_G","Strike_G","Strike_G","Survivor","Neutralize","Escape Plan","Acrobatics","Infinite Blades+1","Cloak And Dagger","Blade Dance","Flying Knee+1","After Image+1","Escape Plan","Glass Knife+1","Envenom+1","Escape Plan","Cloak And Dagger","Infinite Blades","After Image","Madness","Madness","Malaise+1","Doubt","Sadistic Nature","Regret"],"max_hp_per_floor":[70,70,70,70,70,70,70,70,70,70,70,70,70,70,70,70,70,70,70,70,70,70,70,70,70,70,70,70,70,70,70,70,70,70,70,70,70,70,70,70,70,70,70,70,70,70,70,70,70,70],"relics":["Ring of the Snake","Juzu Bracelet","Ancient Tea Set","Ectoplasm","Dodecahedron","Ornamental Fan","Cursed Key","Red Mask","Centennial Puzzle","Letter Opener","Frozen Egg 2"],"card_choices":[{"not_picked":["Bane","PiercingWail"],"picked":"Escape Plan","floor":2.0},{"not_picked":["Slice","Reflex"],"picked":"Acrobatics","floor":3.0},{"not_picked":["Backstab","PiercingWail"],"picked":"Infinite Blades","floor":4.0},{"not_picked":["Noxious Fumes","Poisoned Stab"],"picked":"Cloak And Dagger","floor":5.0},{"not_picked":["Blur","Deadly Poison"],"picked":"Blade Dance","floor":7.0},{"not_picked":["Bane","Leg Sweep"],"picked":"Escape Plan","floor":12.0},{"not_picked":["Flechettes","Dodge and Roll"],"picked":"Glass Knife","floor":14.0},{"not_picked":["Phantasmal Killer","Burst"],"picked":"Envenom","floor":16.0},{"not_picked":["Eviscerate","Slice"],"picked":"Escape Plan","floor":18},{"not_picked":["Sucker Punch","Flechettes"],"picked":"Cloak And Dagger","floor":19},{"not_picked":["Reflex","Escape Plan"],"picked":"Infinite Blades","floor":21},{"not_picked":["Unload","Storm of Steel"],"picked":"After Image","floor":33},{"not_picked":["Bane","Footwork"],"picked":"Malaise","floor":39},{"not_picked":["Swift Strike","Secret Technique"],"picked":"Sadistic Nature","floor":44}],"player_experience":161721,"potions_floor_usage":[19,21,24,33,41,50,50,50],"damage_taken":[{"damage":1.0,"enemies":"Jaw Worm","floor":1.0,"turns":7.0},{"damage":0.0,"enemies":"2 Louse","floor":2.0,"turns":3.0},{"damage":4.0,"enemies":"Cultist","floor":3.0,"turns":5.0},{"damage":10.0,"enemies":"Red Slaver","floor":4.0,"turns":6.0},{"damage":8.0,"enemies":"Large Slime","floor":5.0,"turns":7.0},{"damage":4.0,"enemies":"3 Sentries","floor":7.0,"turns":7.0},{"damage":4.0,"enemies":"Looter","floor":10.0,"turns":4.0},{"damage":10.0,"enemies":"3 Louse","floor":12.0,"turns":3.0},{"damage":0.0,"enemies":"2 Fungi Beasts","floor":14.0,"turns":4.0},{"damage":17.0,"enemies":"Slime Boss","floor":16.0,"turns":13.0},{"damage":12,"enemies":"2 Thieves","floor":18,"turns":5},{"damage":11,"enemies":"Chosen","floor":19,"turns":5},{"damage":20,"enemies":"Snecko","floor":21,"turns":7},{"damage":9,"enemies":"Slavers","floor":24,"turns":6},{"damage":5,"enemies":"Chosen and Byrds","floor":25,"turns":6},{"damage":0,"enemies":"Centurion and Healer","floor":28,"turns":7},{"damage":0,"enemies":"Snake Plant","floor":30,"turns":6},{"damage":25,"enemies":"Automaton","floor":33,"turns":11},{"damage":0,"enemies":"3 Shapes","floor":35,"turns":8},{"damage":8,"enemies":"3 Darklings","floor":39,"turns":6},{"damage":17,"enemies":"2 Orb Walkers","floor":41,"turns":7},{"damage":4,"enemies":"4 Shapes","floor":45,"turns":4},{"damage":0,"enemies":"Maw","floor":47,"turns":7},{"damage":30,"enemies":"Time Eater","floor":50,"turns":14}],"event_choices":[{"event_name":"Back to Basics","player_choice":"Elegance","floor":20,"damage_taken":0},{"event_name":"The Joust","player_choice":"Bet on Murderer","floor":22,"damage_taken":0},{"event_name":"Beggar","player_choice":"Ignored","floor":31,"damage_taken":0},{"event_name":"Tomb of Lord Red Mask","player_choice":"Paid","floor":37,"damage_taken":0},{"event_name":"Winding Halls","player_choice":"Embrace Madness","floor":38,"damage_taken":0},{"event_name":"SensoryStone","player_choice":"Memory 1","floor":44,"damage_taken":0}],"boss_relics":[{"not_picked":["White Beast Statue","Runic Dome"],"picked":"Ectoplasm"},{"not_picked":["Velvet Choker","Pandora\u0027s Box"],"picked":"Cursed Key"}],"potions_floor_spawned":[2,5,12,16,18,30,33,35,41,45],"seed_played":"5079338225505682426","ascension_level":0,"is_trial":false}