{"gold_per_floor":[210,210,222,222,241,107,107,107,130,188,205,205,220,236,236,340,340,357,367,150,164,164,164,178,277,300,300,300,215,233,233],"floor_reached":31,"playtime":1151,"items_purged":["Strike_B"],"score":252,"play_id":"79def6c5-4864-48ac-af06-91d88a733435","local_time":"20190418234042","is_ascension_mode":false,"campfire_choices":[{"data":"Zap","floor":7,"key":"SMITH"},{"floor":12,"key":"REST"},{"data":"Streamline","floor":15,"key":"SMITH"},{"data":"Buffer","floor":28,"key":"SMITH"}],"neow_cost":"NONE","seed_source_timestamp":166849491777028,"circlet_count":0,"master_deck":["Defend_B","Defend_B","Defend_B","Defend_B+1","Zap+1","Dualcast","Gash","Skim+1","Streamline+1","Self Repair","Leap","Ball Lightning","Gash","Buffer+1","Darkness","Capacitor","Blizzard","Steam+1","Bite","Bite","Bite","Bite","Bite"],"relics":["FrozenCore","Art of War","Pen Nib","War Paint","Oddly Smooth Stone","Mummified Hand"],"potions_floor_usage":[16,16],"damage_taken":[{"damage":1,"enemies":"Jaw Worm","floor":1,"turns":3},{"damage":0,"enemies":"Small Slimes","floor":3,"turns":4},{"damage":0,"enemies":"2 Louse","floor":5,"turns":3},{"damage":40,"enemies":"Lagavulin Event","floor":10,"turns":7},{"damage":9,"enemies":"Lots of Slimes","floor":11,"turns":4},{"damage":10,"enemies":"Exordium Wildlife","floor":13,"turns":4},{"damage":0,"enemies":"2 Fungi Beasts","floor":14,"turns":3},{"damage":14,"enemies":"The Guardian","floor":16,"turns":8},{"damage":6,"enemies":"3 Byrds","floor":18,"turns":5},{"damage":19,"enemies":"Chosen","floor":19,"turns":5},{"damage":28,"enemies":"Snake Plant","floor":21,"turns":5},{"damage":44,"enemies":"3 Cultists","floor":24,"turns":7},{"damage":8,"enemies":"Cultist and Chosen","floor":30,"turns":9},{"damage":61,"enemies":"Book of Stabbing","floor":31,"turns":7}],"seed_played":"454599067064093433","potions_obtained":[{"floor":3,"key":"FocusPotion"},{"floor":5,"key":"Ancient Potion"},{"floor":11,"key":"Ancient Potion"},{"floor":16,"key":"Ancient Potion"},{"floor":19,"key":"GamblersBrew"},{"floor":24,"key":"EssenceOfSteel"}],"is_trial":false,"path_per_floor":["M","?","M","$","M","$","R","?","T","?","M","R","M","M","R","B",null,"M","M","$","M","?","$","M","?","T","?","R","?","M","E"],"character_chosen":"DEFECT","items_purchased":["Self Repair","Leap","Capacitor","Blizzard"],"campfire_rested":1,"item_purchase_floors":[6,6,20,20],"current_hp_per_floor":[74,67,67,67,67,67,67,60,60,27,25,47,44,51,51,44,75,75,63,63,42,75,75,38,38,38,38,38,38,51,0],"gold":233,"neow_bonus":"HUNDRED_GOLD","is_prod":false,"is_daily":false,"chose_seed":false,"campfire_upgraded":3,"win_rate":0.0,"timestamp":1555648842,"path_taken":["M","?","M","$","M","$","R","?","T","?","?","R","M","M","R","BOSS","M","M","$","M","?","$","?","?","T","?","R","?","M","E"],"build_version":"2019-01-23","purchased_purges":1,"victory":false,"max_hp_per_floor":[75,75,75,75,75,75,75,75,75,75,75,75,75,75,75,75,75,75,75,75,75,75,75,75,75,75,52,52,52,52,52],"card_choices":[{"not_picked":["Stack","Recycle"],"picked":"Gash","floor":1},{"not_picked":["Hologram","Go for the Eyes"],"picked":"Skim","floor":3},{"not_picked":["Reboot","Steam"],"picked":"Streamline","floor":5},{"not_picked":["Scrape","Turbo"],"picked":"Ball Lightning","floor":10},{"not_picked":["BootSequence","Melter"],"picked":"FTL","floor":11},{"not_picked":["FTL","Barrage","Compile Driver"],"picked":"SKIP","floor":13},{"not_picked":["Fusion","Beam Cell"],"picked":"Gash","floor":14},{"not_picked":["All For One","Echo Form"],"picked":"Buffer","floor":16},{"not_picked":["Rip and Tear","BootSequence","Reinforced Body"],"picked":"SKIP","floor":18},{"not_picked":["Steam","Hologram+1"],"picked":"Darkness","floor":19},{"not_picked":["Heatsinks","Compile Driver","Hologram"],"picked":"SKIP","floor":21},{"not_picked":["Conserve Battery+1","Beam Cell+1"],"picked":"Steam+1","floor":24},{"not_picked":["Sweeping Beam","Compile Driver+1","Reinforced Body"],"picked":"SKIP","floor":30}],"player_experience":59486,"relics_obtained":[{"floor":9,"key":"Pen Nib"},{"floor":10,"key":"War Paint"},{"floor":26,"key":"Oddly Smooth Stone"}],"event_choices":[{"cards_removed":["Strike_B"],"damage_healed":0,"gold_gain":0,"player_choice":"Card Removal","damage_taken":7,"max_hp_gain":0,"max_hp_loss":0,"event_name":"Golden Wing","floor":2,"gold_loss":0},{"damage_healed":0,"gold_gain":0,"player_choice":"Success","damage_taken":7,"relics_obtained":["Art of War"],"max_hp_gain":0,"max_hp_loss":0,"event_name":"Scrap Ooze","floor":8,"gold_loss":0},{"damage_healed":0,"gold_gain":0,"player_choice":"Searched \u00271\u0027 times","damage_taken":0,"max_hp_gain":0,"max_hp_loss":0,"event_name":"Dead Adventurer","floor":10,"gold_loss":0},{"cards_removed":["FTL"],"damage_healed":33,"gold_gain":0,"player_choice":"Offered Uncommon","damage_taken":0,"max_hp_gain":0,"max_hp_loss":0,"event_name":"Bonfire Elementals","floor":22,"gold_loss":0},{"damage_healed":0,"gold_gain":99,"player_choice":"Stole From Cult","damage_taken":0,"max_hp_gain":0,"max_hp_loss":0,"event_name":"Nest","floor":25,"gold_loss":0},{"damage_healed":0,"gold_gain":0,"player_choice":"Became a vampire","damage_taken":0,"max_hp_gain":0,"max_hp_loss":23,"event_name":"Vampires","floor":27,"gold_loss":0,"cards_obtained":["Bite","Bite","Bite","Bite","Bite"]},{"damage_healed":0,"gold_gain":0,"player_choice":"Obtained Relic","damage_taken":0,"relics_obtained":["Mummified Hand"],"max_hp_gain":0,"max_hp_loss":0,"event_name":"Addict","floor":29,"gold_loss":85}],"is_beta":false,"boss_relics":[{"not_picked":["Empty Cage","Snecko Eye"],"picked":"FrozenCore"}],"items_purged_floors":[20],"is_endless":false,"potions_floor_spawned":[3,5,11,13,16,19,24],"killed_by":"Book of Stabbing","ascension_level":0}