{"gold_per_floor":[113,132,150,162,15,15,27,102,102,112,12,28,43,62,62,159,159,169,25,36,36,47,47,63,63,88,104,104,104,114,127,127,226,226,239,239],"floor_reached":36,"playtime":2046,"items_purged":[],"score":364,"play_id":"58063d71-eb30-4729-a757-54d885282f3a","local_time":"20190917163649","is_ascension_mode":false,"campfire_choices":[{"data":"Neutralize","floor":6.0,"key":"SMITH"},{"data":"Dodge and Roll","floor":15.0,"key":"SMITH"},{"floor":25,"key":"REST"},{"data":"Burst","floor":28,"key":"SMITH"},{"floor":32,"key":"REST"}],"neow_cost":"NONE","seed_source_timestamp":454006677763100,"circlet_count":0,"master_deck":["Strike_G","Strike_G","Strike_G","Strike_G","Defend_G","Defend_G","Defend_G","Survivor","Neutralize+1","Blur","Dodge and Roll+1","Catalyst","Poisoned Stab","Catalyst","Bane","Slice","Burst+1","Leg Sweep","Calculated Gamble","Unload","Deadly Poison","Poisoned Stab"],"special_seed":0,"relics":["Ring of the Serpent","ClockworkSouvenir","Dead Branch","Omamori","Happy Flower","Cursed Key"],"potions_floor_usage":[20,22,24,33,33],"damage_taken":[{"damage":0.0,"enemies":"Cultist","floor":1.0,"turns":5.0},{"damage":0.0,"enemies":"Jaw Worm","floor":2.0,"turns":4.0},{"damage":0.0,"enemies":"Small Slimes","floor":3.0,"turns":5.0},{"damage":15.0,"enemies":"Exordium Thugs","floor":4.0,"turns":9.0},{"damage":0.0,"enemies":"3 Louse","floor":7.0,"turns":6.0},{"damage":0.0,"enemies":"Gremlin Gang","floor":10.0,"turns":6.0},{"damage":2.0,"enemies":"2 Fungi Beasts","floor":12.0,"turns":4.0},{"damage":1.0,"enemies":"Large Slime","floor":13.0,"turns":6.0},{"damage":3.0,"enemies":"3 Louse","floor":14.0,"turns":4.0},{"damage":1.0,"enemies":"The Guardian","floor":16.0,"turns":16.0},{"damage":6.0,"enemies":"Chosen","floor":18.0,"turns":6.0},{"damage":16,"enemies":"Spheric Guardian","floor":20,"turns":8},{"damage":6,"enemies":"Chosen and Byrds","floor":22,"turns":11},{"damage":21,"enemies":"Sentry and Sphere","floor":24,"turns":11},{"damage":9,"enemies":"Snake Plant","floor":27,"turns":6},{"damage":2,"enemies":"Chosen and Byrds","floor":30,"turns":7},{"damage":2,"enemies":"Centurion and Healer","floor":31,"turns":7},{"damage":30,"enemies":"Champ","floor":33,"turns":8},{"damage":9,"enemies":"3 Shapes","floor":35,"turns":4},{"damage":15,"enemies":"3 Darklings","floor":36,"turns":3}],"seed_played":"-6364426257478474442","potions_obtained":[{"floor":0.0,"key":"FearPotion"},{"floor":0.0,"key":"Regen Potion"},{"floor":0.0,"key":"Fruit Juice"},{"floor":1.0,"key":"Dexterity Potion"},{"floor":3.0,"key":"SpeedPotion"},{"floor":4.0,"key":"Fire Potion"},{"floor":12.0,"key":"Strength Potion"},{"floor":14.0,"key":"Swift Potion"},{"floor":20,"key":"Block Potion"},{"floor":27,"key":"Block Potion"},{"floor":30,"key":"SpeedPotion"},{"floor":31,"key":"AttackPotion"},{"floor":33,"key":"LiquidBronze"}],"is_trial":false,"path_per_floor":["M","M","M","M","$","R","M","?","T","M","$","M","M","M","R","B",null,"M","$","M","?","M","?","M","R","T","M","R","?","M","M","R","B",null,"M","M"],"character_chosen":"THE_SILENT","items_purchased":["ClockworkSouvenir","Catalyst","Bane","Omamori"],"campfire_rested":2,"item_purchase_floors":[5,11,11,19],"current_hp_per_floor":[75,75,75,60,60,60,60,49,49,49,49,47,60,57,57,56,75,69,69,53,53,47,47,26,48,48,39,39,39,37,35,57,27,75,66,51],"gold":239,"neow_bonus":"THREE_SMALL_POTIONS","is_prod":false,"is_daily":false,"chose_seed":false,"campfire_upgraded":3,"win_rate":0,"timestamp":1568705809,"path_taken":["M","?","M","M","$","R","M","?","T","M","$","M","M","M","R","BOSS","M","$","M","?","M","?","M","R","T","?","R","?","M","M","R","BOSS","M","M"],"build_version":"2019-09-16","purchased_purges":0,"victory":false,"max_hp_per_floor":[75,75,75,75,75,75,75,75,75,75,75,75,75,75,75,75,75,75,75,75,75,75,75,75,75,75,75,75,75,75,75,75,75,75,75,75],"card_choices":[{"not_picked":["Skewer","Acrobatics","Outmaneuver"],"picked":"SKIP","floor":1.0},{"not_picked":["Finisher","Underhanded Strike"],"picked":"Blur","floor":2.0},{"not_picked":["Dagger Throw","Tactician"],"picked":"Dodge and Roll","floor":3.0},{"not_picked":["Prepared","Quick Slash"],"picked":"Catalyst","floor":4.0},{"not_picked":["Calculated Gamble","Dodge and Roll","Blade Dance"],"picked":"SKIP","floor":7.0},{"not_picked":["Caltrops","Outmaneuver"],"picked":"Poisoned Stab","floor":10.0},{"not_picked":["Infinite Blades","Dodge and Roll"],"picked":"Slice","floor":12.0},{"not_picked":["Slice","Riddle With Holes","Sucker Punch"],"picked":"SKIP","floor":13.0},{"not_picked":["Blade Dance","Riddle With Holes","Dagger Spray"],"picked":"SKIP","floor":14.0},{"not_picked":["Malaise","Envenom"],"picked":"Burst","floor":16.0},{"not_picked":["Escape Plan","Flying Knee","Dodge and Roll"],"picked":"SKIP","floor":18.0},{"not_picked":["Cloak And Dagger","Dodge and Roll","Storm of Steel"],"picked":"SKIP","floor":20},{"not_picked":["Endless Agony","Underhanded Strike"],"picked":"Leg Sweep","floor":22},{"not_picked":["Cloak And Dagger","Underhanded Strike"],"picked":"Deadly Poison","floor":24},{"not_picked":["Flechettes","Eviscerate","Underhanded Strike"],"picked":"SKIP","floor":27},{"not_picked":["Outmaneuver","Dagger Spray","Dodge and Roll"],"picked":"SKIP","floor":30},{"not_picked":["Acrobatics","Expertise"],"picked":"Poisoned Stab","floor":31},{"not_picked":["Dash","Dagger Throw","Dodge and Roll"],"picked":"SKIP","floor":35}],"player_experience":476020,"relics_obtained":[{"floor":9.0,"key":"Dead Branch"},{"floor":26,"key":"Happy Flower"}],"event_choices":[{"damage_healed":0.0,"max_hp_gain":0.0,"max_hp_loss":0.0,"gold_gain":75.0,"event_name":"World of Goop","player_choice":"Gather Gold","floor":8.0,"gold_loss":0.0,"damage_taken":11.0},{"damage_healed":0,"gold_gain":0,"player_choice":"Ignored","damage_taken":0,"max_hp_gain":0,"max_hp_loss":0,"event_name":"Cursed Tome","floor":21,"gold_loss":0},{"damage_healed":0,"gold_gain":0,"cards_transformed":["Strike_G","Defend_G"],"player_choice":"Became Test Subject","damage_taken":0,"max_hp_gain":0,"max_hp_loss":0,"event_name":"Drug Dealer","floor":23,"gold_loss":0,"cards_obtained":["Calculated Gamble","Unload"]},{"cards_removed":["Defend_G"],"damage_healed":0,"gold_gain":0,"player_choice":"Card Removal","damage_taken":0,"max_hp_gain":0,"max_hp_loss":0,"event_name":"Wheel of Change","floor":29,"gold_loss":0}],"is_beta":true,"boss_relics":[{"not_picked":["Calling Bell","Busted Crown"],"picked":"Ring of the Serpent"},{"not_picked":["Fusion Hammer","Velvet Choker"],"picked":"Cursed Key"}],"items_purged_floors":[],"is_endless":false,"potions_floor_spawned":[1,3,4,12,14,20,27,30,31,33],"killed_by":"3 Darklings","ascension_level":0}