{"gold_per_floor":[115,115,115,135,154,154,179,179,204,204,204,219,219,219,219,338,338,358,382,396,31,47,47,87,9,9,33,33,33,77,77],"floor_reached":31,"playtime":2238,"items_purged":["Strike_G"],"score":290,"play_id":"4792df83-46e5-44e8-9b76-7cf316276a0f","local_time":"20190913190128","is_ascension_mode":false,"campfire_choices":[{"data":"Backflip","floor":6.0,"key":"SMITH"},{"floor":8.0,"key":"RECALL"},{"data":"Neutralize","floor":11.0,"key":"SMITH"},{"data":"Deadly Poison","floor":13.0,"key":"SMITH"},{"floor":15.0,"key":"REST"},{"data":"Catalyst","floor":23.0,"key":"SMITH"},{"floor":29,"key":"REST"}],"neow_cost":"TEN_PERCENT_HP_LOSS","seed_source_timestamp":373428080918616,"circlet_count":0,"master_deck":["Strike_G","Strike_G","Strike_G","Defend_G","Defend_G","Defend_G","Survivor","Neutralize+1","Backflip+1","Poisoned Stab","Escape Plan","Deadly Poison+1","Burst","Catalyst+1","Backflip+1","Dash","Tools of the Trade","Corpse Explosion"],"special_seed":0,"relics":["Ring of the Serpent","Golden Idol","Ancient Tea Set","Ice Cream","Singing Bowl","Matryoshka","Orichalcum"],"potions_floor_usage":[30],"damage_taken":[{"damage":2.0,"enemies":"2 Louse","floor":1.0,"turns":4.0},{"damage":0.0,"enemies":"Small Slimes","floor":4.0,"turns":3.0},{"damage":0.0,"enemies":"Cultist","floor":5.0,"turns":3.0},{"damage":0.0,"enemies":"Large Slime","floor":7.0,"turns":8.0},{"damage":10.0,"enemies":"Gremlin Gang","floor":12.0,"turns":6.0},{"damage":46.0,"enemies":"Slime Boss","floor":16.0,"turns":16.0},{"damage":3.0,"enemies":"Shell Parasite","floor":18.0,"turns":5.0},{"damage":14.0,"enemies":"3 Byrds","floor":19.0,"turns":5.0},{"damage":7.0,"enemies":"Snake Plant","floor":20.0,"turns":4.0},{"damage":4.0,"enemies":"Snecko","floor":22.0,"turns":5.0},{"damage":0.0,"enemies":"Book of Stabbing","floor":24.0,"turns":3.0},{"damage":0.0,"enemies":"Centurion and Healer","floor":27.0,"turns":7.0},{"damage":37,"enemies":"Slavers","floor":30,"turns":10},{"damage":22,"enemies":"Sentry and Sphere","floor":31,"turns":3}],"seed_played":"2185108560444309943","potions_obtained":[{"floor":1.0,"key":"FearPotion"},{"floor":4.0,"key":"Dexterity Potion"},{"floor":5.0,"key":"EssenceOfSteel"},{"floor":16.0,"key":"PowerPotion"},{"floor":20.0,"key":"Weak Potion"},{"floor":30,"key":"SteroidPotion"}],"is_trial":false,"path_per_floor":["M","?","?","M","M","R","M","R","T","?","R","M","R","?","R","B",null,"M","M","M","$","M","R","E","$","T","M","?","R","E","M"],"character_chosen":"THE_SILENT","items_purchased":["Ice Cream","Tools of the Trade"],"campfire_rested":2,"item_purchase_floors":[21,25],"current_hp_per_floor":[61,46,39,39,39,39,39,39,39,39,39,29,29,29,47,1,63,60,46,39,39,35,35,35,35,35,37,37,56,19,0],"gold":77,"neow_bonus":"REMOVE_TWO","is_prod":false,"is_daily":false,"chose_seed":false,"campfire_upgraded":4,"win_rate":0,"timestamp":1568419288,"path_taken":["M","?","?","M","M","R","M","R","T","?","R","?","R","?","R","BOSS","M","M","M","$","M","R","E","$","T","?","?","R","E","M"],"build_version":"2019-07-17","purchased_purges":1,"victory":false,"max_hp_per_floor":[63,63,63,63,63,63,63,63,63,63,63,63,63,63,63,63,63,63,63,63,63,63,63,63,63,63,65,65,65,65,65],"card_choices":[{"not_picked":["Eviscerate","Bouncing Flask"],"picked":"Backflip","floor":1.0},{"not_picked":["Flying Knee","Dodge and Roll"],"picked":"Poisoned Stab","floor":4.0},{"not_picked":["Doppelganger","Dodge and Roll","Flying Knee"],"picked":"SKIP","floor":5.0},{"not_picked":["Deadly Poison","Cloak And Dagger"],"picked":"Escape Plan","floor":7.0},{"not_picked":["Cloak And Dagger","Finisher"],"picked":"Deadly Poison","floor":12.0},{"not_picked":["Adrenaline","Storm of Steel"],"picked":"Burst","floor":16.0},{"not_picked":["Slice","Heel Hook"],"picked":"Catalyst","floor":18.0},{"not_picked":["Acrobatics","Slice+1"],"picked":"Backflip+1","floor":19.0},{"not_picked":["Concentrate","Backstab","Setup"],"picked":"SKIP","floor":20.0},{"not_picked":["All Out Attack","Cloak And Dagger","Quick Slash"],"picked":"SKIP","floor":22.0},{"not_picked":["Terror","Underhanded Strike"],"picked":"Dash","floor":24.0},{"not_picked":["Bane+1","Dodge and Roll","Flying Knee"],"picked":"Singing Bowl","floor":27.0},{"not_picked":["Bane","Sucker Punch"],"picked":"Corpse Explosion","floor":30}],"player_experience":1251967,"relics_obtained":[{"floor":24.0,"key":"Singing Bowl"},{"floor":26.0,"key":"Matryoshka"},{"floor":30,"key":"Orichalcum"}],"event_choices":[{"damage_healed":0.0,"max_hp_gain":0.0,"max_hp_loss":0.0,"gold_gain":0.0,"event_name":"Golden Idol","player_choice":"Take Damage","floor":2.0,"gold_loss":0.0,"damage_taken":15.0,"relics_obtained":["Golden Idol"]},{"cards_removed":["Defend_G"],"damage_healed":0.0,"max_hp_gain":0.0,"max_hp_loss":0.0,"gold_gain":0.0,"event_name":"Golden Wing","player_choice":"Card Removal","floor":3.0,"gold_loss":0.0,"damage_taken":7.0},{"damage_healed":0.0,"max_hp_gain":0.0,"max_hp_loss":0.0,"gold_gain":0.0,"event_name":"NoteForYourself","player_choice":"Ignored","floor":10.0,"gold_loss":0.0,"damage_taken":0.0},{"damage_healed":0.0,"max_hp_gain":0.0,"max_hp_loss":0.0,"gold_gain":0.0,"event_name":"WeMeetAgain","player_choice":"Gave Potion","floor":14.0,"gold_loss":0.0,"damage_taken":0.0,"relics_obtained":["Ancient Tea Set"]}],"is_beta":false,"boss_relics":[{"not_picked":["Lizard Tail","White Beast Statue"],"picked":"Ring of the Serpent"}],"items_purged_floors":[21],"is_endless":false,"potions_floor_spawned":[1,4,5,16,20,30],"killed_by":"Sentry and Sphere","ascension_level":0}