{"gold_per_floor":[116,116,131,131,144,171,171,185,233,245,257,121,135,135,135,135],"floor_reached":16,"playtime":705,"items_purged":["Defend_G"],"score":100,"play_id":"f4e9c4df-c634-4179-9c9b-f4f183feda0b","local_time":"20190910202323","is_ascension_mode":false,"campfire_choices":[{"data":"Outmaneuver","floor":7.0,"key":"SMITH"},{"floor":11.0,"key":"REST"},{"floor":15,"key":"REST"}],"neow_cost":"NONE","seed_source_timestamp":253968169231930,"circlet_count":0,"master_deck":["Strike_G","Strike_G","Strike_G","Strike_G","Defend_G","Defend_G","Defend_G","Defend_G","Survivor","Neutralize","Outmaneuver+1","Endless Agony","Blade Dance","Escape Plan","Well Laid Plans","Good Instincts","Neutralize","Heel Hook"],"special_seed":0,"relics":["Ring of the Snake","Mercury Hourglass","MawBank","Juzu Bracelet"],"potions_floor_usage":[16],"damage_taken":[{"damage":3.0,"enemies":"Jaw Worm","floor":1.0,"turns":5.0},{"damage":6.0,"enemies":"Cultist","floor":3.0,"turns":6.0},{"damage":0.0,"enemies":"Small Slimes","floor":5.0,"turns":3.0},{"damage":30.0,"enemies":"Lagavulin","floor":6.0,"turns":8.0},{"damage":29.0,"enemies":"Exordium Thugs","floor":8.0,"turns":5.0},{"damage":8,"enemies":"Large Slime","floor":13,"turns":4},{"damage":46,"enemies":"The Guardian","floor":16,"turns":14}],"seed_played":"7223545861749043429","potions_obtained":[{"floor":2.0,"key":"PowerPotion"},{"floor":2.0,"key":"SneckoOil"},{"floor":2.0,"key":"FairyPotion"},{"floor":6.0,"key":"FairyPotion"},{"floor":8.0,"key":"AttackPotion"},{"floor":13,"key":"Block Potion"}],"is_trial":false,"path_per_floor":["M","?","M","?","M","E","R","M","T","?","R","$","M","?","R","B"],"character_chosen":"THE_SILENT","items_purchased":["Heel Hook"],"campfire_rested":2,"item_purchase_floors":[12],"current_hp_per_floor":[74,74,68,68,68,38,38,9,9,9,32,32,24,17,40,7],"gold":135,"neow_bonus":"TEN_PERCENT_HP_BONUS","is_prod":false,"is_daily":false,"chose_seed":false,"campfire_upgraded":1,"win_rate":0,"timestamp":1568165003,"path_taken":["M","?","?","?","M","E","R","M","T","?","R","$","?","?","R","BOSS"],"build_version":"2019-07-17","purchased_purges":1,"victory":false,"max_hp_per_floor":[77,77,77,77,77,77,77,77,77,77,77,77,77,77,77,77],"card_choices":[{"not_picked":["Dagger Throw","Catalyst"],"picked":"Outmaneuver","floor":1.0},{"not_picked":["Dagger Throw","Bane"],"picked":"Endless Agony","floor":3.0},{"not_picked":["Slice","Poisoned Stab"],"picked":"Blade Dance","floor":5.0},{"not_picked":["Finisher","Outmaneuver"],"picked":"Escape Plan","floor":6.0},{"not_picked":["Reflex","PiercingWail","Accuracy"],"picked":"SKIP","floor":8.0},{"not_picked":["Skewer","Crippling Poison","Tactician"],"picked":"SKIP","floor":13}],"player_experience":1177716,"relics_obtained":[{"floor":6.0,"key":"Mercury Hourglass"},{"floor":9.0,"key":"MawBank"}],"event_choices":[{"damage_healed":0.0,"max_hp_gain":0.0,"max_hp_loss":0.0,"gold_gain":0.0,"event_name":"Lab","player_choice":"Got Potions","floor":2.0,"gold_loss":0.0,"damage_taken":0.0},{"cards_removed":["Strike_G"],"damage_healed":0.0,"max_hp_gain":0.0,"max_hp_loss":0.0,"gold_gain":0.0,"event_name":"Living Wall","player_choice":"Forget","floor":4.0,"gold_loss":0.0,"damage_taken":0.0},{"damage_healed":0.0,"max_hp_gain":0.0,"max_hp_loss":0.0,"gold_gain":0.0,"event_name":"Match and Keep!","player_choice":"3 cards matched","floor":10.0,"gold_loss":0.0,"damage_taken":0.0,"cards_obtained":["Well Laid Plans","Good Instincts","Neutralize"]},{"damage_healed":0,"gold_gain":0,"player_choice":"Success","damage_taken":7,"relics_obtained":["Juzu Bracelet"],"max_hp_gain":0,"max_hp_loss":0,"event_name":"Scrap Ooze","floor":14,"gold_loss":0}],"is_beta":false,"boss_relics":[],"items_purged_floors":[12],"is_endless":false,"potions_floor_spawned":[6,8,13],"killed_by":"The Guardian","ascension_level":0}