{"path_per_floor":["M","$","M","M","M","E","R","M","T","M","E","$","M","?","R"],"character_chosen":"IRONCLAD","items_purchased":["Twin Strike","Armaments","Sword Boomerang"],"gold_per_floor":[118,95,112,132,148,176,176,189,189,204,229,152,169,169,169],"floor_reached":16,"campfire_rested":1,"playtime":1277,"current_hp_per_floor":[80,80,80,75,74,40,40,29,29,26,20,20,18,18,42],"items_purged":[],"gold":169,"score":114,"play_id":"da694e8e-78ed-4e3b-8089-2fb095f6a6b4","is_prod":false,"is_daily":false,"is_ascension_mode":false,"campfire_upgraded":1,"path_taken":["M","?","M","M","M","E","R","?","T","M","E","$","M","?","R","BOSS"],"build_version":"2018-02-15-PROD1","purchased_purges":1,"victory":false,"master_deck":["Strike_R","Strike_R","Strike_R","Strike_R","Strike_R","Defend_R","Defend_R","Defend_R","Defend_R","Bash","Anger+1","Twin Strike","Fire Breathing","Seeing Red","Twin Strike","Armaments","Reaper","Armaments","Armaments","Sword Boomerang","Bludgeon"],"max_hp_per_floor":[80,80,80,80,80,80,80,80,80,80,80,80,80,80,80],"relics":["Burning Blood","Bottled Tornado","Ice Cream","Juzu Bracelet"],"card_choices":[{"not_picked":["Shockwave","Intimidate"],"picked":"Anger"},{"not_picked":["Warcry","Thunderclap"],"picked":"Fire Breathing"},{"not_picked":["True Grit","Clothesline"],"picked":"Seeing Red"},{"not_picked":["Infernal Blade","Flex"],"picked":"Twin Strike"},{"not_picked":["Hemokinesis","Body Slam"],"picked":"Armaments"},{"not_picked":["Clash","Flex"],"picked":"Reaper"},{"not_picked":["Flex","Hemokinesis"],"picked":"Armaments"},{"not_picked":["Body Slam","Flame Barrier"],"picked":"Bludgeon"}],"player_experience":0,"potions_floor_usage":[5,6,16,16],"damage_taken":[{"damage":6,"enemies":"Cultist","floor":1,"turns":4},{"damage":0,"enemies":"Small Slimes","floor":3,"turns":3},{"damage":11,"enemies":"Jaw Worm","floor":4,"turns":2},{"damage":10,"enemies":"Looter","floor":5,"turns":3},{"damage":49,"enemies":"Lagavulin","floor":6,"turns":7},{"damage":17,"enemies":"Exordium Thugs","floor":8,"turns":4},{"damage":9,"enemies":"3 Louse","floor":10,"turns":3},{"damage":20,"enemies":"3 Sentries","floor":11,"turns":7},{"damage":16,"enemies":"2 Fungi Beasts","floor":13,"turns":3},{"damage":50,"enemies":"The Guardian","floor":16,"turns":9}],"event_choices":[{"event_name":"Liars Game","player_choice":"disagreed","floor":14,"damage_taken":0}],"boss_relics":[],"potions_floor_spawned":[3,4,6,11],"seed_played":"8886839679210749506","killed_by":"The Guardian","ascension_level":0,"is_trial":false}