{"path_per_floor":["M","M","M","M","M","R","?","M","T","$","$","R","E","M","R","B",null,"M","?","M","M","T","R","E","R","T","?","R","$","R","?","R","B",null,"M","$","?","M","M","M","R","M","T","?","M","?","M","M","R","B"],"character_chosen":"IRONCLAD","items_purchased":["Inflame"],"gold_per_floor":[109,124,143,157,171,171,197,213,213,138,38,38,66,80,80,182,182,198,113,124,136,136,136,166,166,166,166,166,41,41,41,41,141,141,161,123,123,139,156,168,168,178,224,270,287,287,302,318,318,318],"floor_reached":51,"campfire_rested":3,"playtime":2352,"current_hp_per_floor":[80,74,73,60,38,68,52,43,43,43,43,47,40,34,62,54,80,65,65,52,37,44,76,61,67,67,67,73,73,79,79,85,35,87,75,75,75,71,79,75,83,65,65,49,57,57,65,65,75,20],"items_purged":["Strike_R","Defend_R","Strike_R"],"gold":318,"score":671,"play_id":"63905c16-f1fa-4e65-be9b-aef275a9ca07","local_time":"20180407140620","is_prod":false,"is_daily":false,"is_ascension_mode":false,"campfire_upgraded":6,"timestamp":1523127980,"path_taken":["M","M","M","M","M","R","?","M","T","?","$","R","E","?","R","BOSS","M","?","M","M","?","R","E","R","T","?","R","$","R","?","R","BOSS","M","$","?","M","?","M","R","M","T","?","M","?","M","M","R","BOSS"],"build_version":"2018-04-05v2","purchased_purges":3,"victory":true,"master_deck":["Strike_R","Defend_R","Defend_R","Bash","Battle Trance","Flame Barrier","Offering+1","Shrug It Off+1","Inflame+1","Armaments+1","Limit Break+1","Metallicize+1","Flex+1","Thunderclap","Twin Strike+1","Bludgeon+1","True Grit+1","Inflame+1","Infernal Blade","Pommel Strike+1","Twin Strike+1","Pommel Strike+1","Demon Form+1","Metallicize+1","Shrug It Off+1"],"max_hp_per_floor":[80,80,80,80,80,80,80,80,80,80,80,80,80,80,80,80,80,80,80,80,80,87,87,87,87,87,87,87,87,87,87,87,87,87,87,87,87,87,87,87,87,87,87,87,87,87,87,87,87,87],"relics":["Eternal Feather","Odd Mushroom","Ginger","Champion Belt","Mark of Pain","Frozen Egg 2","Strawberry","Anchor","Peace Pipe","Runic Cube","Blood Vial","Bird Faced Urn"],"card_choices":[{"not_picked":["Clash","Wild Strike"],"picked":"Battle Trance","floor":1},{"not_picked":["Heavy Blade","Wild Strike"],"picked":"Flame Barrier","floor":2},{"not_picked":["Clothesline","Headbutt"],"picked":"Offering","floor":3},{"not_picked":["Pommel Strike","Iron Wave"],"picked":"Shrug It Off","floor":4},{"not_picked":["Perfected Strike","Flex"],"picked":"Inflame","floor":5},{"not_picked":["Perfected Strike","Spot Weakness"],"picked":"Armaments","floor":8},{"not_picked":["Barricade","Impervious"],"picked":"Limit Break","floor":16},{"not_picked":["Twin Strike","Spot Weakness"],"picked":"Metallicize","floor":18},{"not_picked":["Feel No Pain","Body Slam"],"picked":"Flex","floor":20},{"not_picked":["Warcry","Dual Wield"],"picked":"Thunderclap","floor":21},{"not_picked":["Body Slam","Disarm"],"picked":"Twin Strike","floor":24},{"not_picked":["Brutality","Double Tap"],"picked":"Bludgeon","floor":33},{"not_picked":["Armaments","Reckless Charge"],"picked":"True Grit","floor":35},{"not_picked":["Shrug It Off","Fire Breathing"],"picked":"Infernal Blade","floor":38},{"not_picked":["Iron Wave","Armaments"],"picked":"Pommel Strike","floor":39},{"not_picked":["Armaments","Iron Wave"],"picked":"Twin Strike","floor":40},{"not_picked":["Anger","Wild Strike"],"picked":"Pommel Strike","floor":42},{"not_picked":["Cleave","Heavy Blade"],"picked":"Demon Form","floor":44},{"not_picked":["Carnage","Blood for Blood"],"picked":"Metallicize","floor":45},{"not_picked":["Shockwave","Flex"],"picked":"Shrug It Off","floor":48}],"player_experience":147382,"potions_floor_usage":[5,16,16,16,33,38,45,47,50,50],"damage_taken":[{"damage":0,"enemies":"2 Louse","floor":1,"turns":3},{"damage":6,"enemies":"Jaw Worm","floor":2,"turns":3},{"damage":1,"enemies":"Cultist","floor":3,"turns":5},{"damage":13,"enemies":"Gremlin Gang","floor":4,"turns":8},{"damage":22,"enemies":"3 Louse","floor":5,"turns":6},{"damage":16,"enemies":"The Mushroom Lair","floor":7,"turns":5},{"damage":9,"enemies":"Exordium Wildlife","floor":8,"turns":6},{"damage":7,"enemies":"3 Sentries","floor":13,"turns":10},{"damage":6,"enemies":"Looter","floor":14,"turns":3},{"damage":8,"enemies":"Slime Boss","floor":16,"turns":8},{"damage":15,"enemies":"Spheric Guardian","floor":18,"turns":6},{"damage":13,"enemies":"Shell Parasite","floor":20,"turns":7},{"damage":15,"enemies":"Snecko","floor":21,"turns":6},{"damage":15,"enemies":"Book of Stabbing","floor":24,"turns":8},{"damage":50,"enemies":"Automaton","floor":33,"turns":8},{"damage":12,"enemies":"3 Darklings","floor":35,"turns":5},{"damage":4,"enemies":"3 Shapes","floor":38,"turns":5},{"damage":12,"enemies":"Sphere and 2 Shapes","floor":39,"turns":4},{"damage":4,"enemies":"Maw","floor":40,"turns":4},{"damage":18,"enemies":"3 Darklings","floor":42,"turns":4},{"damage":18,"enemies":"Mysterious Sphere","floor":44,"turns":5},{"damage":2,"enemies":"4 Shapes","floor":45,"turns":7},{"damage":4,"enemies":"Maw","floor":47,"turns":5},{"damage":12,"enemies":"Sphere and 2 Shapes","floor":48,"turns":5},{"damage":65,"enemies":"Donu and Deca","floor":50,"turns":8}],"event_choices":[{"event_name":"Mushrooms","player_choice":"Fought Mushrooms","floor":7,"damage_taken":0},{"event_name":"Addict","player_choice":"Obtained Relic","floor":19,"damage_taken":0},{"event_name":"Back to Basics","player_choice":"Elegance","floor":27,"damage_taken":0},{"event_name":"Upgrade Shrine","player_choice":"Upgraded","floor":31,"damage_taken":0},{"event_name":"Mysterious Sphere","player_choice":"Fight","floor":44,"damage_taken":0},{"event_name":"Tomb of Lord Red Mask","player_choice":"Ignored","floor":46,"damage_taken":0}],"boss_relics":[{"not_picked":["Tiny House","Orrery"],"picked":"Mark of Pain"},{"not_picked":["Astrolabe","Runic Pyramid"],"picked":"Runic Cube"}],"potions_floor_spawned":[3,7,8,13,18,20,39,40,44,45,48],"seed_played":"7686008880510589433","ascension_level":0,"is_trial":false}