{"gold_per_floor":[109,57,67,242,242,242,267,267,338,363,363,373,323,323,323,446,446,467,467,491,137,155,189,189,214,214,255,255,272,372,372,372,475,475,489,538,538,35,54,87,87,114,165,165,175,187,187,204,204,204],"floor_reached":51,"playtime":2398,"items_purged":[],"score":940,"play_id":"dfc14a7c-474a-4e92-83d4-0fda72af6f31","local_time":"20190228233657","is_ascension_mode":true,"campfire_choices":[{"data":"Cold Snap","floor":6.0,"key":"SMITH"},{"floor":8.0,"key":"REST"},{"data":"Biased Cognition","floor":11.0,"key":"SMITH"},{"data":"Loop","floor":15.0,"key":"SMITH"},{"floor":24,"key":"REST"},{"data":"Defragment","floor":32,"key":"SMITH"},{"data":"Defragment","floor":41,"key":"SMITH"},{"data":"Buffer","floor":44,"key":"SMITH"},{"data":"Barrage","floor":49,"key":"SMITH"}],"neow_cost":"PERCENT_DAMAGE","seed_source_timestamp":0,"circlet_count":0,"master_deck":["Strike_B","Strike_B","Strike_B","Strike_B","Defend_B","Defend_B","Defend_B","Zap","Dualcast","Biased Cognition+1","White Noise","Coolheaded","Cold Snap+1","Loop+1","Buffer+1","Cold Snap+1","Go for the Eyes+1","Defragment+1","Secret Technique","Defragment+1","Chill","Biased Cognition","Defragment+1","Cold Snap","Writhe","Glacier","Madness","Barrage+1","Chill+1","Storm","Ball Lightning+1"],"special_seed":0,"relics":["Cracked Core","PreservedInsect","Pantograph","Ornamental Fan","Bloody Idol","Inserter","Singing Bowl","Anchor","Dream Catcher","Thread and Needle","Letter Opener","Pocketwatch","Meat on the Bone","The Courier","Runic Dome","Mango","Mercury Hourglass","Dodecahedron","Toxic Egg 2","Happy Flower","Smiling Mask"],"potions_floor_usage":[30,30,30,30,50,50],"damage_taken":[{"damage":7.0,"enemies":"Small Slimes","floor":1.0,"turns":3.0},{"damage":6.0,"enemies":"2 Louse","floor":3.0,"turns":3.0},{"damage":21.0,"enemies":"3 Sentries","floor":7.0,"turns":13.0},{"damage":9.0,"enemies":"Lagavulin","floor":10.0,"turns":5.0},{"damage":0.0,"enemies":"Jaw Worm","floor":12.0,"turns":3.0},{"damage":26.0,"enemies":"Slime Boss","floor":16.0,"turns":10.0},{"damage":18.0,"enemies":"3 Byrds","floor":18.0,"turns":3.0},{"damage":14.0,"enemies":"Spheric Guardian","floor":20.0,"turns":5.0},{"damage":9.0,"enemies":"Chosen and Byrds","floor":22.0,"turns":5.0},{"damage":5.0,"enemies":"Book of Stabbing","floor":23.0,"turns":6.0},{"damage":8,"enemies":"Centurion and Healer","floor":25,"turns":6},{"damage":4,"enemies":"Slavers","floor":27,"turns":8},{"damage":1,"enemies":"Snecko","floor":29,"turns":3},{"damage":0,"enemies":"Colosseum Slavers","floor":30,"turns":4},{"damage":0,"enemies":"Colosseum Nobs","floor":30,"turns":9},{"damage":0,"enemies":"Champ","floor":33,"turns":14},{"damage":0,"enemies":"Orb Walker","floor":35,"turns":6},{"damage":0,"enemies":"2 Orb Walkers","floor":36,"turns":4},{"damage":0,"enemies":"3 Shapes","floor":39,"turns":4},{"damage":7,"enemies":"Reptomancer","floor":40,"turns":7},{"damage":0,"enemies":"Giant Head","floor":42,"turns":6},{"damage":0,"enemies":"Spire Growth","floor":45,"turns":6},{"damage":0,"enemies":"4 Shapes","floor":46,"turns":3},{"damage":0,"enemies":"Maw","floor":48,"turns":6},{"damage":29,"enemies":"Time Eater","floor":50,"turns":6}],"seed_played":"2962669667180666873","potions_obtained":[{"floor":1.0,"key":"SkillPotion"},{"floor":3.0,"key":"Regen Potion"},{"floor":16.0,"key":"Energy Potion"},{"floor":18.0,"key":"SteroidPotion"},{"floor":25,"key":"FairyPotion"},{"floor":29,"key":"EntropicBrew"},{"floor":30,"key":"Fruit Juice"},{"floor":39,"key":"Dexterity Potion"},{"floor":45,"key":"AttackPotion"},{"floor":46,"key":"GamblersBrew"},{"floor":48,"key":"SkillPotion"}],"is_trial":false,"path_per_floor":["M","$","M","?","?","R","E","R","T","E","R","M","?","?","R","B",null,"M","?","M","$","M","E","R","M","T","E","?","M","?","?","R","B",null,"M","?","?","$","M","E","R","E","T","R","M","M","?","M","R","B",null],"character_chosen":"DEFECT","items_purchased":["Coolheaded","Defragment","Anchor","Secret Technique","Glacier","Mercury Hourglass","Dodecahedron","Madness"],"campfire_rested":2,"item_purchase_floors":[2,21,21,21,38,38,38,38],"current_hp_per_floor":[47,47,41,41,41,41,35,57,57,48,48,48,48,30,30,29,75,57,57,43,43,36,31,56,48,48,44,44,48,73,73,73,86,86,88,104,104,104,106,104,104,106,106,106,106,106,106,108,108,79],"gold":204,"neow_bonus":"THREE_RARE_CARDS","is_prod":false,"is_daily":false,"chose_seed":false,"campfire_upgraded":7,"win_rate":0,"timestamp":1551418617,"path_taken":["M","$","M","?","?","R","E","R","T","E","R","M","?","?","R","BOSS","M","?","M","$","M","E","R","M","T","E","?","M","?","?","R","BOSS","M","?","?","$","M","E","R","E","T","R","?","M","?","M","R","BOSS"],"build_version":"2019-01-23","purchased_purges":0,"victory":true,"max_hp_per_floor":[75,75,75,75,75,75,75,75,75,75,75,75,75,75,75,75,75,75,75,75,75,77,77,79,79,79,79,79,79,84,84,84,86,86,88,104,104,104,106,106,106,106,106,106,106,106,106,108,108,108],"card_choices":[{"not_picked":["Hyperbeam","Machine Learning"],"picked":"Biased Cognition","floor":0.0},{"not_picked":["Steam","Recycle"],"picked":"White Noise","floor":1.0},{"not_picked":["Tempest","Steam Power"],"picked":"Cold Snap","floor":3.0},{"not_picked":["Compile Driver","Sweeping Beam","Hello World"],"picked":"SKIP","floor":7.0},{"not_picked":["Gash","Steam Power","Streamline"],"picked":"SKIP","floor":10.0},{"not_picked":["Gash","Go for the Eyes"],"picked":"Loop","floor":12.0},{"not_picked":["Reboot","Meteor Strike"],"picked":"Buffer","floor":16.0},{"not_picked":["Hello World+1","Blizzard"],"picked":"Cold Snap+1","floor":18.0},{"not_picked":["Blizzard","Double Energy"],"picked":"Go for the Eyes+1","floor":20.0},{"not_picked":["Leap+1","Fusion+1","Redo"],"picked":"Singing Bowl","floor":22.0},{"not_picked":["Conserve Battery","Stack+1"],"picked":"Defragment","floor":23},{"not_picked":["Scrape","Leap","Rip and Tear"],"picked":"Singing Bowl","floor":24},{"not_picked":["Heatsinks","Scrape"],"picked":"Chill","floor":25},{"not_picked":["Beam Cell","Sweeping Beam"],"picked":"Biased Cognition","floor":27},{"not_picked":["Glacier","Coolheaded"],"picked":"Defragment","floor":29},{"not_picked":["Steam","Capacitor"],"picked":"Cold Snap","floor":30},{"not_picked":["All For One","Amplify","Creative AI"],"picked":"Singing Bowl","floor":33},{"not_picked":["Streamline","Beam Cell","Conserve Battery"],"picked":"Singing Bowl","floor":35},{"not_picked":["Rip and Tear+1","Sunder","Rebound+1"],"picked":"Singing Bowl","floor":36},{"not_picked":["Heatsinks+1","Stack+1","Lockon"],"picked":"Singing Bowl","floor":39},{"not_picked":["Stack","Gash+1"],"picked":"Barrage","floor":40},{"not_picked":["Compile Driver","Capacitor"],"picked":"Chill+1","floor":42},{"not_picked":["Go for the Eyes+1","Coolheaded+1"],"picked":"Storm","floor":45},{"not_picked":["Hyperbeam","Reinforced Body+1"],"picked":"Ball Lightning+1","floor":46},{"not_picked":["Streamline+1","Fusion+1","Gash"],"picked":"Singing Bowl","floor":48}],"player_experience":326735,"relics_obtained":[{"floor":7.0,"key":"PreservedInsect"},{"floor":9.0,"key":"Pantograph"},{"floor":10.0,"key":"Ornamental Fan"},{"floor":23,"key":"Dream Catcher"},{"floor":26,"key":"Thread and Needle"},{"floor":27,"key":"Letter Opener"},{"floor":30,"key":"Pocketwatch"},{"floor":30,"key":"Meat on the Bone"},{"floor":36,"key":"Mango"},{"floor":40,"key":"Toxic Egg 2"},{"floor":42,"key":"Happy Flower"},{"floor":43,"key":"Smiling Mask"}],"event_choices":[{"damage_healed":0.0,"max_hp_gain":0.0,"max_hp_loss":0.0,"gold_gain":175.0,"event_name":"Liars Game","player_choice":"AGREE","floor":4.0,"gold_loss":0.0,"damage_taken":0.0,"cards_obtained":["Doubt"]},{"cards_removed":["Doubt"],"damage_healed":0.0,"max_hp_gain":0.0,"max_hp_loss":0.0,"gold_gain":0.0,"event_name":"Living Wall","player_choice":"Forget","floor":5.0,"gold_loss":0.0,"damage_taken":0.0},{"cards_removed":["Defend_B"],"damage_healed":0.0,"max_hp_gain":0.0,"max_hp_loss":0.0,"gold_gain":0.0,"event_name":"The Cleric","player_choice":"Card Removal","floor":13.0,"gold_loss":50.0,"damage_taken":0.0},{"damage_healed":0.0,"max_hp_gain":0.0,"max_hp_loss":0.0,"gold_gain":0.0,"event_name":"Golden Idol","player_choice":"Take Damage","floor":14.0,"gold_loss":0.0,"damage_taken":18.0,"relics_obtained":["Golden Idol"]},{"damage_healed":0.0,"max_hp_gain":0.0,"max_hp_loss":0.0,"gold_gain":0.0,"event_name":"WeMeetAgain","player_choice":"Gave Potion","floor":19.0,"gold_loss":0.0,"damage_taken":0.0,"relics_obtained":["Singing Bowl"]},{"damage_healed":0,"gold_gain":0,"player_choice":"Gave Idol","damage_taken":0,"relics_obtained":["Bloody Idol"],"max_hp_gain":0,"max_hp_loss":0,"event_name":"Forgotten Altar","floor":28,"relics_lost":["Golden Idol"],"gold_loss":0},{"damage_healed":0,"gold_gain":0,"player_choice":"Fight","damage_taken":0,"max_hp_gain":0,"max_hp_loss":0,"event_name":"Colosseum","floor":30,"gold_loss":0},{"damage_healed":0,"gold_gain":0,"player_choice":"Fought Nobs","damage_taken":0,"max_hp_gain":0,"max_hp_loss":0,"event_name":"Colosseum","floor":30,"gold_loss":0},{"damage_healed":0,"gold_gain":0,"player_choice":"Opened","damage_taken":0,"relics_obtained":["The Courier"],"max_hp_gain":0,"max_hp_loss":0,"event_name":"The Mausoleum","floor":31,"gold_loss":0,"cards_obtained":["Writhe"]},{"damage_healed":0,"gold_gain":0,"player_choice":"Fight","damage_taken":0,"max_hp_gain":0,"max_hp_loss":0,"event_name":"Mysterious Sphere","floor":36,"gold_loss":0},{"damage_healed":0,"gold_gain":0,"player_choice":"Upgraded","damage_taken":0,"max_hp_gain":0,"max_hp_loss":0,"event_name":"Upgrade Shrine","floor":37,"gold_loss":0,"cards_upgraded":["Defragment"]},{"damage_healed":0,"gold_gain":0,"player_choice":"Leave","damage_taken":0,"max_hp_gain":0,"max_hp_loss":0,"event_name":"FaceTrader","floor":47,"gold_loss":0}],"is_beta":false,"boss_relics":[{"not_picked":["Pandora\u0027s Box","Astrolabe"],"picked":"Inserter"},{"not_picked":["Eternal Feather","White Beast Statue"],"picked":"Runic Dome"}],"items_purged_floors":[],"is_endless":false,"potions_floor_spawned":[1,3,16,18,25,29,30,39,45,46,48],"ascension_level":1}