{"gold_per_floor":[115,127,193,46,46,75,75,88,88,123,38,38,57,127,127,252,252,265,280,280,299,46,46,71,71,96,96,137,150,221,235,235,366,366,386,401,417,750,796,828,928,944,944,944,944,52,66,79,79,79],"floor_reached":50,"playtime":2525,"items_purged":["Clumsy"],"score":597,"play_id":"b0987275-63c6-4745-b657-7cdcf701395a","local_time":"20190916183723","is_ascension_mode":false,"campfire_choices":[{"data":"Demon Form","floor":7.0,"key":"SMITH"},{"floor":15.0,"key":"REST"},{"floor":23.0,"key":"REST"},{"data":"Discovery","floor":32.0,"key":"SMITH"},{"floor":45,"key":"REST"},{"floor":49,"key":"REST"}],"neow_cost":"NONE","seed_source_timestamp":0,"circlet_count":0,"master_deck":["Strike_R","Strike_R","Strike_R","Strike_R","Strike_R","Defend_R","Defend_R","Defend_R","Defend_R+1","Bash+1","Clash","Armaments+1","Demon Form+1","Thunderclap","Flame Barrier","Discovery+1","Injury","Cleave","Reaper","Spot Weakness","Immolate","Armaments+1","Immolate","Demon Form","Madness","Wild Strike","Flame Barrier"],"special_seed":0,"relics":["Black Blood","Anchor","Kunai","Pen Nib","Singing Bowl","PreservedInsect","Bronze Scales","Self Forming Clay","Strawberry","MutagenicStrength","Champion Belt","Tiny Chest","Cursed Key","Unceasing Top","Letter Opener","Calipers","Bottled Flame","War Paint","Bag of Marbles","Strange Spoon"],"potions_floor_usage":[40,40,48,50,50],"damage_taken":[{"damage":6.0,"enemies":"Cultist","floor":1.0,"turns":3.0},{"damage":6.0,"enemies":"Jaw Worm","floor":2.0,"turns":2.0},{"damage":19.0,"enemies":"Lagavulin","floor":6.0,"turns":7.0},{"damage":5.0,"enemies":"Small Slimes","floor":8.0,"turns":5.0},{"damage":25.0,"enemies":"Gremlin Nob","floor":10.0,"turns":4.0},{"damage":0.0,"enemies":"Exordium Wildlife","floor":13.0,"turns":3.0},{"damage":13.0,"enemies":"3 Sentries","floor":14.0,"turns":3.0},{"damage":35.0,"enemies":"Slime Boss","floor":16.0,"turns":6.0},{"damage":27.0,"enemies":"Chosen","floor":18.0,"turns":5.0},{"damage":17.0,"enemies":"Shell Parasite","floor":19.0,"turns":4.0},{"damage":18.0,"enemies":"Snake Plant","floor":21.0,"turns":3.0},{"damage":17.0,"enemies":"Centurion and Healer","floor":24.0,"turns":8.0},{"damage":25.0,"enemies":"Book of Stabbing","floor":28.0,"turns":5.0},{"damage":37.0,"enemies":"3 Cultists","floor":29.0,"turns":5.0},{"damage":21.0,"enemies":"Slavers","floor":30.0,"turns":4.0},{"damage":27.0,"enemies":"Snecko","floor":31.0,"turns":4.0},{"damage":75.0,"enemies":"Automaton","floor":33.0,"turns":8.0},{"damage":11.0,"enemies":"3 Darklings","floor":35.0,"turns":4.0},{"damage":0.0,"enemies":"3 Shapes","floor":36.0,"turns":1.0},{"damage":22.0,"enemies":"Spire Growth","floor":37.0,"turns":5.0},{"damage":98.0,"enemies":"2 Orb Walkers","floor":39.0,"turns":6.0},{"damage":35,"enemies":"Reptomancer","floor":40,"turns":4},{"damage":19,"enemies":"Mind Bloom Boss Battle","floor":41,"turns":7},{"damage":27,"enemies":"Sphere and 2 Shapes","floor":42,"turns":4},{"damage":41,"enemies":"Writhing Mass","floor":47,"turns":5},{"damage":50,"enemies":"Transient","floor":48,"turns":5},{"damage":88,"enemies":"Donu and Deca","floor":50,"turns":6}],"seed_played":"-3097263535954457622","potions_obtained":[{"floor":1.0,"key":"Dexterity Potion"},{"floor":6.0,"key":"PowerPotion"},{"floor":10.0,"key":"Weak Potion"},{"floor":19.0,"key":"Fire Potion"},{"floor":24.0,"key":"Block Potion"},{"floor":28.0,"key":"SkillPotion"},{"floor":29.0,"key":"BloodPotion"},{"floor":30.0,"key":"Dexterity Potion"},{"floor":33.0,"key":"SteroidPotion"},{"floor":35.0,"key":"Ancient Potion"},{"floor":47,"key":"Dexterity Potion"},{"floor":48,"key":"SmokeBomb"}],"is_trial":false,"path_per_floor":["M","M","?","$","?","E","R","M","T","E","$","?","M","?","R","B",null,"M","M","?","M","$","R","M","?","T","?","E","M","E","M","R","B",null,"M","M","M","?","?","E","?","M","T","?","R","$","M","M","R","B"],"character_chosen":"IRONCLAD","items_purchased":["Anchor","Discovery","Self Forming Clay","War Paint","Bag of Marbles","Strange Spoon","Energy Potion","EssenceOfSteel","Madness","Wild Strike","Flame Barrier"],"campfire_rested":4,"item_purchase_floors":[4,11,22,46,46,46,46,46,46,46,46],"current_hp_per_floor":[80,80,80,80,77,64,64,65,65,46,46,46,52,47,71,42,82,67,62,62,54,54,79,88,88,95,95,82,89,78,73,73,60,101,102,105,95,95,47,44,67,52,52,52,85,85,56,26,61,0],"gold":79,"neow_bonus":"UPGRADE_CARD","is_prod":false,"is_daily":false,"chose_seed":false,"campfire_upgraded":2,"win_rate":0,"timestamp":1568651843,"path_taken":["M","M","?","$","?","E","R","M","T","E","?","?","?","?","R","BOSS","M","M","?","M","$","R","M","?","T","?","E","M","E","?","R","BOSS","M","M","M","?","?","E","?","M","T","?","R","$","M","M","R","BOSS"],"build_version":"2019-07-17","purchased_purges":1,"victory":false,"max_hp_per_floor":[80,80,80,80,80,80,80,80,80,80,80,80,80,82,82,82,82,84,86,86,86,86,86,88,88,95,95,97,99,99,101,101,101,101,103,105,107,107,107,109,111,113,113,113,113,113,115,117,117,117],"card_choices":[{"not_picked":["Power Through","Havoc"],"picked":"Clash","floor":1.0},{"not_picked":["Body Slam","Dropkick"],"picked":"Armaments","floor":2.0},{"not_picked":["Clothesline","Corruption"],"picked":"Demon Form","floor":6.0},{"not_picked":["Infernal Blade","Sever Soul"],"picked":"Thunderclap","floor":8.0},{"not_picked":["Twin Strike","Armaments"],"picked":"Flame Barrier","floor":10.0},{"not_picked":["Exhume","Intimidate"],"picked":"Cleave","floor":13.0},{"not_picked":["Dual Wield","Armaments","Pommel Strike"],"picked":"Singing Bowl","floor":14.0},{"not_picked":["Demon Form","Feed"],"picked":"Reaper","floor":16.0},{"not_picked":["Cleave","True Grit","Power Through"],"picked":"Singing Bowl","floor":18.0},{"not_picked":["Burning Pact","Armaments","Shrug It Off"],"picked":"Singing Bowl","floor":19.0},{"not_picked":["True Grit","Wild Strike"],"picked":"Spot Weakness","floor":21.0},{"not_picked":["Thunderclap","Sword Boomerang","Battle Trance"],"picked":"Singing Bowl","floor":24.0},{"not_picked":["Clothesline","Intimidate","Feel No Pain"],"picked":"Singing Bowl","floor":28.0},{"not_picked":["Warcry+1","Clash","Rupture+1"],"picked":"Singing Bowl","floor":29.0},{"not_picked":["Metallicize","Sword Boomerang+1"],"picked":"Armaments+1","floor":30.0},{"not_picked":["Disarm","Dual Wield","True Grit"],"picked":"Singing Bowl","floor":31.0},{"not_picked":["Barricade","Juggernaut"],"picked":"Immolate","floor":33.0},{"not_picked":["Sever Soul+1","Thunderclap","Sword Boomerang"],"picked":"Singing Bowl","floor":35.0},{"not_picked":["Searing Blow+1","Armaments+1","Pommel Strike+1"],"picked":"Singing Bowl","floor":36.0},{"not_picked":["True Grit","Flex","Perfected Strike"],"picked":"Singing Bowl","floor":37.0},{"not_picked":["Combust+1","Pommel Strike+1"],"picked":"Demon Form","floor":39.0},{"not_picked":["Body Slam+1","Rampage+1","Havoc"],"picked":"Singing Bowl","floor":40},{"not_picked":["Thunderclap+1","Wild Strike","Cleave+1"],"picked":"Singing Bowl","floor":41},{"not_picked":["Heavy Blade+1","Feel No Pain+1","Rampage"],"picked":"Singing Bowl","floor":42},{"not_picked":["Perfected Strike+1","Fire Breathing","Disarm"],"picked":"Singing Bowl","floor":47},{"not_picked":["Armaments+1","Havoc+1","Perfected Strike+1"],"picked":"Singing Bowl","floor":48}],"player_experience":361371,"relics_obtained":[{"floor":6.0,"key":"Pen Nib"},{"floor":9.0,"key":"Singing Bowl"},{"floor":10.0,"key":"PreservedInsect"},{"floor":14.0,"key":"Bronze Scales"},{"floor":26.0,"key":"Strawberry"},{"floor":28.0,"key":"Champion Belt"},{"floor":30.0,"key":"Tiny Chest"},{"floor":39.0,"key":"Unceasing Top"},{"floor":40,"key":"Letter Opener"},{"floor":41,"key":"Calipers"},{"floor":43,"key":"Bottled Flame"}],"event_choices":[{"damage_healed":0.0,"max_hp_gain":0.0,"max_hp_loss":0.0,"gold_gain":66.0,"event_name":"Golden Wing","player_choice":"Gained Gold","floor":3.0,"gold_loss":0.0,"damage_taken":0.0},{"damage_healed":0.0,"max_hp_gain":0.0,"max_hp_loss":0.0,"gold_gain":0.0,"event_name":"Scrap Ooze","player_choice":"Success","floor":5.0,"gold_loss":0.0,"damage_taken":3.0,"relics_obtained":["Kunai"]},{"damage_healed":0.0,"max_hp_gain":0.0,"max_hp_loss":0.0,"gold_gain":0.0,"event_name":"Golden Idol","player_choice":"Take Wound","floor":12.0,"gold_loss":0.0,"damage_taken":0.0,"relics_obtained":["Golden Idol"],"cards_obtained":["Injury"]},{"damage_healed":0.0,"max_hp_gain":0.0,"max_hp_loss":0.0,"gold_gain":0.0,"event_name":"Dead Adventurer","player_choice":"Searched \u00271\u0027 times","floor":14.0,"gold_loss":0.0,"damage_taken":0.0},{"damage_healed":0.0,"max_hp_gain":0.0,"max_hp_loss":0.0,"gold_gain":0.0,"event_name":"Vampires","player_choice":"Ignored","floor":20.0,"gold_loss":0.0,"damage_taken":0.0},{"damage_healed":0.0,"max_hp_gain":0.0,"max_hp_loss":0.0,"gold_gain":0.0,"event_name":"The Library","player_choice":"Read","floor":25.0,"gold_loss":0.0,"damage_taken":0.0,"cards_obtained":["Immolate"]},{"damage_healed":0.0,"max_hp_gain":0.0,"max_hp_loss":0.0,"gold_gain":0.0,"event_name":"Drug Dealer","player_choice":"Inject Mutagens","floor":27.0,"gold_loss":0.0,"damage_taken":0.0,"relics_obtained":["MutagenicStrength"]},{"damage_healed":0.0,"max_hp_gain":0.0,"max_hp_loss":0.0,"gold_gain":333.0,"event_name":"The Moai Head","player_choice":"Gave Idol","floor":38.0,"relics_lost":["Golden Idol"],"gold_loss":0.0,"damage_taken":0.0},{"damage_healed":0.0,"max_hp_gain":0.0,"max_hp_loss":0.0,"gold_gain":0.0,"event_name":"Mysterious Sphere","player_choice":"Fight","floor":39.0,"gold_loss":0.0,"damage_taken":0.0},{"damage_healed":0,"gold_gain":0,"player_choice":"Fight","damage_taken":0,"max_hp_gain":0,"max_hp_loss":0,"event_name":"MindBloom","floor":41,"gold_loss":0},{"damage_healed":0,"gold_gain":0,"player_choice":"Ignored","damage_taken":0,"max_hp_gain":0,"max_hp_loss":0,"event_name":"Tomb of Lord Red Mask","floor":44,"gold_loss":0}],"is_beta":false,"boss_relics":[{"not_picked":["Mark of Pain","Runic Dome"],"picked":"Black Blood"},{"not_picked":["Busted Crown","Tiny House"],"picked":"Cursed Key"}],"items_purged_floors":[46],"is_endless":false,"potions_floor_spawned":[1,6,10,14,16,19,24,28,29,30,33,35,36,47,48],"killed_by":"Donu and Deca","ascension_level":0}