{"gold_per_floor":[118,134,134,147,147,147,180,180,180,215,233,263,282,282],"floor_reached":14,"playtime":931,"items_purged":[],"score":154,"play_id":"242ecbb1-fdf0-4ac3-8d96-46a8ba9350a4","local_time":"20190918230635","is_ascension_mode":true,"campfire_choices":[{"floor":6,"key":"REST"}],"neow_cost":"NONE","seed_source_timestamp":616186076241600,"circlet_count":0,"master_deck":["Strike_B","Strike_B","Strike_B","Defend_B","Defend_B","Defend_B","Defend_B","Zap","Dualcast","Doom and Gloom+1","Capacitor+1","Hello World+1","Sweeping Beam+1","Sunder","Decay","Defragment","Coolheaded","Defragment"],"relics":["Fusion Hammer","Ice Cream","Nunchaku","Strawberry","Whetstone"],"potions_floor_usage":[14],"damage_taken":[{"damage":3,"enemies":"Jaw Worm","floor":1,"turns":4},{"damage":1,"enemies":"Cultist","floor":2,"turns":3},{"damage":6,"enemies":"2 Louse","floor":4,"turns":3},{"damage":22,"enemies":"3 Sentries","floor":7,"turns":5},{"damage":26,"enemies":"Gremlin Nob","floor":10,"turns":4},{"damage":4,"enemies":"Looter","floor":11,"turns":3},{"damage":12,"enemies":"Lagavulin","floor":12,"turns":6},{"damage":7,"enemies":"Gremlin Gang","floor":13,"turns":5},{"damage":9,"enemies":"2 Fungi Beasts","floor":14,"turns":1}],"seed_played":"-4599209157364155605","potions_obtained":[{"floor":1,"key":"Strength Potion"},{"floor":10,"key":"Strength Potion"},{"floor":12,"key":"Energy Potion"},{"floor":13,"key":"Dexterity Potion"}],"is_trial":false,"path_per_floor":["M","M","?","M","?","R","E","?","T","E","M","E","M","M"],"character_chosen":"DEFECT","items_purchased":[],"campfire_rested":1,"item_purchase_floors":[],"current_hp_per_floor":[65,64,64,58,43,65,43,43,43,24,20,8,1,0],"gold":282,"neow_bonus":"BOSS_RELIC","is_prod":false,"is_daily":false,"chose_seed":false,"campfire_upgraded":0,"win_rate":0,"timestamp":1568837195,"path_taken":["M","M","?","?","?","R","E","?","T","E","M","E","?","M"],"build_version":"2019-07-17","purchased_purges":0,"victory":false,"max_hp_per_floor":[75,75,75,75,75,75,75,75,75,82,82,82,82,82],"card_choices":[{"not_picked":["Scrape","Conserve Battery"],"picked":"Doom and Gloom","floor":1},{"not_picked":["Double Energy","Steam"],"picked":"Capacitor","floor":2},{"not_picked":["Barrage","Capacitor"],"picked":"Sweeping Beam","floor":4},{"not_picked":["Gash","Conserve Battery"],"picked":"Sunder","floor":7},{"not_picked":["Melter","Sunder"],"picked":"Defragment","floor":10},{"not_picked":["Lockon","Gash"],"picked":"Coolheaded","floor":11},{"not_picked":["Steam","Biased Cognition"],"picked":"Defragment","floor":12},{"not_picked":["Barrage","Undo","Redo"],"picked":"SKIP","floor":13}],"player_experience":307337,"relics_obtained":[{"floor":7,"key":"Ice Cream"},{"floor":9,"key":"Nunchaku"},{"floor":10,"key":"Strawberry"},{"floor":12,"key":"Whetstone"}],"event_choices":[{"damage_healed":0,"gold_gain":0,"cards_transformed":["Strike_B"],"player_choice":"Transformed","damage_taken":0,"max_hp_gain":0,"max_hp_loss":0,"event_name":"Transmorgrifier","floor":3,"gold_loss":0,"cards_obtained":["Hello World"]},{"damage_healed":0,"gold_gain":0,"player_choice":"Entered Light","damage_taken":15,"max_hp_gain":0,"max_hp_loss":0,"event_name":"Shining Light","floor":5,"gold_loss":0,"cards_upgraded":["Capacitor","Hello World"]},{"damage_healed":0,"gold_gain":0,"player_choice":"Cursed","damage_taken":0,"max_hp_gain":0,"max_hp_loss":0,"event_name":"Wheel of Change","floor":8,"gold_loss":0,"cards_obtained":["Decay"]}],"is_beta":false,"boss_relics":[],"items_purged_floors":[],"is_endless":false,"potions_floor_spawned":[1,10,12,13],"killed_by":"2 Fungi Beasts","ascension_level":8}