{"gold_per_floor":[110,110,39,55,69,98,98,114,114,114,2,2,12,12,12,115,115,132,61,76,16,27,27,40,40,63,91,91,91,28,48,48,152,152,171,181,199,199,199,199,215,232,232,232,244,257,19,52,52,52],"floor_reached":51,"playtime":2215,"items_purged":["Strike_G","Writhe"],"score":893,"play_id":"c5683aa2-c0b4-4623-836a-c718815facc4","local_time":"20190309013811","is_ascension_mode":true,"campfire_choices":[{"data":"Crippling Poison","floor":7.0,"key":"SMITH"},{"floor":10.0,"key":"REST"},{"floor":12.0,"key":"REST"},{"data":"Escape Plan","floor":15.0,"key":"SMITH"},{"data":"Malaise","floor":23.0,"key":"SMITH"},{"data":"Catalyst","floor":25.0,"key":"SMITH"},{"data":"Deadly Poison","floor":28.0,"key":"SMITH"},{"floor":32.0,"key":"REST"},{"floor":40.0,"key":"REST"},{"floor":44,"key":"REST"},{"floor":49,"key":"REST"}],"neow_cost":"NONE","seed_source_timestamp":0,"circlet_count":0,"master_deck":["Defend_G","Defend_G","Defend_G","Defend_G","Defend_G","Strike_G","Survivor","Neutralize","Caltrops","Crippling Poison+1","Dagger Throw","Deadly Poison+1","PiercingWail","Deflect","Escape Plan+1","PiercingWail+1","Malaise+1","Catalyst+1","Backstab","Deflect+1","Backstab","Noxious Fumes","Well Laid Plans","Corpse Explosion","PiercingWail+1","Dodge and Roll+1","Catalyst+1","Acrobatics+1"],"special_seed":0,"relics":["Ring of the Snake","NeowsBlessing","Blood Vial","Omamori","Cursed Key","Oddly Smooth Stone","The Courier","Pear","Busted Crown","Frozen Egg 2","Anchor","Dodecahedron"],"potions_floor_usage":[50,50,50],"damage_taken":[{"damage":0.0,"enemies":"2 Louse","floor":1.0,"turns":1.0},{"damage":0.0,"enemies":"Cultist","floor":4.0,"turns":1.0},{"damage":0.0,"enemies":"Small Slimes","floor":5.0,"turns":1.0},{"damage":35.0,"enemies":"Lagavulin","floor":6.0,"turns":8.0},{"damage":34.0,"enemies":"Gremlin Gang","floor":8.0,"turns":3.0},{"damage":3.0,"enemies":"Exordium Thugs","floor":13.0,"turns":4.0},{"damage":19.0,"enemies":"The Guardian","floor":16.0,"turns":10.0},{"damage":0.0,"enemies":"Chosen","floor":18.0,"turns":6.0},{"damage":8.0,"enemies":"Spheric Guardian","floor":20.0,"turns":5.0},{"damage":5.0,"enemies":"Snake Plant","floor":22.0,"turns":4.0},{"damage":10.0,"enemies":"3 Cultists","floor":24.0,"turns":6.0},{"damage":9.0,"enemies":"Slavers","floor":27.0,"turns":5.0},{"damage":1.0,"enemies":"Shelled Parasite and Fungi","floor":31.0,"turns":7.0},{"damage":57.0,"enemies":"Collector","floor":33.0,"turns":7.0},{"damage":13.0,"enemies":"3 Darklings","floor":35.0,"turns":4.0},{"damage":4.0,"enemies":"3 Shapes","floor":36.0,"turns":4.0},{"damage":35.0,"enemies":"Sphere and 2 Shapes","floor":37.0,"turns":7.0},{"damage":1.0,"enemies":"Jaw Worm Horde","floor":41.0,"turns":4.0},{"damage":6,"enemies":"Transient","floor":42,"turns":5},{"damage":0,"enemies":"Maw","floor":45,"turns":5},{"damage":39,"enemies":"Spire Growth","floor":46,"turns":5},{"damage":9,"enemies":"Nemesis","floor":48,"turns":5},{"damage":20,"enemies":"Awakened One","floor":50,"turns":12}],"seed_played":"512020192159510131","potions_obtained":[{"floor":1.0,"key":"EssenceOfSteel"},{"floor":5.0,"key":"SteroidPotion"},{"floor":16.0,"key":"Fire Potion"},{"floor":20.0,"key":"Swift Potion"},{"floor":24.0,"key":"Explosive Potion"},{"floor":27.0,"key":"AttackPotion"},{"floor":33.0,"key":"EntropicBrew"},{"floor":37.0,"key":"FearPotion"},{"floor":42,"key":"Dexterity Potion"},{"floor":48,"key":"Block Potion"}],"is_trial":false,"path_per_floor":["M","?","$","M","M","E","R","M","T","R","$","R","M","?","R","B",null,"M","$","M","?","M","R","M","R","T","E","R","T","$","M","R","B",null,"M","M","M","?","?","R","M","M","T","R","M","M","$","E","R","B",null],"character_chosen":"THE_SILENT","items_purchased":["Crippling Poison","Escape Plan","Catalyst","Noxious Fumes","Energy Potion","Anchor"],"campfire_rested":6,"item_purchase_floors":[3,11,19,30,47,47],"current_hp_per_floor":[70,70,70,70,70,35,35,3,3,24,24,45,44,44,44,27,59,61,61,55,55,52,52,44,44,44,37,37,47,47,48,72,17,64,53,51,18,18,18,42,43,39,39,63,65,28,28,21,45,27],"gold":52,"neow_bonus":"THREE_ENEMY_KILL","is_prod":false,"is_daily":false,"chose_seed":false,"campfire_upgraded":5,"win_rate":0,"timestamp":1552117091,"path_taken":["M","?","?","?","M","E","R","M","T","R","$","R","M","?","R","BOSS","M","?","M","?","?","R","M","R","T","E","R","?","?","M","R","BOSS","M","M","?","?","?","R","M","M","T","R","?","?","$","E","R","BOSS"],"build_version":"2019-01-23","purchased_purges":2,"victory":true,"max_hp_per_floor":[70,70,70,70,70,70,70,70,70,70,70,70,70,70,70,70,70,70,70,70,70,70,70,70,70,70,70,70,80,80,80,80,80,80,80,80,80,80,80,80,80,80,80,80,80,80,80,80,80,80],"card_choices":[{"not_picked":["Slice","Flying Knee"],"picked":"Caltrops","floor":1.0},{"not_picked":["Accuracy","Finisher"],"picked":"Dagger Throw","floor":4.0},{"not_picked":["Masterful Stab","Sucker Punch"],"picked":"Deadly Poison","floor":5.0},{"not_picked":["Quick Slash","Concentrate"],"picked":"PiercingWail","floor":6.0},{"not_picked":["Poisoned Stab","Dash"],"picked":"Deflect","floor":8.0},{"not_picked":["Finisher","Predator"],"picked":"PiercingWail","floor":13.0},{"not_picked":["Doppelganger","Phantasmal Killer"],"picked":"Malaise","floor":16.0},{"not_picked":["Finisher","Calculated Gamble+1","Flying Knee+1"],"picked":"SKIP","floor":18.0},{"not_picked":["Concentrate+1","Underhanded Strike"],"picked":"Backstab","floor":20.0},{"not_picked":["PiercingWail","Blade Dance"],"picked":"Deflect+1","floor":22.0},{"not_picked":["Heel Hook","Blur"],"picked":"Backstab","floor":24.0},{"not_picked":["Outmaneuver+1","Setup","Skewer"],"picked":"SKIP","floor":27.0},{"not_picked":["Quick Slash","Cloak And Dagger"],"picked":"Well Laid Plans","floor":31.0},{"not_picked":["Burst","Wraith Form v2"],"picked":"Corpse Explosion","floor":33.0},{"not_picked":["Tactician+1"],"picked":"SKIP","floor":35.0},{"not_picked":[],"picked":"PiercingWail+1","floor":36.0},{"not_picked":[],"picked":"Dodge and Roll+1","floor":37.0},{"not_picked":["Bane+1"],"picked":"SKIP","floor":41},{"not_picked":["Caltrops+1"],"picked":"SKIP","floor":42},{"not_picked":["Blade Dance"],"picked":"SKIP","floor":45},{"not_picked":[],"picked":"Acrobatics+1","floor":46},{"not_picked":["Storm of Steel"],"picked":"SKIP","floor":48}],"player_experience":336212,"relics_obtained":[{"floor":6.0,"key":"Blood Vial"},{"floor":9.0,"key":"Omamori"},{"floor":26.0,"key":"Oddly Smooth Stone"},{"floor":27.0,"key":"The Courier"},{"floor":29.0,"key":"Pear"},{"floor":43,"key":"Frozen Egg 2"},{"floor":48,"key":"Dodecahedron"}],"event_choices":[{"cards_removed":["Strike_G"],"damage_healed":0.0,"max_hp_gain":0.0,"max_hp_loss":0.0,"gold_gain":0.0,"event_name":"Purifier","player_choice":"Purged","floor":2.0,"gold_loss":0.0,"damage_taken":0.0},{"damage_healed":0.0,"max_hp_gain":0.0,"max_hp_loss":0.0,"gold_gain":0.0,"event_name":"Upgrade Shrine","player_choice":"Upgraded","floor":14.0,"gold_loss":0.0,"damage_taken":0.0,"cards_upgraded":["PiercingWail"]},{"cards_removed":["Strike_G"],"damage_healed":0.0,"max_hp_gain":0.0,"max_hp_loss":0.0,"gold_gain":0.0,"event_name":"Designer","player_choice":"Single Remove","floor":21.0,"gold_loss":60.0,"damage_taken":0.0},{"cards_removed":["Strike_G"],"damage_healed":0.0,"max_hp_gain":0.0,"max_hp_loss":0.0,"gold_gain":0.0,"event_name":"Falling","player_choice":"Removed Attack","floor":38.0,"gold_loss":0.0,"damage_taken":0.0},{"damage_healed":0.0,"max_hp_gain":0.0,"max_hp_loss":0.0,"gold_gain":0.0,"event_name":"Duplicator","player_choice":"Copied","floor":39.0,"gold_loss":0.0,"damage_taken":0.0,"cards_obtained":["Catalyst"]}],"is_beta":false,"boss_relics":[{"not_picked":["Philosopher\u0027s Stone","Ectoplasm"],"picked":"Cursed Key"},{"not_picked":["Sozu","Tiny House"],"picked":"Busted Crown"}],"items_purged_floors":[11,47],"is_endless":false,"potions_floor_spawned":[1,5,16,20,24,27,33,37,41,42,48],"ascension_level":5}