{"gold_per_floor":[114,189,189,3,3,336,349,377,377,404,404],"floor_reached":11,"playtime":1015,"items_purged":["Strike_R"],"score":89,"play_id":"e745f8b7-f3a0-4a92-b757-cbd3a112a046","local_time":"20190915033630","is_ascension_mode":false,"campfire_choices":[{"data":"Demon Form","floor":11,"key":"SMITH"}],"neow_cost":"NONE","seed_source_timestamp":539120518167207,"circlet_count":0,"master_deck":["Strike_R","Strike_R","Strike_R","Strike_R","Defend_R","Defend_R","Defend_R","Defend_R","Bash","Bloodletting","Inflame","Inflame","Rampage","Demon Form+1"],"relics":["Burning Blood","Old Coin","Ornamental Fan","Ice Cream","Anchor"],"potions_floor_usage":[8],"damage_taken":[{"damage":3,"enemies":"Jaw Worm","floor":1,"turns":5},{"damage":38,"enemies":"Lagavulin","floor":6,"turns":7},{"damage":0,"enemies":"2 Louse","floor":7,"turns":3},{"damage":20,"enemies":"Gremlin Nob","floor":8,"turns":4},{"damage":14,"enemies":"Lagavulin","floor":10,"turns":7}],"seed_played":"471110540846551654","potions_obtained":[{"floor":1,"key":"FearPotion"},{"floor":10,"key":"FearPotion"}],"is_trial":false,"path_per_floor":["M","?","?","$","?","E","M","E","T","E","R"],"character_chosen":"IRONCLAD","items_purchased":["Bloodletting","Inflame"],"campfire_rested":0,"item_purchase_floors":[4,4],"current_hp_per_floor":[88,77,77,77,82,50,56,42,42,34,34],"gold":404,"neow_bonus":"TEN_PERCENT_HP_BONUS","is_prod":false,"is_daily":false,"chose_seed":false,"campfire_upgraded":1,"win_rate":0,"timestamp":1568532990,"path_taken":["M","?","?","$","?","E","M","E","T","E","R"],"build_version":"2019-07-17","purchased_purges":1,"victory":false,"max_hp_per_floor":[88,88,88,88,93,93,93,93,93,93,93],"card_choices":[{"not_picked":["Second Wind","Power Through","Thunderclap"],"picked":"SKIP","floor":1},{"not_picked":["Infernal Blade","Iron Wave"],"picked":"Inflame","floor":6},{"not_picked":["Twin Strike","Heavy Blade"],"picked":"Rampage","floor":7},{"not_picked":["Metallicize","Blood for Blood","Thunderclap"],"picked":"SKIP","floor":8},{"not_picked":["Pommel Strike","Impervious"],"picked":"Demon Form","floor":10}],"player_experience":86099,"relics_obtained":[{"floor":6,"key":"Old Coin"},{"floor":8,"key":"Ornamental Fan"},{"floor":9,"key":"Ice Cream"},{"floor":10,"key":"Anchor"}],"event_choices":[{"damage_healed":0,"gold_gain":75,"player_choice":"Gather Gold","damage_taken":11,"max_hp_gain":0,"max_hp_loss":0,"event_name":"World of Goop","floor":2,"gold_loss":0},{"damage_healed":0,"gold_gain":0,"player_choice":"Ignored","damage_taken":0,"max_hp_gain":0,"max_hp_loss":0,"event_name":"Liars Game","floor":3,"gold_loss":0},{"damage_healed":0,"gold_gain":0,"player_choice":"Donut","damage_taken":0,"max_hp_gain":5,"max_hp_loss":0,"event_name":"Big Fish","floor":5,"gold_loss":0}],"is_beta":false,"boss_relics":[],"items_purged_floors":[4],"is_endless":false,"potions_floor_spawned":[1,10],"ascension_level":0}