{"path_per_floor":["M","M","?","M","M","R","M","M","T","R","?","?","?","M","R","B",null,"M","M","M","M","$","R","E","M","T","R","?","M","$","M","R","B",null,"M","?","?","M","$","E"],"character_chosen":"IRONCLAD","items_purchased":["Anchor","Shuriken","Dexterity Potion","Blood Vial"],"gold_per_floor":[19,30,30,49,62,62,82,99,99,99,49,49,119,131,131,236,236,246,263,281,299,78,78,103,114,414,414,364,380,73,88,88,192,192,202,202,202,222,73,100],"floor_reached":41,"campfire_rested":3,"playtime":4570,"current_hp_per_floor":[80,80,80,76,70,70,69,72,86,86,86,86,86,92,92,65,94,80,52,20,25,25,56,28,35,35,67,67,58,58,56,88,20,107,81,109,109,66,66,7],"items_purged":["Defend_R"],"gold":100,"score":437,"play_id":"3a57f8df-53d0-4fb5-9c5e-599dd93025fd","is_prod":false,"is_daily":false,"is_ascension_mode":false,"campfire_upgraded":3,"path_taken":["M","M","?","M","M","R","M","M","T","R","?","?","?","M","R","BOSS","M","M","?","M","$","R","E","M","T","R","?","M","$","M","R","BOSS","M","?","?","M","$","E","?"],"build_version":"2018-02-15-PROD1","purchased_purges":1,"victory":false,"master_deck":["Strike_R","Defend_R","Defend_R+1","Defend_R","Bash","Pommel Strike+1","Twin Strike","Body Slam","Inflame+1","Heavy Blade+1","Armaments+1","Feed","Cleave","Reckless Charge","Shrug It Off+1","Anger","Cleave+1","Iron Wave","Demon Form","Flex+1","Writhe","Infernal Blade+1","Iron Wave+1"],"max_hp_per_floor":[80,80,80,80,80,80,80,80,94,94,94,94,94,94,94,94,94,94,97,100,104,104,104,104,107,107,107,107,107,107,107,107,107,107,110,110,110,110,110,113],"relics":["Burning Blood","Mango","Black Star","Anchor","Centennial Puzzle","Toolbox","Old Coin","Shuriken","Runic Pyramid","Blood Vial","Dream Catcher","War Paint"],"card_choices":[{"not_picked":["Shrug It Off","Headbutt"],"picked":"Pommel Strike"},{"not_picked":["Fire Breathing","Dropkick"],"picked":"Twin Strike"},{"not_picked":["Sword Boomerang","Combust"],"picked":"Body Slam"},{"not_picked":["Rupture","Disarm"],"picked":"Inflame"},{"not_picked":["Anger","Intimidate"],"picked":"Disarm"},{"not_picked":["Cleave","Metallicize"],"picked":"Heavy Blade"},{"not_picked":["Sever Soul","Iron Wave"],"picked":"Armaments"},{"not_picked":["Bludgeon","Barricade"],"picked":"Feed"},{"not_picked":["Clothesline","Iron Wave"],"picked":"Cleave"},{"not_picked":["Body Slam","Blood for Blood"],"picked":"Reckless Charge"},{"not_picked":["True Grit","Sword Boomerang"],"picked":"Shrug It Off"},{"not_picked":["Body Slam","Seeing Red"],"picked":"Anger"},{"not_picked":["Sever Soul","Dropkick"],"picked":"Cleave"},{"not_picked":["Rampage","Armaments"],"picked":"Iron Wave"},{"not_picked":["Dark Embrace","Reaper"],"picked":"Demon Form"},{"not_picked":["Clothesline","Sword Boomerang"],"picked":"Flex"},{"not_picked":["Cleave","Metallicize"],"picked":"Infernal Blade"},{"not_picked":["Inflame","Clothesline"],"picked":"Iron Wave"}],"player_experience":20109,"potions_floor_usage":[16,16,25,33,33,33,38,40,40],"damage_taken":[{"damage":5,"enemies":"Jaw Worm","floor":1,"turns":5},{"damage":6,"enemies":"Cultist","floor":2,"turns":3},{"damage":10,"enemies":"Small Slimes","floor":4,"turns":2},{"damage":12,"enemies":"2 Fungi Beasts","floor":5,"turns":4},{"damage":7,"enemies":"3 Louse","floor":7,"turns":3},{"damage":3,"enemies":"Looter","floor":8,"turns":3},{"damage":0,"enemies":"Large Slime","floor":14,"turns":3},{"damage":33,"enemies":"Hexaghost","floor":16,"turns":7},{"damage":20,"enemies":"Chosen","floor":18,"turns":5},{"damage":37,"enemies":"3 Byrds","floor":19,"turns":6},{"damage":41,"enemies":"Sentry and Sphere","floor":20,"turns":7},{"damage":5,"enemies":"Centurion and Healer","floor":21,"turns":7},{"damage":34,"enemies":"Gremlin Leader","floor":24,"turns":8},{"damage":14,"enemies":"Slaver and Parasite","floor":25,"turns":6},{"damage":15,"enemies":"Snake Plant","floor":29,"turns":4},{"damage":8,"enemies":"Centurion and Healer","floor":31,"turns":4},{"damage":74,"enemies":"Automaton","floor":33,"turns":11},{"damage":35,"enemies":"Orb Walker","floor":35,"turns":5},{"damage":52,"enemies":"3 Darklings","floor":38,"turns":4},{"damage":82,"enemies":"2 Orb Walkers","floor":40,"turns":5},{"damage":16,"enemies":"4 Shapes","floor":41,"turns":1}],"event_choices":[{"event_name":"Upgrade Shrine","player_choice":"Upgraded","floor":3,"damage_taken":0},{"event_name":"The Cleric","player_choice":"Card Removal","floor":11,"damage_taken":0},{"event_name":"Living Wall","player_choice":"Forget","floor":12,"damage_taken":0},{"event_name":"Golden Wing","player_choice":"Gained Gold","floor":13,"damage_taken":0},{"event_name":"The Joust","player_choice":"Bet on Owner","floor":28,"damage_taken":0},{"event_name":"Winding Halls","player_choice":"Writhe","floor":36,"damage_taken":0}],"boss_relics":[{"not_picked":["Snecko Eye","Mark of Pain"],"picked":"Black Star"},{"not_picked":["Astrolabe","Black Blood"],"picked":"Runic Pyramid"}],"potions_floor_spawned":[5,8,16,20,24,25,29,33,35,38],"seed_played":"2128529597817089600","killed_by":"4 Shapes","ascension_level":0,"is_trial":false}