{"gold_per_floor":[109,109,109,119,119,147,162,162,216,216],"floor_reached":10,"playtime":557,"items_purged":[],"score":66,"play_id":"d5b7d891-c224-4ee0-bd1f-fa0542d75db0","local_time":"20190917173512","is_ascension_mode":false,"campfire_choices":[],"neow_cost":"NONE","seed_source_timestamp":504742157952900,"circlet_count":0,"master_deck":["Strike_B","Strike_B","Strike_B","Defend_B","Defend_B","Defend_B","Defend_B","Zap","Dualcast","Fusion","FTL","Beam Cell","Machine Learning","Darkness"],"relics":["Cracked Core","Dream Catcher","WingedGreaves","GremlinMask","Pen Nib"],"potions_floor_usage":[],"damage_taken":[{"damage":11,"enemies":"Jaw Worm","floor":1,"turns":4},{"damage":0,"enemies":"Small Slimes","floor":4,"turns":3},{"damage":25,"enemies":"Gremlin Nob","floor":6,"turns":4},{"damage":6,"enemies":"2 Louse","floor":7,"turns":3},{"damage":0,"enemies":"Lots of Slimes","floor":10,"turns":1}],"seed_played":"-8112385281536212523","potions_obtained":[{"floor":1,"key":"PowerPotion"},{"floor":7,"key":"FocusPotion"}],"is_trial":false,"path_per_floor":["M","?","?","M","?","E","M","?","T","M"],"character_chosen":"DEFECT","items_purchased":[],"campfire_rested":0,"item_purchase_floors":[],"current_hp_per_floor":[64,64,57,57,32,7,1,1,1,1],"gold":216,"neow_bonus":"THREE_CARDS","is_prod":false,"is_daily":false,"chose_seed":false,"campfire_upgraded":0,"win_rate":0.0,"timestamp":1568752512,"path_taken":["M","?","?","M","?","E","?","?","T","?"],"build_version":"2019-07-17","purchased_purges":0,"victory":false,"max_hp_per_floor":[75,75,75,75,75,75,75,75,75,75],"card_choices":[{"not_picked":["Static Discharge","White Noise"],"picked":"Fusion","floor":0},{"not_picked":["Barrage","Steam"],"picked":"FTL","floor":1},{"not_picked":["Sweeping Beam","Rebound"],"picked":"Beam Cell","floor":4},{"not_picked":["Barrage","Coolheaded"],"picked":"Machine Learning","floor":6},{"not_picked":["Steam","Conserve Battery"],"picked":"Darkness","floor":7}],"player_experience":35806,"relics_obtained":[{"floor":6,"key":"WingedGreaves"},{"floor":9,"key":"Pen Nib"}],"event_choices":[{"damage_healed":0,"gold_gain":0,"player_choice":"Ignored","damage_taken":0,"max_hp_gain":0,"max_hp_loss":0,"event_name":"Liars Game","floor":2,"gold_loss":0},{"cards_removed":["Strike_B"],"damage_healed":0,"gold_gain":0,"player_choice":"Card Removal","damage_taken":7,"max_hp_gain":0,"max_hp_loss":0,"event_name":"Golden Wing","floor":3,"gold_loss":0},{"damage_healed":0,"gold_gain":0,"player_choice":"Success","damage_taken":25,"relics_obtained":["Dream Catcher"],"max_hp_gain":0,"max_hp_loss":0,"event_name":"Scrap Ooze","floor":5,"gold_loss":0},{"damage_healed":0,"gold_gain":0,"player_choice":"Trade","damage_taken":0,"relics_obtained":["GremlinMask"],"max_hp_gain":0,"max_hp_loss":0,"event_name":"FaceTrader","floor":8,"gold_loss":0}],"is_beta":false,"boss_relics":[],"items_purged_floors":[],"is_endless":false,"potions_floor_spawned":[1,7],"killed_by":"Lots of Slimes","ascension_level":0}