{"gold_per_floor":[118,138,138,138,213,213,239,259,259,288,299,150,150,165,165,236,236,236],"floor_reached":18,"playtime":2649,"items_purged":["Defend_B"],"score":281,"play_id":"7af2410f-36c2-443a-ae39-a3676966ec88","local_time":"20190821235449","is_ascension_mode":true,"campfire_choices":[{"floor":6,"key":"REST"},{"data":"Machine Learning","floor":13,"key":"SMITH"},{"floor":15,"key":"REST"}],"neow_cost":"NONE","seed_source_timestamp":780143953118012,"circlet_count":0,"master_deck":["AscendersBane","Strike_B","Strike_B","Strike_B+1","Defend_B+1","Defend_B","Defend_B","Zap","Dualcast","Doom and Gloom","BootSequence","Static Discharge","Cold Snap","Machine Learning+1","Redo","Electrodynamics"],"relics":["Cracked Core","Blue Candle","Orichalcum","Darkstone Periapt","Sozu"],"potions_floor_usage":[10,16,16],"damage_taken":[{"damage":1,"enemies":"Cultist","floor":1,"turns":4},{"damage":2,"enemies":"2 Louse","floor":2,"turns":2},{"damage":22,"enemies":"Lagavulin","floor":7,"turns":5},{"damage":0,"enemies":"Small Slimes","floor":8,"turns":2},{"damage":18,"enemies":"Gremlin Nob","floor":10,"turns":4},{"damage":11,"enemies":"2 Fungi Beasts","floor":11,"turns":3},{"damage":0,"enemies":"Blue Slaver","floor":14,"turns":4},{"damage":30,"enemies":"The Guardian","floor":16,"turns":10},{"damage":8,"enemies":"Shell Parasite","floor":18,"turns":3}],"seed_played":"-1863434581624535253","potions_obtained":[{"floor":7,"key":"Block Potion"},{"floor":11,"key":"GamblersBrew"},{"floor":14,"key":"Swift Potion"},{"floor":16,"key":"FairyPotion"}],"is_trial":false,"path_per_floor":["M","M","?","?","?","R","E","M","T","E","M","$","R","M","R","B",null,"M"],"character_chosen":"DEFECT","items_purchased":["Machine Learning"],"campfire_rested":2,"item_purchase_floors":[12],"current_hp_per_floor":[74,72,65,49,38,62,40,40,40,22,11,11,11,11,35,5,63,55],"gold":236,"neow_bonus":"TEN_PERCENT_HP_BONUS","is_prod":false,"is_daily":false,"chose_seed":false,"campfire_upgraded":1,"win_rate":0,"timestamp":1566449689,"path_taken":["M","?","?","?","?","R","E","M","T","E","M","?","R","M","R","BOSS","M"],"build_version":"2019-07-17","purchased_purges":1,"victory":false,"max_hp_per_floor":[82,82,82,82,82,82,82,82,82,82,82,82,82,82,82,82,82,82],"card_choices":[{"not_picked":["Rebound","Hello World"],"picked":"Doom and Gloom","floor":1},{"not_picked":["Streamline","Cold Snap","Sweeping Beam"],"picked":"SKIP","floor":2},{"not_picked":["Stack","Sweeping Beam"],"picked":"BootSequence","floor":7},{"not_picked":["Barrage","Turbo","Beam Cell"],"picked":"SKIP","floor":8},{"not_picked":["Chaos","Buffer"],"picked":"Static Discharge","floor":10},{"not_picked":["Melter","Compile Driver"],"picked":"Cold Snap","floor":11},{"not_picked":["Gash","Steam"],"picked":"Redo","floor":14},{"not_picked":["Creative AI","Echo Form"],"picked":"Electrodynamics","floor":16}],"player_experience":750548,"relics_obtained":[{"floor":7,"key":"Blue Candle"},{"floor":9,"key":"Orichalcum"},{"floor":10,"key":"Darkstone Periapt"}],"event_choices":[{"cards_removed":["Strike_B"],"damage_healed":0,"gold_gain":0,"player_choice":"Card Removal","damage_taken":7,"max_hp_gain":0,"max_hp_loss":0,"event_name":"Golden Wing","floor":3,"gold_loss":0},{"damage_healed":0,"gold_gain":0,"player_choice":"Entered Light","damage_taken":16,"max_hp_gain":0,"max_hp_loss":0,"event_name":"Shining Light","floor":4,"gold_loss":0,"cards_upgraded":["Defend_B","Strike_B"]},{"damage_healed":0,"gold_gain":75,"player_choice":"Gather Gold","damage_taken":11,"max_hp_gain":0,"max_hp_loss":0,"event_name":"World of Goop","floor":5,"gold_loss":0}],"is_beta":false,"boss_relics":[{"not_picked":["Coffee Dripper","Ectoplasm"],"picked":"Sozu"}],"items_purged_floors":[12],"is_endless":false,"potions_floor_spawned":[7,11,14,16],"killed_by":"Shell Parasite","ascension_level":13}