{"path_per_floor":["M","M","$","?","?","R","M","M","T","R","E","M","R","M","R","B",null,"M","?","$","M","M"],"character_chosen":"THE_SILENT","items_purchased":[],"gold_per_floor":[119,132,57,57,57,57,68,87,87,87,118,133,133,146,146,249,249,268,268,168,179,196,196],"floor_reached":23,"campfire_rested":2,"playtime":854,"current_hp_per_floor":[61,57,57,57,57,57,54,42,42,63,37,33,54,48,48,28,70,61,61,61,48,19,0],"items_purged":["Pain","Regret"],"gold":196,"score":193,"play_id":"e5b0ee18-f87a-46aa-9a26-cc8e85d09827","local_time":"20180417182811","is_prod":false,"is_daily":false,"chose_seed":false,"is_ascension_mode":false,"campfire_upgraded":2,"timestamp":1524007691,"path_taken":["M","M","$","?","?","R","M","?","T","R","E","M","R","M","R","BOSS","M","?","$","M","M","E"],"build_version":"2018-04-12","seed_source_timestamp":2101266817943272,"purchased_purges":2,"victory":false,"master_deck":["Defend_G","Defend_G","Defend_G","Defend_G","Defend_G","Strike_G","Strike_G","Strike_G","Strike_G","Survivor","Neutralize+1","Clumsy","Poisoned Stab","Venomology","Noxious Fumes+1","Flying Knee+1","Malaise","Noxious Fumes","Noxious Fumes","Tools of the Trade","Sucker Punch+1","PiercingWail+1","Dagger Spray+1"],"max_hp_per_floor":[70,70,70,70,70,70,70,70,70,70,70,70,70,70,70,70,70,70,70,70,70,70,70],"relics":["Calling Bell","Matryoshka","Letter Opener","Vajra","Dream Catcher","Bottled Flame","Molten Egg 2","Bag of Marbles","Cursed Key"],"card_choices":[{"not_picked":["Slice","Prepared"],"picked":"Poisoned Stab","floor":1},{"not_picked":["Dodge and Roll","Terror"],"picked":"Venomology","floor":8},{"not_picked":["Sucker Punch","Outmaneuver"],"picked":"Noxious Fumes","floor":10},{"not_picked":["Backflip","Bouncing Flask"],"picked":"Flying Knee","floor":11},{"not_picked":["Sucker Punch","Dagger Spray"],"picked":"Malaise","floor":12},{"not_picked":["Dagger Throw","Slice"],"picked":"Noxious Fumes","floor":13},{"not_picked":["Expertise","Deadly Poison"],"picked":"Noxious Fumes","floor":14},{"not_picked":["Venomology","After Image"],"picked":"Tools of the Trade","floor":16},{"not_picked":["Noxious Fumes","Dagger Spray"],"picked":"Sucker Punch","floor":18},{"not_picked":["Dash","Dagger Throw"],"picked":"PiercingWail","floor":21},{"not_picked":["Deflect","Outmaneuver"],"picked":"Dagger Spray","floor":22}],"player_experience":202995,"potions_floor_usage":[11,11,14,16,16,22,23,23,23],"damage_taken":[{"damage":9,"enemies":"2 Louse","floor":1,"turns":3},{"damage":4,"enemies":"Cultist","floor":2,"turns":3},{"damage":3,"enemies":"Jaw Worm","floor":7,"turns":5},{"damage":12,"enemies":"Exordium Wildlife","floor":8,"turns":5},{"damage":26,"enemies":"3 Sentries","floor":11,"turns":7},{"damage":4,"enemies":"Blue Slaver","floor":12,"turns":2},{"damage":15,"enemies":"Lots of Slimes","floor":14,"turns":4},{"damage":20,"enemies":"Slime Boss","floor":16,"turns":9},{"damage":9,"enemies":"Chosen","floor":18,"turns":6},{"damage":13,"enemies":"Spheric Guardian","floor":21,"turns":5},{"damage":29,"enemies":"Slaver and Parasite","floor":22,"turns":6},{"damage":22,"enemies":"Gremlin Leader","floor":23,"turns":4}],"event_choices":[{"event_name":"Purifier","player_choice":"One Purge","floor":4,"damage_taken":0},{"event_name":"Big Fish","player_choice":"Box","floor":5,"damage_taken":0},{"event_name":"Back to Basics","player_choice":"Elegance","floor":19,"damage_taken":0}],"boss_relics":[{"not_picked":["White Beast Statue","Sozu"],"picked":"Cursed Key"}],"potions_floor_spawned":[2,8,11,21],"seed_played":"-6173046175286525706","killed_by":"Gremlin Leader","ascension_level":0,"is_trial":false}