{"gold_per_floor":[109,122,122,122,122,122,47,47,47,47,70,88,127,146,146,241,241,256,270,270,41,59,59,84,84,84,84,97,118,139,139,139,139],"floor_reached":33,"playtime":1755,"items_purged":["Strike_R","Strike_R"],"score":494,"play_id":"194355b1-f8ca-45e0-8c88-20ea69a69e3c","local_time":"20190917222019","is_ascension_mode":true,"campfire_choices":[{"data":"Reaper","floor":6.0,"key":"SMITH"},{"data":"Bash","floor":8.0,"key":"SMITH"},{"data":"Whirlwind","floor":15.0,"key":"SMITH"},{"data":"Uppercut","floor":23.0,"key":"SMITH"},{"data":"Whirlwind","floor":25.0,"key":"SMITH"},{"data":"Pommel Strike","floor":27.0,"key":"SMITH"},{"data":"Double Tap","floor":32,"key":"SMITH"}],"neow_cost":"NONE","seed_source_timestamp":555021194069984,"circlet_count":0,"master_deck":["AscendersBane","Strike_R","Strike_R","Strike_R","Defend_R","Defend_R","Defend_R","Bash+1","Reaper+1","Combust","Battle Trance","Pommel Strike+1","Whirlwind+1","Offering","Double Tap+1","Whirlwind+1","Flame Barrier","Carnage","Uppercut+1"],"special_seed":0,"relics":["Burning Blood","Torii","Golden Idol","Centennial Puzzle","Anchor","Snecko Eye","Ginger"],"potions_floor_usage":[33,33],"damage_taken":[{"damage":16.0,"enemies":"Small Slimes","floor":1.0,"turns":5.0},{"damage":18.0,"enemies":"Jaw Worm","floor":2.0,"turns":4.0},{"damage":1.0,"enemies":"2 Louse","floor":12.0,"turns":3.0},{"damage":25.0,"enemies":"3 Sentries","floor":13.0,"turns":5.0},{"damage":7.0,"enemies":"Lots of Slimes","floor":14.0,"turns":3.0},{"damage":59.0,"enemies":"The Guardian","floor":16.0,"turns":13.0},{"damage":18.0,"enemies":"Chosen","floor":18.0,"turns":3.0},{"damage":1.0,"enemies":"3 Byrds","floor":19.0,"turns":2.0},{"damage":16.0,"enemies":"Snake Plant","floor":22.0,"turns":3.0},{"damage":12.0,"enemies":"Sentry and Sphere","floor":24.0,"turns":3.0},{"damage":15.0,"enemies":"Shelled Parasite and Fungi","floor":28.0,"turns":5.0},{"damage":7.0,"enemies":"Snake Plant","floor":29.0,"turns":2.0},{"damage":6.0,"enemies":"Centurion and Healer","floor":30.0,"turns":1.0},{"damage":73,"enemies":"Collector","floor":33,"turns":6}],"seed_played":"716377123309970972","potions_obtained":[{"floor":1.0,"key":"SkillPotion"},{"floor":12.0,"key":"Swift Potion"},{"floor":13.0,"key":"GamblersBrew"},{"floor":16.0,"key":"LiquidBronze"},{"floor":19.0,"key":"SteroidPotion"},{"floor":24.0,"key":"Ancient Potion"},{"floor":28.0,"key":"EssenceOfSteel"}],"is_trial":false,"path_per_floor":["M","M","?","?","?","R","$","R","T","?","T","M","E","M","R","B",null,"M","M","?","$","M","R","M","R","T","R","M","M","M","?","R","B"],"character_chosen":"IRONCLAD","items_purchased":["Flame Barrier","Carnage"],"campfire_rested":0,"item_purchase_floors":[21,21],"current_hp_per_floor":[58,50,50,43,68,68,68,68,68,42,42,57,54,74,74,28,63,56,66,62,62,57,57,52,52,52,52,58,64,64,64,64,0],"gold":139,"neow_bonus":"ONE_RANDOM_RARE_CARD","is_prod":false,"is_daily":false,"chose_seed":false,"campfire_upgraded":7,"win_rate":0,"timestamp":1568776819,"path_taken":["M","M","?","?","?","R","?","R","T","?","?","?","E","M","R","BOSS","M","M","?","$","M","R","?","R","T","R","M","M","M","?","R","BOSS"],"build_version":"2019-07-17","purchased_purges":2,"victory":false,"max_hp_per_floor":[75,75,75,75,75,75,75,75,75,75,75,75,75,75,75,75,75,75,75,75,75,75,75,75,75,75,75,75,75,75,75,75,75],"card_choices":[{"not_picked":["Headbutt","Dual Wield"],"picked":"Combust","floor":1.0},{"not_picked":["Anger","Metallicize"],"picked":"Battle Trance","floor":2.0},{"not_picked":["Wild Strike","Shrug It Off"],"picked":"Pommel Strike","floor":12.0},{"not_picked":["Cleave","Sever Soul"],"picked":"Whirlwind","floor":13.0},{"not_picked":["Clash","Body Slam"],"picked":"Offering","floor":14.0},{"not_picked":["Fiend Fire","Exhume"],"picked":"Double Tap","floor":16.0},{"not_picked":["Shrug It Off","Twin Strike+1"],"picked":"Whirlwind","floor":18.0},{"not_picked":["Headbutt","Evolve","Flex"],"picked":"SKIP","floor":19.0},{"not_picked":["Pummel+1","Combust"],"picked":"Uppercut","floor":22.0},{"not_picked":["Pommel Strike","Body Slam","Anger"],"picked":"SKIP","floor":24.0},{"not_picked":["Corruption","Sword Boomerang","Cleave"],"picked":"SKIP","floor":28.0},{"not_picked":["Havoc","Anger","Pommel Strike"],"picked":"SKIP","floor":29.0},{"not_picked":["Juggernaut","Anger+1","Rage"],"picked":"SKIP","floor":30.0}],"player_experience":1337838,"relics_obtained":[{"floor":9.0,"key":"Torii"},{"floor":11.0,"key":"Centennial Puzzle"},{"floor":13.0,"key":"Anchor"},{"floor":26.0,"key":"Ginger"}],"event_choices":[{"damage_healed":0.0,"max_hp_gain":0.0,"max_hp_loss":0.0,"gold_gain":0.0,"event_name":"Liars Game","player_choice":"Ignored","floor":3.0,"gold_loss":0.0,"damage_taken":0.0},{"cards_removed":["Defend_R"],"damage_healed":0.0,"max_hp_gain":0.0,"max_hp_loss":0.0,"gold_gain":0.0,"event_name":"Golden Wing","player_choice":"Card Removal","floor":4.0,"gold_loss":0.0,"damage_taken":7.0},{"damage_healed":25.0,"max_hp_gain":0.0,"max_hp_loss":0.0,"gold_gain":0.0,"event_name":"Big Fish","player_choice":"Banana","floor":5.0,"gold_loss":0.0,"damage_taken":0.0},{"damage_healed":0.0,"max_hp_gain":0.0,"max_hp_loss":0.0,"gold_gain":0.0,"event_name":"Golden Idol","player_choice":"Take Damage","floor":10.0,"gold_loss":0.0,"damage_taken":26.0,"relics_obtained":["Golden Idol"]},{"damage_healed":0.0,"max_hp_gain":0.0,"max_hp_loss":0.0,"gold_gain":0.0,"event_name":"The Woman in Blue","player_choice":"Bought 0 Potions","floor":20.0,"gold_loss":0.0,"damage_taken":0.0},{"damage_healed":0,"gold_gain":0,"player_choice":"Ignored","damage_taken":0,"max_hp_gain":0,"max_hp_loss":0,"event_name":"The Mausoleum","floor":31,"gold_loss":0}],"is_beta":false,"boss_relics":[{"not_picked":["White Beast Statue","Velvet Choker"],"picked":"Snecko Eye"}],"items_purged_floors":[7,21],"is_endless":false,"potions_floor_spawned":[1,12,13,16,19,22,24,28,30],"killed_by":"Collector","ascension_level":20}