{"gold_per_floor":[115,125,140,315,315,315,329,171,196,208,238,264,293,315,327,435,447,471,393,424,102,115,115],"floor_reached":23,"playtime":1302,"items_purged":["Doubt"],"score":237,"play_id":"b23d0d65-240f-451e-b6c0-d76346bf6f3a","local_time":"20190415082241","is_ascension_mode":false,"campfire_choices":[{"data":"Defragment","floor":6,"key":"SMITH"},{"floor":15,"key":"REST"}],"neow_cost":"NONE","seed_source_timestamp":95848987550473,"circlet_count":0,"master_deck":["Strike_B","Strike_B","Strike_B","Defend_B","Defend_B","Defend_B","Defend_B+1","Zap","Dualcast","Defragment+1","Ball Lightning","Beam Cell","Streamline","Blizzard","Ball Lightning","Undo","Storm","Hello World","Ball Lightning","Turbo","Loop","BootSequence"],"relics":["Cracked Core","NeowsBlessing","Boot","MawBank","Philosopher\u0027s Stone","Bottled Lightning"],"potions_floor_usage":[12,16,16,16,16,16,16,16,16,16,23],"damage_taken":[{"damage":0,"enemies":"Cultist","floor":1,"turns":1},{"damage":0,"enemies":"Jaw Worm","floor":2,"turns":1},{"damage":0,"enemies":"2 Louse","floor":3,"turns":1},{"damage":15,"enemies":"Exordium Thugs","floor":7,"turns":4},{"damage":30,"enemies":"Gremlin Gang","floor":11,"turns":4},{"damage":5,"enemies":"Exordium Wildlife","floor":12,"turns":2},{"damage":5,"enemies":"Looter","floor":13,"turns":2},{"damage":0,"enemies":"Large Slime","floor":14,"turns":4},{"damage":0,"enemies":"Slime Boss","floor":16,"turns":4},{"damage":1,"enemies":"Spheric Guardian","floor":18,"turns":3},{"damage":2,"enemies":"Chosen","floor":20,"turns":3},{"damage":40,"enemies":"Shelled Parasite and Fungi","floor":22,"turns":5},{"damage":38,"enemies":"Book of Stabbing","floor":23,"turns":3}],"seed_played":"-2251752024500039607","potions_obtained":[{"floor":3,"key":"EssenceOfSteel"},{"floor":7,"key":"PowerPotion"},{"floor":10,"key":"EntropicBrew"},{"floor":10,"key":"Ancient Potion"},{"floor":12,"key":"Strength Potion"},{"floor":13,"key":"FocusPotion"},{"floor":20,"key":"SpeedPotion"},{"floor":22,"key":"AttackPotion"}],"is_trial":false,"path_per_floor":["M","M","M","?","?","R","M","$","T","?","M","M","M","M","R","B",null,"M","?","M","$","M","E"],"character_chosen":"DEFECT","items_purchased":["Blizzard","Ball Lightning","Loop","Bottled Lightning"],"campfire_rested":1,"item_purchase_floors":[8,8,21,21],"current_hp_per_floor":[75,75,75,75,57,57,42,42,42,42,12,7,2,2,24,24,75,74,74,72,72,32,0],"gold":115,"neow_bonus":"THREE_ENEMY_KILL","is_prod":false,"is_daily":false,"chose_seed":false,"campfire_upgraded":1,"win_rate":0.0,"timestamp":1555334561,"path_taken":["M","M","M","?","?","R","M","$","T","?","M","M","M","M","R","BOSS","M","?","M","$","M","E"],"build_version":"2019-01-23","purchased_purges":1,"victory":false,"max_hp_per_floor":[75,75,75,75,75,75,75,75,75,75,75,75,75,75,75,75,75,75,75,75,75,75,75],"card_choices":[{"not_picked":["Compile Driver","Ball Lightning"],"picked":"Defragment","floor":1},{"not_picked":["Leap","Cold Snap"],"picked":"Ball Lightning","floor":2},{"not_picked":["Undo","Tempest"],"picked":"Beam Cell","floor":3},{"not_picked":["Beam Cell","Stack"],"picked":"Streamline","floor":7},{"not_picked":["Hologram","Turbo"],"picked":"Undo","floor":11},{"not_picked":["Stack","Scrape"],"picked":"Storm","floor":12},{"not_picked":["Hologram","Force Field"],"picked":"Hello World","floor":13},{"not_picked":["Stack","Reboot"],"picked":"Ball Lightning","floor":14},{"not_picked":["White Noise","Ball Lightning"],"picked":"Turbo","floor":18},{"not_picked":["Stack","Rip and Tear","Redo"],"picked":"SKIP","floor":20},{"not_picked":["Hello World","Steam Power"],"picked":"BootSequence","floor":22}],"player_experience":54381,"relics_obtained":[{"floor":9,"key":"MawBank"}],"event_choices":[{"damage_healed":0,"gold_gain":175,"player_choice":"AGREE","damage_taken":0,"max_hp_gain":0,"max_hp_loss":0,"event_name":"Liars Game","floor":4,"gold_loss":0,"cards_obtained":["Doubt"]},{"damage_healed":0,"gold_gain":0,"player_choice":"Success","damage_taken":18,"relics_obtained":["Boot"],"max_hp_gain":0,"max_hp_loss":0,"event_name":"Scrap Ooze","floor":5,"gold_loss":0},{"damage_healed":0,"gold_gain":0,"player_choice":"Got Potions","damage_taken":0,"max_hp_gain":0,"max_hp_loss":0,"event_name":"Lab","floor":10,"gold_loss":0},{"cards_removed":["Strike_B"],"damage_healed":0,"gold_gain":0,"player_choice":"Upgrade and Remove","damage_taken":0,"max_hp_gain":0,"max_hp_loss":0,"event_name":"Designer","floor":19,"gold_loss":90,"cards_upgraded":["Defend_B"]}],"is_beta":false,"boss_relics":[{"not_picked":["Lizard Tail","Runic Dome"],"picked":"Philosopher\u0027s Stone"}],"items_purged_floors":[8],"is_endless":false,"potions_floor_spawned":[3,7,11,12,13,20,22],"killed_by":"Book of Stabbing","ascension_level":0}