{"gold_per_floor":[114,129,94,109,124,124,154,154,204,219,219,249,249,264,264,364,364,379,304,229,244,117,117,132,42,42,42,57,87,87,102,102,202,202,217,217,133,133],"floor_reached":38,"playtime":1355,"items_purged":["Strike_R","Strike_R","Decay"],"score":404,"play_id":"33ef08c0-04cb-491d-9fa1-7d087833d816","local_time":"20190828130648","daily_mods":["Heirloom","Blue Cards","DeadlyEvents"],"is_ascension_mode":false,"campfire_choices":[{"data":"Bash","floor":6,"key":"SMITH"},{"data":"White Noise","floor":8,"key":"SMITH"},{"data":"Seeing Red","floor":13,"key":"SMITH"},{"data":"Lockon","floor":15,"key":"SMITH"},{"data":"Shrug It Off","floor":23,"key":"SMITH"},{"data":"Capacitor","floor":27,"key":"SMITH"},{"floor":32,"key":"REST"}],"neow_cost":"","seed_source_timestamp":0,"circlet_count":0,"master_deck":["Defend_R","Defend_R","Defend_R","Defend_R","Bash+1","Ball Lightning","Capacitor+1","Reinforced Body","Cleave","White Noise+1","Seeing Red+1","Lockon+1","Gash","Electrodynamics","Ghostly Armor+1","Sunder","Shrug It Off+1","Twin Strike","Cold Snap+1","Ball Lightning","Stack+1","Limit Break+1","Seeing Red+1","Defragment"],"special_seed":18136,"relics":["Burning Blood","Ice Cream","Anchor","Orichalcum","Turnip","Prayer Wheel","Busted Crown","Toxic Egg 2","Smiling Mask","Empty Cage"],"potions_floor_usage":[16,33],"damage_taken":[{"damage":9,"enemies":"Cultist","floor":1,"turns":4},{"damage":8,"enemies":"Small Slimes","floor":2,"turns":3},{"damage":11,"enemies":"Jaw Worm","floor":4,"turns":2},{"damage":27,"enemies":"Large Slime","floor":5,"turns":8},{"damage":11,"enemies":"Lagavulin","floor":7,"turns":5},{"damage":0,"enemies":"Exordium Thugs","floor":10,"turns":3},{"damage":18,"enemies":"3 Sentries","floor":12,"turns":5},{"damage":8,"enemies":"Lots of Slimes","floor":14,"turns":4},{"damage":43,"enemies":"Hexaghost","floor":16,"turns":10},{"damage":19,"enemies":"Spheric Guardian","floor":18,"turns":4},{"damage":0,"enemies":"Chosen","floor":21,"turns":3},{"damage":15,"enemies":"Sentry and Sphere","floor":24,"turns":5},{"damage":22,"enemies":"Snake Plant","floor":28,"turns":4},{"damage":21,"enemies":"Gremlin Leader","floor":29,"turns":7},{"damage":20,"enemies":"3 Cultists","floor":31,"turns":4},{"damage":34,"enemies":"Collector","floor":33,"turns":9},{"damage":29,"enemies":"3 Darklings","floor":35,"turns":5},{"damage":62,"enemies":"Giant Head","floor":38,"turns":7}],"seed_played":"-4594230523383984228","potions_obtained":[{"floor":2,"key":"BloodPotion"},{"floor":10,"key":"Dexterity Potion"},{"floor":14,"key":"SteroidPotion"},{"floor":18,"key":"Weak Potion"},{"floor":35,"key":"SpeedPotion"}],"is_trial":false,"path_per_floor":["M","M","$","M","M","R","E","R","T","M","?","E","R","M","R","B",null,"M","?","$","M","$","R","M","?","T","R","M","E","?","M","R","B",null,"M","?","$","E"],"character_chosen":"IRONCLAD","items_purchased":["Capacitor","Cold Snap","Defragment"],"campfire_rested":1,"item_purchase_floors":[3,22,37],"current_hp_per_floor":[77,75,75,70,49,49,44,44,44,50,43,31,31,29,29,12,80,67,67,67,73,73,73,64,64,64,64,48,33,33,19,43,15,80,57,57,57,0],"gold":133,"neow_bonus":"","is_prod":false,"is_daily":true,"chose_seed":false,"campfire_upgraded":6,"win_rate":0,"timestamp":1567015608,"path_taken":["M","M","$","M","?","R","E","R","T","M","?","E","R","?","R","BOSS","M","?","$","M","$","R","?","?","T","R","M","?","?","M","R","BOSS","M","?","$","?"],"build_version":"2019-07-17","purchased_purges":3,"victory":false,"max_hp_per_floor":[80,80,80,80,80,80,80,80,80,80,80,80,80,80,80,80,80,80,80,80,80,80,80,80,80,80,80,80,80,80,80,80,80,80,80,80,80,80],"card_choices":[{"not_picked":["Clothesline","True Grit"],"picked":"Ball Lightning","floor":1},{"not_picked":["Heavy Blade","Warcry"],"picked":"Pommel Strike","floor":2},{"not_picked":["Tempest","Body Slam"],"picked":"Reinforced Body","floor":4},{"not_picked":["Wild Strike","Searing Blow"],"picked":"Cleave","floor":5},{"not_picked":["Steam Power","Sentinel"],"picked":"White Noise","floor":7},{"not_picked":["Seek","Rebound"],"picked":"Seeing Red","floor":10},{"not_picked":["Headbutt","Carnage","Bloodletting"],"picked":"SKIP","floor":12},{"not_picked":["Pommel Strike","Rebound"],"picked":"Lockon","floor":14},{"not_picked":["Storm","Rebound"],"picked":"Gash","floor":14},{"not_picked":["Creative AI","Reboot"],"picked":"Electrodynamics","floor":16},{"not_picked":[],"picked":"Ghostly Armor+1","floor":18},{"not_picked":[],"picked":"Sunder","floor":18},{"not_picked":[],"picked":"Shrug It Off","floor":21},{"not_picked":[],"picked":"Twin Strike","floor":21},{"not_picked":["True Grit"],"picked":"SKIP","floor":24},{"not_picked":["Turbo"],"picked":"SKIP","floor":24},{"not_picked":[],"picked":"Ball Lightning","floor":28},{"not_picked":["Lockon"],"picked":"SKIP","floor":28},{"not_picked":["Wild Strike"],"picked":"SKIP","floor":29},{"not_picked":[],"picked":"Stack+1","floor":31},{"not_picked":["Combust"],"picked":"SKIP","floor":31},{"not_picked":[],"picked":"Limit Break+1","floor":33},{"not_picked":[],"picked":"Seeing Red+1","floor":35},{"not_picked":["Intimidate+1"],"picked":"SKIP","floor":35}],"player_experience":147588,"relics_obtained":[{"floor":7,"key":"Anchor"},{"floor":9,"key":"Orichalcum"},{"floor":12,"key":"Prayer Wheel"},{"floor":26,"key":"Toxic Egg 2"},{"floor":29,"key":"Smiling Mask"}],"event_choices":[{"damage_healed":0,"gold_gain":0,"player_choice":"Success","damage_taken":7,"relics_obtained":["Turnip"],"max_hp_gain":0,"max_hp_loss":0,"event_name":"Scrap Ooze","floor":11,"gold_loss":0},{"cards_removed":["Strike_R"],"damage_healed":0,"gold_gain":0,"player_choice":"Gave Gold","damage_taken":0,"max_hp_gain":0,"max_hp_loss":0,"event_name":"Beggar","floor":19,"gold_loss":75},{"cards_removed":["Strike_R"],"damage_healed":0,"gold_gain":0,"player_choice":"Upgrade and Remove","damage_taken":0,"max_hp_gain":0,"max_hp_loss":0,"event_name":"Designer","floor":25,"gold_loss":90,"cards_upgraded":["Cold Snap"]},{"damage_healed":0,"gold_gain":0,"player_choice":"Ignored","damage_taken":0,"max_hp_gain":0,"max_hp_loss":0,"event_name":"Vampires","floor":30,"gold_loss":0},{"damage_healed":0,"gold_gain":0,"player_choice":"Cursed","damage_taken":0,"max_hp_gain":0,"max_hp_loss":0,"event_name":"Wheel of Change","floor":36,"gold_loss":0,"cards_obtained":["Decay"]}],"is_beta":false,"boss_relics":[{"not_picked":["Runic Dome","Fusion Hammer"],"picked":"Busted Crown"},{"not_picked":["Mark of Pain","Velvet Choker"],"picked":"Empty Cage"}],"items_purged_floors":[20,22,37],"is_endless":false,"potions_floor_spawned":[2,10,14,18,24,29,35],"killed_by":"Giant Head","ascension_level":0}