{"gold_per_floor":[114,114,134,148,166,166,200,12,39,54,71,85,85,85,85,184,184,201,54,71,82,97,125,137,137,137,151,171,171,185,185,185,283,283,298,311,330,330,349,384,397,411,438,454,454,472,472,4,4,4],"floor_reached":50,"playtime":3380,"items_purged":[],"score":606,"play_id":"cb4574cc-6447-4dfd-ae4f-43c2be1c6dde","local_time":"20190824180205","is_ascension_mode":false,"campfire_choices":[{"data":"Bash","floor":6.0,"key":"SMITH"},{"floor":13.0,"key":"REST"},{"floor":15.0,"key":"REST"},{"floor":25.0,"key":"REST"},{"floor":32.0,"key":"REST"},{"floor":45,"key":"REST"},{"floor":47,"key":"REST"},{"data":"Flex","floor":49,"key":"SMITH"}],"neow_cost":"PERCENT_DAMAGE","seed_source_timestamp":0,"circlet_count":0,"master_deck":["Strike_R","Strike_R","Strike_R+1","Strike_R","Strike_R","Defend_R+1","Defend_R","Defend_R","Bash+1","Flash of Steel","Trip","Second Wind","Carnage","Uppercut","Intimidate","Anger","Disarm","Clash","Shockwave","Heavy Blade","Uppercut","Body Slam","Limit Break","Pommel Strike+1","Flex","Cleave+1","Whirlwind+1","Cleave+1","Warcry","Twin Strike","Flex+1","Power Through","Corruption+1","Necronomicurse","Headbutt","Impervious","Body Slam+1","Anger+1","Second Wind+1","Dramatic Entrance","Sadistic Nature","Madness","Havoc+1","Inflame+1","Anger+1","Heavy Blade+1","Cleave","Headbutt","Inflame+1","Twin Strike+1","Pommel Strike+1","Swift Strike+1","Cleave+1"],"special_seed":0,"relics":["Burning Blood","Centennial Puzzle","Dream Catcher","Pen Nib","Mark of Pain","Lantern","Anchor","Sundial","Necronomicon","Lizard Tail","Red Skull","Oddly Smooth Stone","Molten Egg 2"],"potions_floor_usage":[44,44,44,50],"damage_taken":[{"damage":0.0,"enemies":"Small Slimes","floor":1.0,"turns":3.0},{"damage":5.0,"enemies":"2 Louse","floor":3.0,"turns":3.0},{"damage":1.0,"enemies":"Cultist","floor":4.0,"turns":3.0},{"damage":3.0,"enemies":"2 Fungi Beasts","floor":5.0,"turns":3.0},{"damage":52.0,"enemies":"Lagavulin","floor":7.0,"turns":7.0},{"damage":6.0,"enemies":"3 Louse","floor":10.0,"turns":3.0},{"damage":11.0,"enemies":"Large Slime","floor":11.0,"turns":3.0},{"damage":7.0,"enemies":"Looter","floor":12.0,"turns":3.0},{"damage":29.0,"enemies":"The Guardian","floor":16.0,"turns":6.0},{"damage":19.0,"enemies":"3 Byrds","floor":18.0,"turns":4.0},{"damage":16.0,"enemies":"Shell Parasite","floor":20.0,"turns":4.0},{"damage":32.0,"enemies":"Shelled Parasite and Fungi","floor":21.0,"turns":6.0},{"damage":14.0,"enemies":"Cultist and Chosen","floor":22.0,"turns":4.0},{"damage":0.0,"enemies":"Gremlin Leader","floor":23.0,"turns":4.0},{"damage":11.0,"enemies":"Snecko","floor":24.0,"turns":3.0},{"damage":15.0,"enemies":"Snake Plant","floor":27.0,"turns":3.0},{"damage":1.0,"enemies":"Shelled Parasite and Fungi","floor":28.0,"turns":2.0},{"damage":4.0,"enemies":"Snecko","floor":30.0,"turns":4.0},{"damage":29,"enemies":"Automaton","floor":33,"turns":6},{"damage":0,"enemies":"Orb Walker","floor":35,"turns":2},{"damage":12,"enemies":"3 Darklings","floor":36,"turns":3},{"damage":8,"enemies":"Maw","floor":37,"turns":6},{"damage":2,"enemies":"Spire Growth","floor":39,"turns":2},{"damage":31,"enemies":"Reptomancer","floor":40,"turns":5},{"damage":0,"enemies":"3 Darklings","floor":41,"turns":1},{"damage":38,"enemies":"Jaw Worm Horde","floor":42,"turns":4},{"damage":28,"enemies":"Sphere and 2 Shapes","floor":44,"turns":3},{"damage":6,"enemies":"Transient","floor":46,"turns":5},{"damage":96,"enemies":"Awakened One","floor":50,"turns":4}],"seed_played":"6266792598921214690","potions_obtained":[{"floor":1.0,"key":"Swift Potion"},{"floor":4.0,"key":"Weak Potion"},{"floor":5.0,"key":"AttackPotion"},{"floor":12.0,"key":"FearPotion"},{"floor":16.0,"key":"LiquidBronze"},{"floor":18.0,"key":"SkillPotion"},{"floor":21.0,"key":"Weak Potion"},{"floor":22.0,"key":"Poison Potion"},{"floor":24.0,"key":"Strength Potion"},{"floor":35,"key":"Block Potion"},{"floor":39,"key":"PowerPotion"},{"floor":41,"key":"Fire Potion"}],"is_trial":false,"path_per_floor":["M","?","M","M","M","R","E","$","T","M","M","M","R","?","R","B",null,"M","$","M","M","M","E","M","R","T","M","M","?","M","?","R","B",null,"M","M","M","?","M","E","M","M","T","M","R","M","R","$","R","B"],"character_chosen":"IRONCLAD","items_purchased":["Dream Catcher","Disarm","Lantern","Molten Egg 2","Pommel Strike+1","Swift Strike+1","Cleave+1","Strength Potion"],"campfire_rested":6,"item_purchase_floors":[8,8,19,48,48,48,48,48],"current_hp_per_floor":[62,55,56,61,64,64,18,18,18,18,13,12,36,20,44,21,80,67,67,57,31,23,29,24,48,48,39,44,44,46,30,54,31,80,80,74,72,62,66,41,47,15,15,36,60,60,80,80,80,0],"gold":4,"neow_bonus":"RANDOM_COLORLESS_2","is_prod":false,"is_daily":false,"chose_seed":false,"campfire_upgraded":2,"win_rate":0,"timestamp":1566662525,"path_taken":["M","?","M","M","M","R","E","$","T","M","M","M","R","?","R","BOSS","M","$","M","M","M","E","M","R","T","M","M","?","?","?","R","BOSS","M","M","M","?","M","E","M","M","T","M","R","M","R","$","R","BOSS"],"build_version":"2019-07-17","purchased_purges":0,"victory":false,"max_hp_per_floor":[80,80,80,80,80,80,80,80,80,80,80,80,80,80,80,80,80,80,80,80,80,80,80,80,80,80,80,80,80,80,80,80,80,80,80,80,80,80,80,80,80,80,80,80,80,80,80,80,80,80],"card_choices":[{"not_picked":["Perfected Strike","Metallicize"],"picked":"Second Wind","floor":1.0},{"not_picked":["Pommel Strike","Combust"],"picked":"Carnage","floor":3.0},{"not_picked":["Seeing Red","Pummel"],"picked":"Uppercut","floor":4.0},{"not_picked":["True Grit","Clothesline"],"picked":"Intimidate","floor":5.0},{"not_picked":["Pommel Strike","Havoc"],"picked":"Anger","floor":7.0},{"not_picked":["Evolve","Twin Strike"],"picked":"Clash","floor":10.0},{"not_picked":["Feel No Pain","Shrug It Off"],"picked":"Shockwave","floor":11.0},{"not_picked":["Pommel Strike","Armaments"],"picked":"Heavy Blade","floor":12.0},{"not_picked":["Warcry","Rupture"],"picked":"Uppercut","floor":13.0},{"not_picked":["Pummel","Exhume"],"picked":"Body Slam","floor":15.0},{"not_picked":["Barricade","Offering"],"picked":"Limit Break","floor":16.0},{"not_picked":["Havoc","Sword Boomerang+1"],"picked":"Pommel Strike+1","floor":18.0},{"not_picked":["Metallicize+1","True Grit+1"],"picked":"Flex","floor":20.0},{"not_picked":["Wild Strike","Blood for Blood"],"picked":"Cleave+1","floor":21.0},{"not_picked":["Clothesline","Rage"],"picked":"Whirlwind+1","floor":22.0},{"not_picked":["Exhume","Fiend Fire"],"picked":"Cleave+1","floor":23.0},{"not_picked":["Cleave","Iron Wave+1"],"picked":"Warcry","floor":24.0},{"not_picked":["Power Through","Warcry+1"],"picked":"Twin Strike","floor":25.0},{"not_picked":["Body Slam","Anger"],"picked":"Flex","floor":27.0},{"not_picked":["Entrench","Reckless Charge"],"picked":"Power Through","floor":28.0},{"not_picked":["Whirlwind","Iron Wave+1"],"picked":"Corruption+1","floor":30.0},{"not_picked":["Rampage","Pommel Strike"],"picked":"Headbutt","floor":32.0},{"not_picked":["Fiend Fire","Exhume"],"picked":"Impervious","floor":33},{"not_picked":["Warcry","Perfected Strike+1"],"picked":"Body Slam+1","floor":35},{"not_picked":["Armaments","Thunderclap"],"picked":"Anger+1","floor":36},{"not_picked":["Sword Boomerang+1","Havoc+1"],"picked":"Second Wind+1","floor":37},{"not_picked":["Panacea","Madness"],"picked":"Dramatic Entrance","floor":38},{"not_picked":["Mind Blast","Master of Strategy"],"picked":"Sadistic Nature","floor":38},{"not_picked":["Mind Blast","PanicButton"],"picked":"Madness","floor":38},{"not_picked":["Thunderclap","Sword Boomerang"],"picked":"Havoc+1","floor":39},{"not_picked":["Battle Trance","Perfected Strike+1"],"picked":"Inflame+1","floor":40},{"not_picked":["Body Slam","Flame Barrier"],"picked":"Anger+1","floor":41},{"not_picked":["Armaments+1","Sword Boomerang"],"picked":"Heavy Blade+1","floor":42},{"not_picked":["Thunderclap","Sever Soul+1"],"picked":"Cleave","floor":44},{"not_picked":["True Grit+1","Dual Wield+1"],"picked":"Headbutt","floor":45},{"not_picked":["Sword Boomerang+1","Fire Breathing"],"picked":"Inflame+1","floor":46},{"not_picked":["Clash","Dark Embrace"],"picked":"Twin Strike+1","floor":47}],"player_experience":137607,"relics_obtained":[{"floor":7.0,"key":"Centennial Puzzle"},{"floor":9.0,"key":"Pen Nib"},{"floor":23.0,"key":"Anchor"},{"floor":26.0,"key":"Sundial"},{"floor":31.0,"key":"Necronomicon"},{"floor":40,"key":"Red Skull"},{"floor":43,"key":"Oddly Smooth Stone"}],"event_choices":[{"cards_removed":["Defend_R"],"damage_healed":0.0,"max_hp_gain":0.0,"max_hp_loss":0.0,"gold_gain":0.0,"event_name":"Golden Wing","player_choice":"Card Removal","floor":2.0,"gold_loss":0.0,"damage_taken":7.0},{"damage_healed":0.0,"max_hp_gain":0.0,"max_hp_loss":0.0,"gold_gain":0.0,"event_name":"Shining Light","player_choice":"Entered Light","floor":14.0,"gold_loss":0.0,"damage_taken":16.0,"cards_upgraded":["Strike_R","Defend_R"]},{"damage_healed":0.0,"max_hp_gain":0.0,"max_hp_loss":0.0,"gold_gain":0.0,"event_name":"The Woman in Blue","player_choice":"Bought 0 Potions","floor":29.0,"gold_loss":0.0,"damage_taken":0.0},{"damage_healed":0.0,"max_hp_gain":0.0,"max_hp_loss":0.0,"gold_gain":0.0,"event_name":"Cursed Tome","player_choice":"Obtained Book","floor":31.0,"gold_loss":0.0,"damage_taken":16.0},{"damage_healed":0,"gold_gain":0,"player_choice":"Memory 3","damage_taken":10,"max_hp_gain":0,"max_hp_loss":0,"event_name":"SensoryStone","floor":38,"gold_loss":0}],"is_beta":false,"boss_relics":[{"not_picked":["Empty Cage","Snecko Eye"],"picked":"Mark of Pain"},{"not_picked":["Tiny House","Philosopher\u0027s Stone"],"picked":"Lizard Tail"}],"items_purged_floors":[],"is_endless":false,"potions_floor_spawned":[1,4,5,12,16,18,21,22,24,35,39,41],"killed_by":"Awakened One","ascension_level":0}