{"gold_per_floor":[112,126,126,126,145,145,168,18,42,66,79,103,103,124,124,255,255,273,288,238,49,63,63,77,91,161,201,201,222,17,17,17,147,147,163,163,163,263,286,286,311,7,7,132,155,155,180,204,204,204],"floor_reached":50,"playtime":2582,"items_purged":["Strike_G","Defend_G","Strike_G+1","Decay"],"score":465,"play_id":"77fbceb2-b725-4a6b-972d-473fd2ccf962","local_time":"20190919165908","is_ascension_mode":false,"campfire_choices":[{"data":"Cloak And Dagger","floor":6.0,"key":"SMITH"},{"data":"Footwork","floor":13.0,"key":"SMITH"},{"floor":15.0,"key":"REST"},{"data":"Panacea","floor":23.0,"key":"SMITH"},{"data":"Noxious Fumes","floor":32.0,"key":"SMITH"},{"data":"Footwork","floor":40.0,"key":"SMITH"},{"data":"Glass Knife","floor":46.0,"key":"SMITH"},{"data":"Neutralize","floor":49,"key":"SMITH"}],"neow_cost":"NONE","seed_source_timestamp":5725014604900,"circlet_count":0,"master_deck":["Strike_G+1","Strike_G+1","Strike_G+1","Defend_G+1","Defend_G+1","Defend_G+1","Defend_G+1","Survivor","Neutralize+1","Cloak And Dagger+1","Deadly Poison","Footwork+1","Footwork+1","Backflip","Adrenaline","Glass Knife+1","Deadly Poison","Footwork+1","Panacea+1","Cloak And Dagger+1","Corpse Explosion","Noxious Fumes+1","Poisoned Stab+1","PiercingWail+1"],"special_seed":0,"relics":["Ring of the Snake","Juzu Bracelet","Pantograph","Golden Idol","MealTicket","Velvet Choker","Eternal Feather","Red Mask","SlaversCollar","Membership Card","Snake Skull","Vajra","Calipers"],"potions_floor_usage":[50,50,50],"damage_taken":[{"damage":0.0,"enemies":"Cultist","floor":1.0,"turns":3.0},{"damage":0.0,"enemies":"2 Louse","floor":2.0,"turns":3.0},{"damage":0.0,"enemies":"Jaw Worm","floor":5.0,"turns":4.0},{"damage":0.0,"enemies":"Looter","floor":7.0,"turns":3.0},{"damage":0.0,"enemies":"2 Fungi Beasts","floor":10.0,"turns":4.0},{"damage":3.0,"enemies":"Exordium Thugs","floor":11.0,"turns":7.0},{"damage":16.0,"enemies":"Gremlin Gang","floor":12.0,"turns":6.0},{"damage":2.0,"enemies":"Exordium Wildlife","floor":14.0,"turns":8.0},{"damage":30.0,"enemies":"Slime Boss","floor":16.0,"turns":25.0},{"damage":4.0,"enemies":"Chosen","floor":18.0,"turns":7.0},{"damage":0.0,"enemies":"Shell Parasite","floor":19.0,"turns":6.0},{"damage":0.0,"enemies":"Shelled Parasite and Fungi","floor":22.0,"turns":7.0},{"damage":0.0,"enemies":"Snake Plant","floor":24.0,"turns":6.0},{"damage":0.0,"enemies":"Snecko","floor":25.0,"turns":6.0},{"damage":0.0,"enemies":"Masked Bandits","floor":27.0,"turns":7.0},{"damage":0.0,"enemies":"Centurion and Healer","floor":29.0,"turns":7.0},{"damage":35.0,"enemies":"Automaton","floor":33.0,"turns":11.0},{"damage":0.0,"enemies":"3 Shapes","floor":35.0,"turns":7.0},{"damage":13.0,"enemies":"3 Darklings","floor":39.0,"turns":3.0},{"damage":16.0,"enemies":"Jaw Worm Horde","floor":41.0,"turns":4.0},{"damage":0.0,"enemies":"Mind Bloom Boss Battle","floor":44.0,"turns":5.0},{"damage":0.0,"enemies":"Spire Growth","floor":45.0,"turns":6.0},{"damage":0.0,"enemies":"Maw","floor":47.0,"turns":7.0},{"damage":0,"enemies":"4 Shapes","floor":48,"turns":3},{"damage":88,"enemies":"Time Eater","floor":50,"turns":13}],"seed_played":"4861265888650107431","potions_obtained":[{"floor":2.0,"key":"SkillPotion"},{"floor":5.0,"key":"SneckoOil"},{"floor":7.0,"key":"PowerPotion"},{"floor":12.0,"key":"PowerPotion"},{"floor":18.0,"key":"Strength Potion"},{"floor":29.0,"key":"SteroidPotion"},{"floor":39.0,"key":"FearPotion"},{"floor":44.0,"key":"Swift Potion"},{"floor":48,"key":"AttackPotion"}],"is_trial":false,"path_per_floor":["M","M","T","?","M","R","M","$","T","M","M","M","R","M","R","B",null,"M","M","?","$","M","R","M","M","T","?","?","M","$","?","R","B",null,"M","?","?","?","M","R","M","$","T","?","M","R","M","M","R","B"],"character_chosen":"THE_SILENT","items_purchased":["Footwork","Panacea","Noxious Fumes","Membership Card","Snake Skull"],"campfire_rested":1,"item_purchase_floors":[8,21,30,42,42],"current_hp_per_floor":[70,70,70,53,53,53,53,53,53,53,50,34,34,32,53,40,70,66,66,66,70,70,70,70,70,70,70,70,70,70,70,70,35,70,70,70,70,70,57,69,53,68,68,70,70,70,70,70,70,0],"gold":204,"neow_bonus":"RANDOM_COMMON_RELIC","is_prod":false,"is_daily":false,"chose_seed":false,"campfire_upgraded":7,"win_rate":0,"timestamp":1568879948,"path_taken":["M","M","?","?","M","R","M","$","T","M","M","M","R","M","R","BOSS","M","M","?","$","M","R","M","M","T","?","?","M","$","?","R","BOSS","M","?","?","?","M","R","M","$","T","?","M","R","M","M","R","BOSS"],"build_version":"2019-09-18","purchased_purges":4,"victory":false,"max_hp_per_floor":[70,70,70,70,70,70,70,70,70,70,70,70,70,70,70,70,70,70,70,70,70,70,70,70,70,70,70,70,70,70,70,70,70,70,70,70,70,70,70,70,70,70,70,70,70,70,70,70,70,70],"card_choices":[{"not_picked":["Flying Knee","Infinite Blades"],"picked":"Cloak And Dagger","floor":1.0},{"not_picked":["Crippling Poison","Underhanded Strike"],"picked":"Deadly Poison","floor":2.0},{"not_picked":["Outmaneuver","Blade Dance","Sucker Punch"],"picked":"SKIP","floor":5.0},{"not_picked":["Underhanded Strike","Blade Dance","Concentrate"],"picked":"SKIP","floor":7.0},{"not_picked":["Backflip","Acrobatics"],"picked":"Footwork","floor":10.0},{"not_picked":["Reflex","Heel Hook","All Out Attack"],"picked":"SKIP","floor":11.0},{"not_picked":["Prepared","Calculated Gamble"],"picked":"Backflip","floor":12.0},{"not_picked":["Distraction","Masterful Stab"],"picked":"Adrenaline","floor":14.0},{"not_picked":["Phantasmal Killer","Storm of Steel"],"picked":"Glass Knife","floor":16.0},{"not_picked":["Flying Knee+1","Dodge and Roll"],"picked":"Deadly Poison","floor":18.0},{"not_picked":["Choke","Bane"],"picked":"Footwork+1","floor":19.0},{"not_picked":["Acrobatics","Bane+1","Terror"],"picked":"SKIP","floor":22.0},{"not_picked":["Slice","Well Laid Plans","Skewer"],"picked":"SKIP","floor":24.0},{"not_picked":["Reflex","Setup+1"],"picked":"Cloak And Dagger+1","floor":25.0},{"not_picked":["Expertise","Eviscerate+1"],"picked":"Corpse Explosion","floor":29.0},{"not_picked":["PiercingWail","Bane+1","Distraction+1"],"picked":"SKIP","floor":35.0},{"not_picked":["Underhanded Strike+1","Calculated Gamble"],"picked":"Poisoned Stab+1","floor":39.0},{"not_picked":["Heel Hook","Escape Plan","Poisoned Stab"],"picked":"SKIP","floor":41.0},{"not_picked":["Distraction+1","Backflip+1","Underhanded Strike+1"],"picked":"SKIP","floor":45.0},{"not_picked":["Backflip","Dodge and Roll+1"],"picked":"PiercingWail+1","floor":47.0},{"not_picked":["Choke","Distraction+1","Underhanded Strike"],"picked":"SKIP","floor":48}],"player_experience":496997,"relics_obtained":[{"floor":3.0,"key":"Pantograph"},{"floor":9.0,"key":"MealTicket"},{"floor":26.0,"key":"Eternal Feather"},{"floor":27.0,"key":"Red Mask"},{"floor":43.0,"key":"Vajra"},{"floor":44.0,"key":"Calipers"}],"event_choices":[{"damage_healed":0.0,"max_hp_gain":0.0,"max_hp_loss":0.0,"gold_gain":0.0,"event_name":"Golden Idol","player_choice":"Take Damage","floor":4.0,"gold_loss":0.0,"damage_taken":17.0,"relics_obtained":["Golden Idol"]},{"damage_healed":0.0,"max_hp_gain":0.0,"max_hp_loss":0.0,"gold_gain":0.0,"event_name":"The Joust","player_choice":"Bet on Murderer","floor":20.0,"gold_loss":50.0,"damage_taken":0.0},{"damage_healed":0.0,"max_hp_gain":0.0,"max_hp_loss":0.0,"gold_gain":0.0,"event_name":"Masked Bandits","player_choice":"Fought Bandits","floor":27.0,"gold_loss":0.0,"damage_taken":0.0},{"damage_healed":0.0,"max_hp_gain":0.0,"max_hp_loss":0.0,"gold_gain":0.0,"event_name":"Back to Basics","player_choice":"Simplicity","floor":28.0,"gold_loss":0.0,"damage_taken":0.0,"cards_upgraded":["Strike_G","Strike_G","Strike_G","Strike_G","Defend_G","Defend_G","Defend_G","Defend_G"]},{"damage_healed":0.0,"max_hp_gain":0.0,"max_hp_loss":0.0,"gold_gain":0.0,"event_name":"Mysterious Sphere","player_choice":"Ignored","floor":36.0,"gold_loss":0.0,"damage_taken":0.0},{"damage_healed":0.0,"max_hp_gain":0.0,"max_hp_loss":0.0,"gold_gain":0.0,"event_name":"Wheel of Change","player_choice":"Cursed","floor":37.0,"gold_loss":0.0,"damage_taken":0.0,"cards_obtained":["Decay"]},{"damage_healed":0.0,"max_hp_gain":0.0,"max_hp_loss":0.0,"gold_gain":100.0,"event_name":"Golden Shrine","player_choice":"Pray","floor":38.0,"gold_loss":0.0,"damage_taken":0.0},{"damage_healed":0.0,"max_hp_gain":0.0,"max_hp_loss":0.0,"gold_gain":0.0,"event_name":"MindBloom","player_choice":"Fight","floor":44.0,"gold_loss":0.0,"damage_taken":0.0}],"is_beta":true,"boss_relics":[{"not_picked":["Pandora\u0027s Box","Coffee Dripper"],"picked":"Velvet Choker"},{"not_picked":["Snecko Eye","Sozu"],"picked":"SlaversCollar"}],"items_purged_floors":[8,21,30,42],"is_endless":false,"potions_floor_spawned":[2,5,7,12,18,24,29,39,44,47,48],"killed_by":"Time Eater","ascension_level":0}