{"path_per_floor":["M","M","M","?","M","R","M","R","T","R","M","?","$","?","R","B",null,"M","?","?","M","M","R","M","$","T","R","?","R","?","T","R","B",null,"M","?","?","$","M","R","E","R","T","?"],"character_chosen":"DEFECT","items_purchased":["Oddly Smooth Stone","Streamline","Tempest"],"gold_per_floor":[112,127,145,145,160,160,171,171,171,171,190,190,13,13,13,113,113,130,130,130,142,161,161,176,101,101,101,101,101,101,124,124,225,225,245,245,245,71,87,87,120,120,120,120,120],"floor_reached":45,"campfire_rested":1,"playtime":1736,"current_hp_per_floor":[60,37,37,37,23,23,23,43,43,43,38,38,38,38,38,12,68,62,62,34,28,27,27,26,26,26,26,26,26,26,26,26,1,34,15,24,24,24,29,29,22,22,22,22,0],"items_purged":["Writhe","Regret"],"gold":120,"score":479,"play_id":"6fe57a35-5453-4028-9ec7-08c44ccd3280","local_time":"20180430232053","is_prod":false,"is_daily":false,"chose_seed":false,"is_ascension_mode":false,"campfire_upgraded":9,"timestamp":1525148453,"path_taken":["M","M","M","?","M","R","M","R","T","R","M","?","$","?","R","BOSS","M","?","?","?","M","R","M","$","T","R","?","R","?","?","R","BOSS","M","?","?","$","?","R","E","R","T","?","M"],"build_version":"2018-04-27v3","seed_source_timestamp":0,"purchased_purges":2,"victory":false,"master_deck":["Strike_B","Strike_B","Defend_B","Defend_B","Defend_B","Defend_B","Zap+1","Dualcast+1","Creative AI+1","Heatsinks","Ball Lightning+1","Stack","Defragment+1","Cold Snap+1","Gash","Streamline+1","Ghostly","Ghostly","Ghostly","Ghostly","Ghostly","Ball Lightning+1","Coolheaded","Parasite","Double Energy+1","Ball Lightning+1","Sunder","Reboot+1","Static Discharge+1","Writhe","Jack Of All Trades+1","Tempest+1","Capacitor+1","Axe Kick+1","Doubt"],"max_hp_per_floor":[68,68,68,68,68,68,68,68,68,68,68,68,68,68,68,68,68,68,68,34,34,34,34,34,34,34,34,34,34,34,34,34,34,34,34,34,34,34,34,34,34,34,34,34,34],"relics":["Cracked Core","Toolbox","Oddly Smooth Stone","Cursed Key","Ancient Tea Set","Toxic Egg 2","Blood Vial","Sozu","Dodecahedron","Bag of Preparation"],"card_choices":[{"not_picked":["Biased Cognition","Prime"],"picked":"Creative AI","floor":0.0},{"not_picked":["Impulse","Skim"],"picked":"Heatsinks","floor":1.0},{"not_picked":["Leap","Capacitor"],"picked":"Ball Lightning","floor":2.0},{"not_picked":["Leap","Gash"],"picked":"Stack","floor":3.0},{"not_picked":["Sweeping Beam","Leap"],"picked":"Defragment","floor":5.0},{"not_picked":["Hologram","Blizzard"],"picked":"Cold Snap","floor":7.0},{"not_picked":["Doom and Gloom","Turbo"],"picked":"Gash","floor":11.0},{"not_picked":["Skim","Stack"],"picked":"Ball Lightning","floor":22.0},{"not_picked":["Rebound","Blizzard"],"picked":"Coolheaded","floor":24.0},{"not_picked":["Rainbow","Fission"],"picked":"Reboot","floor":33.0},{"not_picked":["Ball Lightning","Axe Kick"],"picked":"Static Discharge","floor":35},{"not_picked":["Skim","Rip and Tear"],"picked":"Capacitor","floor":39},{"not_picked":["Beam Cell","Rainbow"],"picked":"Axe Kick","floor":41}],"player_experience":277319,"potions_floor_usage":[41,45],"damage_taken":[{"damage":8.0,"enemies":"2 Louse","floor":1.0,"turns":3.0},{"damage":23.0,"enemies":"Cultist","floor":2.0,"turns":6.0},{"damage":0.0,"enemies":"Small Slimes","floor":3.0,"turns":3.0},{"damage":14.0,"enemies":"Exordium Thugs","floor":5.0,"turns":4.0},{"damage":0.0,"enemies":"Large Slime","floor":7.0,"turns":4.0},{"damage":5.0,"enemies":"2 Fungi Beasts","floor":11.0,"turns":3.0},{"damage":26.0,"enemies":"Hexaghost","floor":16.0,"turns":9.0},{"damage":6.0,"enemies":"Shell Parasite","floor":18.0,"turns":5.0},{"damage":6.0,"enemies":"3 Byrds","floor":21.0,"turns":5.0},{"damage":1.0,"enemies":"Cultist and Chosen","floor":22.0,"turns":7.0},{"damage":1.0,"enemies":"Snecko","floor":24.0,"turns":5.0},{"damage":31.0,"enemies":"Automaton","floor":33.0,"turns":11.0},{"damage":19,"enemies":"3 Darklings","floor":35,"turns":6},{"damage":1,"enemies":"Orb Walker","floor":39,"turns":3},{"damage":9,"enemies":"Nemesis","floor":41,"turns":9},{"damage":24,"enemies":"Flame Bruiser 2 Orb","floor":45,"turns":2}],"event_choices":[{"event_name":"The Lab","player_choice":"Got Potions","floor":4.0,"damage_taken":0.0},{"event_name":"Purifier","player_choice":"One Purge","floor":12.0,"damage_taken":0.0},{"event_name":"Living Wall","player_choice":"Forget","floor":14.0,"damage_taken":0.0},{"event_name":"The Mausoleum","player_choice":"Yes","floor":19.0,"damage_taken":0.0},{"event_name":"Ghosts","player_choice":"Became a Ghost","floor":20.0,"damage_taken":0.0},{"event_name":"The Library","player_choice":"Read","floor":28.0,"damage_taken":0.0},{"event_name":"Match and Keep!","player_choice":"2 cards matched","floor":30.0,"damage_taken":0.0},{"event_name":"Winding Halls","player_choice":"Writhe","floor":36,"damage_taken":0},{"event_name":"Match and Keep!","player_choice":"1 cards matched","floor":37,"damage_taken":0},{"event_name":"Mysterious Sphere","player_choice":"Ignore","floor":44,"damage_taken":0}],"boss_relics":[],"potions_floor_spawned":[1,2,16,22,24],"seed_played":"2797631323083614845","killed_by":"Flame Bruiser 2 Orb","ascension_level":0,"is_trial":false}