{"path_per_floor":["M","?","M","$","M","R","?","M","T","M","?","M","R","?","R","B",null,"M","M","?"],"character_chosen":"THE_SILENT","items_purchased":["Bronze Scales","Noxious Fumes"],"gold_per_floor":[118,193,211,31,51,51,51,61,129,144,144,164,164,164,164,259,259,271,289,289,289],"floor_reached":21,"campfire_rested":1,"playtime":968,"current_hp_per_floor":[70,59,53,53,53,53,39,38,38,38,38,37,37,37,58,32,70,47,28,12,0],"items_purged":[],"gold":289,"score":171,"play_id":"5104a7d9-01b4-44be-b608-d236dcdf2220","local_time":"20180324190143","is_prod":false,"is_daily":false,"is_ascension_mode":false,"campfire_upgraded":2,"timestamp":1521936103,"path_taken":["M","?","?","?","M","R","?","M","T","?","?","M","R","?","R","BOSS","M","M","?","?"],"build_version":"2018-03-22v2","purchased_purges":0,"victory":false,"master_deck":["Defend_G","Defend_G","Defend_G","Defend_G","Defend_G","Strike_G","Strike_G+1","Strike_G+1","Survivor","Neutralize","Dagger Spray","Noxious Fumes+1","Bane+1","Poisoned Stab","Dodge and Roll","Prepared","A Thousand Cuts","Noxious Fumes+1","Dash"],"max_hp_per_floor":[70,70,70,70,70,70,70,70,70,70,70,70,70,70,70,70,70,70,70,70,70],"relics":["Ring of the Snake","Bronze Scales","Letter Opener","Velvet Choker"],"card_choices":[{"not_picked":["Prepared","Eviscerate"],"picked":"Dagger Spray","floor":3},{"not_picked":["Dagger Throw","Prepared"],"picked":"Bane","floor":5},{"not_picked":["Calculated Gamble","Underhanded Strike"],"picked":"Poisoned Stab","floor":8},{"not_picked":["Leg Sweep","Expertise"],"picked":"Dodge and Roll","floor":10},{"not_picked":["Blade Dance","Endless Agony"],"picked":"Prepared","floor":12},{"not_picked":["Unload","Wraith Form"],"picked":"A Thousand Cuts","floor":16},{"not_picked":["Cloak And Dagger","Poisoned Stab"],"picked":"Noxious Fumes","floor":18},{"not_picked":["Poisoned Stab","Escape Plan"],"picked":"Dash","floor":19}],"player_experience":56574,"potions_floor_usage":[12,16],"damage_taken":[{"damage":0,"enemies":"Small Slimes","floor":1,"turns":6},{"damage":6,"enemies":"2 Louse","floor":3,"turns":4},{"damage":0,"enemies":"Cultist","floor":5,"turns":4},{"damage":1,"enemies":"Red Slaver","floor":8,"turns":3},{"damage":0,"enemies":"3 Louse","floor":10,"turns":2},{"damage":1,"enemies":"Exordium Wildlife","floor":12,"turns":2},{"damage":26,"enemies":"Hexaghost","floor":16,"turns":8},{"damage":23,"enemies":"Chosen","floor":18,"turns":6},{"damage":19,"enemies":"3 Byrds","floor":19,"turns":3},{"damage":12,"enemies":"Centurion and Healer","floor":21,"turns":3}],"event_choices":[{"event_name":"World of Goop","player_choice":"Gather Gold","floor":2,"damage_taken":0},{"event_name":"Shining Light","player_choice":"Entered Light","floor":7,"damage_taken":0},{"event_name":"Liars Game","player_choice":"disagreed","floor":11,"damage_taken":0},{"event_name":"Wheel of Change","player_choice":"Card Removal","floor":14,"damage_taken":0},{"event_name":"Cursed Tome","player_choice":"Obtained Book","floor":20,"damage_taken":0}],"boss_relics":[{"not_picked":["Black Star","Astrolabe"],"picked":"Velvet Choker"}],"potions_floor_spawned":[3,5,16,19],"seed_played":"8051818019394875023","killed_by":"Centurion and Healer","ascension_level":0,"is_trial":false}