{"gold_per_floor":[115,132,132,132,156,156,199,124,124,140,140,165,165,180,180,304,304,323,343,47,60,81,81,104,144,217,217,237,256,179,179,179,179],"floor_reached":33,"playtime":1402,"items_purged":["Strike_R"],"score":271,"play_id":"d30dbdb2-b335-44c7-ab0e-32d3839a9391","local_time":"20180713234441","is_ascension_mode":false,"campfire_choices":[{"data":"Regret","floor":6,"key":"PURGE"},{"data":"Flex","floor":13,"key":"SMITH"},{"data":"Strike_R","floor":15,"key":"PURGE"},{"data":"Flex","floor":23,"key":"SMITH"},{"data":"Injury","floor":27,"key":"PURGE"},{"floor":32,"key":"REST"}],"neow_cost":"CURSE","seed_source_timestamp":0,"circlet_count":0,"master_deck":["Strike_R","Strike_R","Strike_R","Defend_R","Defend_R","Defend_R","Defend_R","Bash","Cleave","Pommel Strike","Berserk","Wild Strike","Flex+1","Headbutt","Bludgeon","Flex+1","Flex","Corruption","Feel No Pain","J.A.X."],"special_seed":17726,"relics":["Burning Blood","Peace Pipe","Thread and Needle","Golden Idol","Dodecahedron","Pear","Cursed Key","Unceasing Top","Pen Nib","Matryoshka"],"potions_floor_usage":[7,17,22,25],"damage_taken":[{"damage":6,"enemies":"2 Louse","floor":1,"turns":3},{"damage":2,"enemies":"Small Slimes","floor":2,"turns":3},{"damage":0,"enemies":"Cultist","floor":5,"turns":2},{"damage":32,"enemies":"Lagavulin","floor":7,"turns":6},{"damage":0,"enemies":"Large Slime","floor":10,"turns":5},{"damage":0,"enemies":"2 Fungi Beasts","floor":12,"turns":2},{"damage":2,"enemies":"Gremlin Gang","floor":14,"turns":4},{"damage":66,"enemies":"The Guardian","floor":16,"turns":11},{"damage":0,"enemies":"Spheric Guardian","floor":18,"turns":3},{"damage":8,"enemies":"Shell Parasite","floor":19,"turns":3},{"damage":5,"enemies":"Cultist and Chosen","floor":21,"turns":4},{"damage":20,"enemies":"Slaver and Parasite","floor":22,"turns":4},{"damage":10,"enemies":"Centurion and Healer","floor":24,"turns":4},{"damage":62,"enemies":"Gremlin Leader","floor":25,"turns":6},{"damage":10,"enemies":"Snecko","floor":28,"turns":4},{"damage":15,"enemies":"Chosen and Byrds","floor":29,"turns":5},{"damage":42,"enemies":"Automaton","floor":33,"turns":4}],"seed_played":"-1557900698408723444","potions_obtained":[{"floor":1,"key":"Strength Potion"},{"floor":5,"key":"SmokeBomb"},{"floor":16,"key":"Fruit Juice"},{"floor":21,"key":"SteroidPotion"},{"floor":24,"key":"BloodPotion"},{"floor":25,"key":"SpeedPotion"}],"is_trial":false,"path_per_floor":["M","M","?","?","M","R","E","$","T","M","?","M","R","M","R","B",null,"M","M","$","M","M","R","M","E","T","R","M","M","?","?","R"],"character_chosen":"IRONCLAD","items_purchased":["Unceasing Top"],"campfire_rested":1,"item_purchase_floors":[20],"current_hp_per_floor":[80,80,73,73,74,74,48,48,58,64,64,70,70,74,74,14,89,89,87,87,88,74,74,70,22,22,22,18,9,9,9,35,0],"gold":179,"neow_bonus":"ONE_RARE_RELIC","is_prod":false,"is_daily":false,"chose_seed":false,"campfire_upgraded":2,"win_rate":0,"timestamp":1531543481,"path_taken":["M","M","?","?","M","R","E","$","T","M","?","M","R","M","R","BOSS","M","M","$","?","M","R","M","E","T","R","M","M","?","?","R","BOSS"],"build_version":"2018-07-12","purchased_purges":1,"victory":false,"max_hp_per_floor":[80,80,80,74,74,74,74,74,84,84,84,84,84,84,84,84,89,89,89,89,89,89,89,89,89,89,89,89,89,89,89,89,89],"card_choices":[{"not_picked":["Pummel","Power Through"],"picked":"Cleave","floor":1},{"not_picked":["Anger","True Grit"],"picked":"Pommel Strike","floor":2},{"not_picked":["Clothesline","True Grit","Heavy Blade"],"picked":"SKIP","floor":5},{"not_picked":["Thunderclap","Clothesline"],"picked":"Berserk","floor":7},{"not_picked":["Seeing Red","Pommel Strike"],"picked":"Wild Strike","floor":10},{"not_picked":["Twin Strike","Heavy Blade"],"picked":"Flex","floor":12},{"not_picked":["Searing Blow","Cleave"],"picked":"Headbutt","floor":14},{"not_picked":["Juggernaut","Berserk"],"picked":"Bludgeon","floor":16},{"not_picked":["Anger+1","Body Slam+1"],"picked":"Flex","floor":18},{"not_picked":["Body Slam","Shockwave"],"picked":"Flex","floor":19},{"not_picked":["Metallicize","Heavy Blade","Battle Trance"],"picked":"SKIP","floor":21},{"not_picked":["Dark Embrace","Sword Boomerang","Shrug It Off+1"],"picked":"SKIP","floor":22},{"not_picked":["Sever Soul+1","True Grit+1","Shrug It Off"],"picked":"SKIP","floor":24},{"not_picked":["Flame Barrier","Metallicize"],"picked":"Corruption","floor":25},{"not_picked":["Havoc","Clash"],"picked":"Feel No Pain","floor":28},{"not_picked":["Sword Boomerang","Second Wind","Power Through"],"picked":"SKIP","floor":29}],"player_experience":294545,"relics_obtained":[{"floor":7,"key":"Dodecahedron"},{"floor":9,"key":"Pear"},{"floor":25,"key":"Pen Nib"},{"floor":26,"key":"Matryoshka"}],"event_choices":[{"event_name":"Scrap Ooze","player_choice":"success","floor":3,"damage_taken":7},{"event_name":"Golden Idol","player_choice":"Lose Max HP","floor":4,"damage_taken":0},{"event_name":"Liars Game","player_choice":"disagreed","floor":11,"damage_taken":0},{"event_name":"Drug Dealer","player_choice":"Got JAXXED","floor":30,"damage_taken":0},{"event_name":"The Woman in Blue","player_choice":"Bought 0 Potions","floor":31,"damage_taken":0}],"boss_relics":[{"not_picked":["Tiny House","Black Star"],"picked":"Cursed Key"}],"items_purged_floors":[8],"is_endless":false,"potions_floor_spawned":[1,5,16,21,24,25],"killed_by":"Automaton","ascension_level":0}