{"gold_per_floor":[115,126,126,145,145,145,173,173,230,259,274,303,303,318,318,318],"floor_reached":16,"playtime":590,"items_purged":[],"score":138,"play_id":"e8d00d67-5606-4011-a7db-31acd5abf292","local_time":"20190504173541","is_ascension_mode":true,"campfire_choices":[{"data":"Bash","floor":6,"key":"SMITH"},{"floor":8,"key":"REST"},{"floor":15,"key":"REST"}],"neow_cost":"CURSE","seed_source_timestamp":115777487966451,"circlet_count":0,"master_deck":["Strike_R+1","Strike_R","Strike_R+1","Strike_R","Defend_R","Defend_R","Defend_R","Defend_R","Bash+1","Doubt","Shrug It Off","Cleave","Thunderclap","Flame Barrier","Clothesline","Iron Wave","Headbutt"],"relics":["Burning Blood","Du-Vu Doll","Oddly Smooth Stone","Tiny Chest","Anchor","Art of War"],"potions_floor_usage":[12,12,12,16],"damage_taken":[{"damage":9,"enemies":"Jaw Worm","floor":1,"turns":3},{"damage":11,"enemies":"Cultist","floor":2,"turns":4},{"damage":5,"enemies":"Small Slimes","floor":4,"turns":2},{"damage":36,"enemies":"Lagavulin","floor":7,"turns":5},{"damage":28,"enemies":"3 Sentries","floor":10,"turns":7},{"damage":7,"enemies":"Blue Slaver","floor":11,"turns":4},{"damage":25,"enemies":"Lagavulin","floor":12,"turns":6},{"damage":8,"enemies":"Exordium Wildlife","floor":14,"turns":3},{"damage":33,"enemies":"The Guardian","floor":16,"turns":15}],"seed_played":"8545997632113205851","potions_obtained":[{"floor":4,"key":"Ancient Potion"},{"floor":7,"key":"LiquidBronze"},{"floor":11,"key":"PowerPotion"},{"floor":14,"key":"SpeedPotion"}],"is_trial":false,"path_per_floor":["M","M","?","M","?","R","E","R","T","E","M","E","?","M","R","B"],"character_chosen":"IRONCLAD","items_purchased":[],"campfire_rested":2,"item_purchase_floors":[],"current_hp_per_floor":[77,72,56,57,57,57,27,51,51,29,28,9,9,7,31,0],"gold":318,"neow_bonus":"ONE_RARE_RELIC","is_prod":false,"is_daily":false,"chose_seed":false,"campfire_upgraded":1,"win_rate":0,"timestamp":1557009341,"path_taken":["M","M","?","M","?","R","E","R","T","E","?","E","?","M","R","BOSS"],"build_version":"2019-01-23","purchased_purges":0,"victory":false,"max_hp_per_floor":[80,80,80,80,80,80,80,80,80,80,80,80,80,80,80,80],"card_choices":[{"not_picked":["Perfected Strike","Body Slam"],"picked":"Shrug It Off","floor":1},{"not_picked":["Iron Wave","Exhume"],"picked":"Cleave","floor":2},{"not_picked":["Entrench","Clothesline"],"picked":"Thunderclap","floor":4},{"not_picked":["Searing Blow","Corruption"],"picked":"Flame Barrier","floor":7},{"not_picked":["Hemokinesis","Cleave"],"picked":"Clothesline","floor":10},{"not_picked":["Blood for Blood","Cleave","Body Slam"],"picked":"SKIP","floor":11},{"not_picked":["Armaments","Brutality","Evolve"],"picked":"SKIP","floor":12},{"not_picked":["Clothesline","Havoc"],"picked":"Headbutt","floor":14}],"player_experience":122029,"relics_obtained":[{"floor":7,"key":"Oddly Smooth Stone"},{"floor":9,"key":"Tiny Chest"},{"floor":10,"key":"Anchor"},{"floor":12,"key":"Art of War"}],"event_choices":[{"damage_healed":0,"gold_gain":0,"player_choice":"Entered Light","damage_taken":16,"max_hp_gain":0,"max_hp_loss":0,"event_name":"Shining Light","floor":3,"gold_loss":0,"cards_upgraded":["Strike_R","Strike_R"]},{"damage_healed":0,"gold_gain":0,"cards_transformed":["Strike_R"],"player_choice":"Transformed","damage_taken":0,"max_hp_gain":0,"max_hp_loss":0,"event_name":"Transmorgrifier","floor":5,"gold_loss":0,"cards_obtained":["Combust"]},{"damage_healed":0,"gold_gain":0,"cards_transformed":["Combust"],"player_choice":"Change","damage_taken":0,"max_hp_gain":0,"max_hp_loss":0,"event_name":"Living Wall","floor":13,"gold_loss":0,"cards_obtained":["Iron Wave"]}],"is_beta":false,"boss_relics":[],"items_purged_floors":[],"is_endless":false,"potions_floor_spawned":[4,7,11,14],"killed_by":"The Guardian","ascension_level":3}