{"gold_per_floor":[111,111,91,109,123,151,151,151,151,151,19,19,36,36,36,110,110,121,140,10,10],"floor_reached":21,"playtime":677,"items_purged":[],"score":354,"play_id":"17b1f7ea-716b-4988-b3ee-2c5d7803922e","local_time":"20190917230338","is_ascension_mode":true,"campfire_choices":[{"floor":7.0,"key":"REST"},{"data":"Limit Break","floor":10.0,"key":"SMITH"},{"data":"Whirlwind","floor":15.0,"key":"SMITH"}],"neow_cost":"NONE","seed_source_timestamp":558701296934414,"circlet_count":0,"master_deck":["AscendersBane","Bash","Spot Weakness","Armaments","Blood for Blood","Dual Wield","Dropkick","Limit Break+1","Whirlwind+1","Immolate","Shockwave+1","Limit Break+1","Thunderclap+1","Heavy Blade"],"special_seed":0,"relics":["Pandora\u0027s Box","The Courier","Bottled Flame","Orichalcum","Anchor","StoneCalendar","Astrolabe","Dream Catcher"],"potions_floor_usage":[],"damage_taken":[{"damage":7.0,"enemies":"Jaw Worm","floor":1.0,"turns":3.0},{"damage":8.0,"enemies":"2 Louse","floor":4.0,"turns":2.0},{"damage":1.0,"enemies":"Cultist","floor":5.0,"turns":3.0},{"damage":17.0,"enemies":"Gremlin Nob","floor":6.0,"turns":3.0},{"damage":5.0,"enemies":"Looter","floor":13.0,"turns":4.0},{"damage":31,"enemies":"Hexaghost","floor":16,"turns":5},{"damage":49,"enemies":"Spheric Guardian","floor":18,"turns":6},{"damage":6,"enemies":"3 Byrds","floor":19,"turns":3},{"damage":13,"enemies":"Snecko","floor":21,"turns":2}],"seed_played":"-1373021961313105240","potions_obtained":[{"floor":1.0,"key":"Strength Potion"},{"floor":3.0,"key":"SpeedPotion"},{"floor":4.0,"key":"LiquidBronze"},{"floor":16,"key":"SpeedPotion"},{"floor":19,"key":"Explosive Potion"}],"is_trial":false,"path_per_floor":["M","?","?","M","M","E","R","?","T","R","$","T","M","?","R","B",null,"M","M","$","M"],"character_chosen":"IRONCLAD","items_purchased":["Anchor","Dream Catcher"],"campfire_rested":1,"item_purchase_floors":[11,20],"current_hp_per_floor":[61,35,35,27,26,9,31,56,56,56,56,56,51,51,51,20,61,12,6,6,0],"gold":10,"neow_bonus":"BOSS_RELIC","is_prod":false,"is_daily":false,"chose_seed":false,"campfire_upgraded":2,"win_rate":0,"timestamp":1568779418,"path_taken":["M","?","?","M","?","E","R","?","T","R","$","?","M","?","R","BOSS","M","M","$","M"],"build_version":"2019-07-17","purchased_purges":0,"victory":false,"max_hp_per_floor":[75,75,75,75,75,75,75,75,75,75,75,75,75,75,75,75,75,75,75,75,75],"card_choices":[{"not_picked":["Sentinel","Twin Strike","Power Through"],"picked":"SKIP","floor":1.0},{"not_picked":["Sword Boomerang","True Grit","Iron Wave"],"picked":"SKIP","floor":4.0},{"not_picked":["Heavy Blade","Body Slam"],"picked":"Whirlwind","floor":5.0},{"not_picked":["Clash","Thunderclap","Clothesline"],"picked":"SKIP","floor":6.0},{"not_picked":["Fire Breathing","Flex","Intimidate"],"picked":"SKIP","floor":13.0},{"not_picked":["Fiend Fire","Juggernaut"],"picked":"Immolate","floor":16},{"not_picked":["Wild Strike","Shrug It Off"],"picked":"Heavy Blade","floor":18},{"not_picked":["Headbutt","Anger","Twin Strike"],"picked":"SKIP","floor":19}],"player_experience":1340755,"relics_obtained":[{"floor":6.0,"key":"Bottled Flame"},{"floor":9.0,"key":"Orichalcum"},{"floor":12.0,"key":"StoneCalendar"}],"event_choices":[{"damage_healed":0.0,"max_hp_gain":0.0,"max_hp_loss":0.0,"gold_gain":0.0,"event_name":"Scrap Ooze","player_choice":"Success","floor":2.0,"gold_loss":0.0,"damage_taken":26.0,"relics_obtained":["The Courier"]},{"damage_healed":0.0,"max_hp_gain":0.0,"max_hp_loss":0.0,"gold_gain":0.0,"event_name":"The Woman in Blue","player_choice":"Bought 1 Potion","floor":3.0,"gold_loss":0.0,"damage_taken":0.0},{"damage_healed":25.0,"max_hp_gain":0.0,"max_hp_loss":0.0,"gold_gain":0.0,"event_name":"Big Fish","player_choice":"Banana","floor":8.0,"gold_loss":0.0,"damage_taken":0.0},{"damage_healed":0.0,"max_hp_gain":0.0,"max_hp_loss":0.0,"gold_gain":0.0,"event_name":"Dead Adventurer","player_choice":"Searched \u00270\u0027 times","floor":14.0,"gold_loss":0.0,"damage_taken":0.0}],"is_beta":false,"boss_relics":[{"not_picked":["Runic Pyramid","Lizard Tail"],"picked":"Astrolabe"}],"items_purged_floors":[],"is_endless":false,"potions_floor_spawned":[1,4,16,19],"killed_by":"Snecko","ascension_level":20}