{"gold_per_floor":[111,130,145,156,171,197,197,210,210,285,113,113,182,194,194,289,289,303,272,292,292,309,309],"floor_reached":23,"playtime":4907,"items_purged":["Strike_R"],"score":247,"play_id":"0d329e21-45e5-4fa3-b0ed-eb5a53b26a9f","local_time":"20190913060742","is_ascension_mode":false,"campfire_choices":[{"data":"Barricade","floor":7,"key":"SMITH"},{"data":"Armaments","floor":12,"key":"SMITH"},{"data":"Metallicize","floor":15,"key":"SMITH"}],"neow_cost":"TEN_PERCENT_HP_LOSS","seed_source_timestamp":371494284151610,"circlet_count":0,"master_deck":["Strike_R","Strike_R","Strike_R","Defend_R","Defend_R","Defend_R","Defend_R","Barricade+1","Shrug It Off","Armaments","Thunderclap","Body Slam","Bludgeon","Metallicize+1","Feel No Pain","Armaments+1","Flame Barrier","Rage","Feed","Warcry","Second Wind","Pummel","Iron Wave"],"relics":["Burning Blood","Pear","Letter Opener","Empty Cage","Nilry\u0027s Codex"],"potions_floor_usage":[6,16,16,19,22],"damage_taken":[{"damage":1,"enemies":"2 Louse","floor":1,"turns":4},{"damage":1,"enemies":"Jaw Worm","floor":2,"turns":10},{"damage":16,"enemies":"Cultist","floor":3,"turns":7},{"damage":14,"enemies":"Looter","floor":4,"turns":4},{"damage":0,"enemies":"2 Fungi Beasts","floor":5,"turns":3},{"damage":44,"enemies":"3 Sentries","floor":6,"turns":8},{"damage":7,"enemies":"3 Louse","floor":8,"turns":6},{"damage":0,"enemies":"Exordium Thugs","floor":14,"turns":5},{"damage":0,"enemies":"Hexaghost","floor":16,"turns":16},{"damage":1,"enemies":"Spheric Guardian","floor":18,"turns":11},{"damage":10,"enemies":"2 Thieves","floor":19,"turns":5},{"damage":20,"enemies":"Snake Plant","floor":20,"turns":9},{"damage":41,"enemies":"Shelled Parasite and Fungi","floor":22,"turns":17},{"damage":27,"enemies":"Slavers","floor":23,"turns":2}],"seed_played":"6831514128503287400","potions_obtained":[{"floor":1,"key":"Energy Potion"},{"floor":3,"key":"LiquidBronze"},{"floor":5,"key":"AttackPotion"},{"floor":8,"key":"FearPotion"},{"floor":14,"key":"SkillPotion"},{"floor":18,"key":"Dexterity Potion"},{"floor":22,"key":"Strength Potion"}],"is_trial":false,"path_per_floor":["M","M","M","M","M","E","R","M","T","?","$","R","?","M","R","B",null,"M","M","M","?","M","E"],"character_chosen":"IRONCLAD","items_purchased":["Armaments","Flame Barrier"],"campfire_rested":0,"item_purchase_floors":[11,11],"current_hp_per_floor":[72,72,62,54,60,32,32,31,31,20,20,20,20,26,26,32,82,85,81,70,54,22,0],"gold":309,"neow_bonus":"THREE_RARE_CARDS","is_prod":false,"is_daily":false,"chose_seed":false,"campfire_upgraded":3,"win_rate":0.0,"timestamp":1568369262,"path_taken":["M","M","M","M","M","E","R","M","T","?","$","R","?","M","R","BOSS","M","M","M","?","M","E"],"build_version":"2019-07-17","purchased_purges":1,"victory":false,"max_hp_per_floor":[72,72,72,72,72,82,82,82,82,82,82,82,82,82,82,82,82,85,85,88,88,91,91],"card_choices":[{"not_picked":["Fiend Fire","Juggernaut"],"picked":"Barricade","floor":0},{"not_picked":["Hemokinesis","Clash"],"picked":"Shrug It Off","floor":1},{"not_picked":["Anger","Warcry"],"picked":"Armaments","floor":2},{"not_picked":["Cleave","Clothesline"],"picked":"Thunderclap","floor":3},{"not_picked":["Inflame","Dual Wield"],"picked":"Body Slam","floor":4},{"not_picked":["Corruption","Clothesline"],"picked":"Bludgeon","floor":5},{"not_picked":["Clothesline","Power Through"],"picked":"Metallicize","floor":6},{"not_picked":["Flex","Perfected Strike"],"picked":"Feel No Pain","floor":8},{"not_picked":["Perfected Strike","Whirlwind"],"picked":"Rage","floor":14},{"not_picked":["Brutality","Barricade"],"picked":"Feed","floor":16},{"not_picked":["Iron Wave+1","Pummel"],"picked":"Warcry","floor":18},{"not_picked":["Sword Boomerang","Heavy Blade"],"picked":"Second Wind","floor":19},{"not_picked":["Battle Trance","Sever Soul"],"picked":"Pummel","floor":20},{"not_picked":["Combust","Pommel Strike"],"picked":"Iron Wave","floor":22}],"player_experience":13366,"relics_obtained":[{"floor":6,"key":"Pear"},{"floor":9,"key":"Letter Opener"},{"floor":21,"key":"Nilry\u0027s Codex"}],"event_choices":[{"damage_healed":0,"gold_gain":75,"player_choice":"Gather Gold","damage_taken":11,"max_hp_gain":0,"max_hp_loss":0,"event_name":"World of Goop","floor":10,"gold_loss":0},{"damage_healed":0,"gold_gain":69,"player_choice":"Gained Gold","damage_taken":0,"max_hp_gain":0,"max_hp_loss":0,"event_name":"Golden Wing","floor":13,"gold_loss":0},{"damage_healed":0,"gold_gain":0,"player_choice":"Obtained Book","damage_taken":16,"max_hp_gain":0,"max_hp_loss":0,"event_name":"Cursed Tome","floor":21,"gold_loss":0}],"is_beta":false,"boss_relics":[{"not_picked":["Coffee Dripper","Lizard Tail"],"picked":"Empty Cage"}],"items_purged_floors":[11],"is_endless":false,"potions_floor_spawned":[1,3,5,8,14,18,22],"killed_by":"Slavers","ascension_level":0}