{"gold_per_floor":[209,136,211,231,251,251,286,286,286,286,315,327,359,359,359,359],"floor_reached":16,"playtime":687,"items_purged":[],"score":130,"play_id":"b237bc4d-4bcc-437c-a22b-25e662818035","local_time":"20190428132617","is_ascension_mode":true,"campfire_choices":[{"data":"Anger","floor":6,"key":"SMITH"},{"data":"Bash","floor":8,"key":"SMITH"},{"data":"Seeing Red","floor":10,"key":"SMITH"},{"data":"Anger","floor":15,"key":"SMITH"}],"neow_cost":"NONE","seed_source_timestamp":384501549512897,"circlet_count":0,"master_deck":["Strike_R","Strike_R","Strike_R","Strike_R","Strike_R","Defend_R","Defend_R","Defend_R","Defend_R","Bash+1","Seeing Red+1","Cleave","Shrug It Off","Anger+1","Flame Barrier","Disarm","Anger+1"],"relics":["Burning Blood","Ginger","WingedGreaves","Bottled Lightning","Turnip"],"potions_floor_usage":[16,16],"damage_taken":[{"damage":13,"enemies":"Jaw Worm","floor":1,"turns":4},{"damage":11,"enemies":"Small Slimes","floor":4,"turns":4},{"damage":0,"enemies":"2 Louse","floor":5,"turns":2},{"damage":22,"enemies":"3 Sentries","floor":7,"turns":8},{"damage":6,"enemies":"Gremlin Nob","floor":11,"turns":4},{"damage":0,"enemies":"2 Fungi Beasts","floor":12,"turns":3},{"damage":40,"enemies":"3 Sentries","floor":13,"turns":8},{"damage":45,"enemies":"Hexaghost","floor":16,"turns":10}],"seed_played":"-6519034192181479915","potions_obtained":[{"floor":7,"key":"SteroidPotion"},{"floor":11,"key":"SkillPotion"},{"floor":12,"key":"Dexterity Potion"}],"is_trial":false,"path_per_floor":["M","$","?","M","M","R","E","R","T","R","E","M","E","?","R","B"],"character_chosen":"IRONCLAD","items_purchased":["Cleave","Shrug It Off"],"campfire_rested":0,"item_purchase_floors":[2,2],"current_hp_per_floor":[73,73,62,57,63,63,47,47,47,47,47,53,19,45,45,0],"gold":359,"neow_bonus":"HUNDRED_GOLD","is_prod":false,"is_daily":false,"chose_seed":false,"campfire_upgraded":4,"win_rate":0,"timestamp":1556475977,"path_taken":["M","$","?","M","M","R","E","R","T","R","E","M","E","?","R","BOSS"],"build_version":"2019-01-23","purchased_purges":0,"victory":false,"max_hp_per_floor":[80,80,80,80,80,80,80,80,80,80,80,80,80,80,80,80],"card_choices":[{"not_picked":["Havoc","Clothesline"],"picked":"Seeing Red","floor":1},{"not_picked":["Armaments","Perfected Strike"],"picked":"Anger","floor":4},{"not_picked":["Heavy Blade","True Grit"],"picked":"Flame Barrier","floor":5},{"not_picked":["Fire Breathing","Feel No Pain","Body Slam"],"picked":"SKIP","floor":7},{"not_picked":["Fire Breathing","Perfected Strike"],"picked":"Disarm","floor":11},{"not_picked":["Warcry","Perfected Strike","Clash"],"picked":"SKIP","floor":12},{"not_picked":["Evolve","Feed"],"picked":"Anger","floor":13}],"player_experience":102755,"relics_obtained":[{"floor":7,"key":"Ginger"},{"floor":9,"key":"WingedGreaves"},{"floor":11,"key":"Bottled Lightning"},{"floor":13,"key":"Turnip"}],"event_choices":[{"damage_healed":0,"gold_gain":75,"player_choice":"Gather Gold","damage_taken":11,"max_hp_gain":0,"max_hp_loss":0,"event_name":"World of Goop","floor":3,"gold_loss":0},{"damage_healed":26,"gold_gain":0,"player_choice":"Banana","damage_taken":0,"max_hp_gain":0,"max_hp_loss":0,"event_name":"Big Fish","floor":14,"gold_loss":0}],"is_beta":false,"boss_relics":[],"items_purged_floors":[],"is_endless":false,"potions_floor_spawned":[7,11,12],"killed_by":"Hexaghost","ascension_level":2}