{"gold_per_floor":[115,115,190,115,125,155,168,168,191,191,218,271,282,282,282,282],"floor_reached":16,"playtime":332,"items_purged":["Strike_B"],"score":146,"play_id":"81f6f1c9-3188-435b-afd4-fd804a413d88","local_time":"20190316125443","is_ascension_mode":true,"campfire_choices":[{"data":"Defragment","floor":8,"key":"SMITH"},{"floor":10,"key":"REST"},{"data":"Genetic Algorithm","floor":15,"key":"SMITH"}],"neow_cost":"NONE","seed_source_timestamp":1515996424523566,"circlet_count":0,"master_deck":["Strike_B","Strike_B+1","Strike_B","Defend_B","Defend_B","Defend_B","Defend_B","Zap","Dualcast","Defragment+1","Ball Lightning+1","Genetic Algorithm+1","Go for the Eyes"],"relics":["Cracked Core","NeowsBlessing","Omamori","Boot","Whetstone","Sundial","The Courier"],"potions_floor_usage":[11,16],"damage_taken":[{"damage":0,"enemies":"2 Louse","floor":1,"turns":1},{"damage":0,"enemies":"Small Slimes","floor":5,"turns":1},{"damage":0,"enemies":"Gremlin Nob","floor":6,"turns":1},{"damage":9,"enemies":"Jaw Worm","floor":7,"turns":5},{"damage":15,"enemies":"3 Sentries","floor":11,"turns":5},{"damage":13,"enemies":"Exordium Wildlife","floor":13,"turns":3},{"damage":26,"enemies":"Hexaghost","floor":16,"turns":7}],"seed_played":"-3881803531886274302","potions_obtained":[{"floor":6,"key":"SkillPotion"},{"floor":11,"key":"Explosive Potion"},{"floor":13,"key":"FearPotion"}],"is_trial":false,"path_per_floor":["M","?","?","$","M","E","M","R","T","R","E","?","M","T","R","B"],"character_chosen":"DEFECT","items_purchased":[],"campfire_rested":1,"item_purchase_floors":[],"current_hp_per_floor":[75,50,39,39,39,39,30,30,30,52,37,37,24,24,24,0],"gold":282,"neow_bonus":"THREE_ENEMY_KILL","is_prod":false,"is_daily":false,"chose_seed":false,"campfire_upgraded":2,"win_rate":0,"timestamp":1552758883,"path_taken":["M","?","?","$","M","E","M","R","T","R","E","?","?","?","R","BOSS"],"build_version":"2019-01-23","purchased_purges":1,"victory":false,"max_hp_per_floor":[75,75,75,75,75,75,75,75,75,75,75,75,75,75,75,75],"card_choices":[{"not_picked":["Steam","Streamline"],"picked":"Defragment","floor":1},{"not_picked":["Reinforced Body","Beam Cell","Rebound"],"picked":"SKIP","floor":5},{"not_picked":["Steam","Doom and Gloom","Force Field"],"picked":"SKIP","floor":6},{"not_picked":["Compile Driver","Rebound"],"picked":"Ball Lightning","floor":7},{"not_picked":["Heatsinks","Reinforced Body"],"picked":"Genetic Algorithm","floor":11},{"not_picked":["Hyperbeam","Steam","Go for the Eyes"],"picked":"SKIP","floor":13},{"not_picked":["Hyperbeam","Steam"],"picked":"Go for the Eyes","floor":13}],"player_experience":339553,"relics_obtained":[{"floor":6,"key":"Boot"},{"floor":9,"key":"Whetstone"},{"floor":11,"key":"Sundial"},{"floor":14,"key":"The Courier"}],"event_choices":[{"damage_healed":0,"gold_gain":0,"player_choice":"Success","damage_taken":25,"relics_obtained":["Omamori"],"max_hp_gain":0,"max_hp_loss":0,"event_name":"Scrap Ooze","floor":2,"gold_loss":0},{"damage_healed":0,"gold_gain":75,"player_choice":"Gather Gold","damage_taken":11,"max_hp_gain":0,"max_hp_loss":0,"event_name":"World of Goop","floor":3,"gold_loss":0},{"damage_healed":0,"gold_gain":53,"player_choice":"Gained Gold","damage_taken":0,"max_hp_gain":0,"max_hp_loss":0,"event_name":"Golden Wing","floor":12,"gold_loss":0}],"is_beta":false,"boss_relics":[],"items_purged_floors":[4],"is_endless":false,"potions_floor_spawned":[6,11,13],"killed_by":"Hexaghost","ascension_level":2}