{"gold_per_floor":[111,186,206,0,0,0,14,41,123,133,167,193,205,245,257,343,355,367],"floor_reached":18,"playtime":1569,"items_purged":[],"score":342,"play_id":"5ff644d3-101b-4fbe-b7cc-3c23b9b1b38b","local_time":"20190902145445","is_ascension_mode":true,"campfire_choices":[{"floor":6.0,"key":"REST"},{"data":"Genetic Algorithm","floor":13,"key":"SMITH"},{"data":"Defragment","floor":15,"key":"SMITH"}],"neow_cost":"NONE","seed_source_timestamp":1317503498061458,"circlet_count":0,"master_deck":["AscendersBane","Strike_B","Strike_B+1","Strike_B","Defend_B","Defend_B","Defend_B","Defend_B","Zap","Dualcast","Streamline+1","Melter","Self Repair","Chill","Defragment+1","Chill","Go for the Eyes","Undo","Genetic Algorithm+1","BootSequence","Echo Form"],"special_seed":0,"relics":["Cracked Core","PreservedInsect","Happy Flower","Whetstone","Kunai","MawBank","Anchor","Philosopher\u0027s Stone"],"potions_floor_usage":[11,14,16],"damage_taken":[{"damage":5.0,"enemies":"Small Slimes","floor":1.0,"turns":3.0},{"damage":1.0,"enemies":"Cultist","floor":3.0,"turns":3.0},{"damage":5.0,"enemies":"Jaw Worm","floor":7.0,"turns":2.0},{"damage":17.0,"enemies":"Lagavulin","floor":8.0,"turns":6.0},{"damage":0.0,"enemies":"2 Fungi Beasts","floor":10.0,"turns":4.0},{"damage":9,"enemies":"Gremlin Nob","floor":11,"turns":3},{"damage":10,"enemies":"Blue Slaver","floor":12,"turns":3},{"damage":6,"enemies":"3 Sentries","floor":14,"turns":6},{"damage":48,"enemies":"Slime Boss","floor":16,"turns":16},{"damage":43,"enemies":"3 Byrds","floor":18,"turns":5}],"seed_played":"2083850765474219367","potions_obtained":[{"floor":8.0,"key":"SkillPotion"},{"floor":11,"key":"LiquidBronze"},{"floor":12,"key":"Strength Potion"},{"floor":16,"key":"FearPotion"}],"is_trial":false,"path_per_floor":["M","?","M","$","?","R","M","E","T","M","E","M","R","E","R","B",null,"M"],"character_chosen":"DEFECT","items_purchased":["Happy Flower","Self Repair"],"campfire_rested":1,"item_purchase_floors":[4,4],"current_hp_per_floor":[59,48,47,47,47,68,63,53,53,60,51,48,48,49,49,8,55,12],"gold":367,"neow_bonus":"RANDOM_COMMON_RELIC","is_prod":false,"is_daily":false,"chose_seed":false,"campfire_upgraded":2,"win_rate":0,"timestamp":1567454085,"path_taken":["M","?","M","$","?","R","?","E","T","M","E","?","R","E","R","BOSS","M"],"build_version":"2019-07-17","purchased_purges":0,"victory":false,"max_hp_per_floor":[71,71,71,71,71,71,71,71,71,71,71,71,71,71,71,71,71,71],"card_choices":[{"not_picked":["Barrage","Hello World"],"picked":"Streamline","floor":1.0},{"not_picked":["Sweeping Beam","Barrage"],"picked":"Melter","floor":3.0},{"not_picked":["Streamline","Barrage"],"picked":"Defragment","floor":7.0},{"not_picked":["Rebound","Darkness"],"picked":"Chill","floor":8.0},{"not_picked":["Stack","Doom and Gloom"],"picked":"Go for the Eyes","floor":10.0},{"not_picked":["Gash","Compile Driver"],"picked":"Undo","floor":11},{"not_picked":["Go for the Eyes","Ball Lightning"],"picked":"Genetic Algorithm","floor":12},{"not_picked":["Compile Driver","Ball Lightning"],"picked":"BootSequence","floor":14},{"not_picked":["Hyperbeam","Multi-Cast"],"picked":"Echo Form","floor":16}],"player_experience":1051158,"relics_obtained":[{"floor":8.0,"key":"Whetstone"},{"floor":9.0,"key":"Kunai"},{"floor":11,"key":"MawBank"},{"floor":14,"key":"Anchor"}],"event_choices":[{"damage_healed":0.0,"max_hp_gain":0.0,"max_hp_loss":0.0,"gold_gain":75.0,"event_name":"World of Goop","player_choice":"Gather Gold","floor":2.0,"gold_loss":0.0,"damage_taken":11.0},{"damage_healed":0.0,"max_hp_gain":0.0,"max_hp_loss":0.0,"gold_gain":0.0,"cards_transformed":["Strike_B"],"event_name":"Transmorgrifier","player_choice":"Transformed","floor":5.0,"gold_loss":0.0,"damage_taken":0.0,"cards_obtained":["Chill"]}],"is_beta":false,"boss_relics":[{"not_picked":["Orrery","Runic Pyramid"],"picked":"Philosopher\u0027s Stone"}],"items_purged_floors":[],"is_endless":false,"potions_floor_spawned":[8,11,12,16],"killed_by":"3 Byrds","ascension_level":18}