{"gold_per_floor":[118,118,46,65,65,65,93,93,93,109,143,153,164,164,164,266,266,281,56,85,85,160,186,197,224,248,248,248,266,166,265,265,362,362,378,318,338,58,73,73,104,116,151,163,205,234,273,24,24,24,24,24,24,55,55],"floor_reached":55,"playtime":2784,"items_purged":["Strike_B","Writhe"],"score":996,"play_id":"1363c359-3e41-4c7c-a424-7cd646133d46","local_time":"20190915002252","is_ascension_mode":true,"campfire_choices":[{"data":"Coolheaded","floor":6.0,"key":"SMITH"},{"floor":8.0,"key":"RECALL"},{"data":"Hyperbeam","floor":15.0,"key":"SMITH"},{"data":"Meteor Strike","floor":27.0,"key":"SMITH"},{"data":"Machine Learning","floor":32.0,"key":"SMITH"},{"data":"All For One","floor":40.0,"key":"SMITH"},{"data":"Defend_B","floor":42.0,"key":"SMITH"},{"data":"Undo","floor":49.0,"key":"SMITH"},{"data":"Defend_B","floor":52,"key":"SMITH"}],"neow_cost":"NONE","seed_source_timestamp":406698894401325,"circlet_count":0,"master_deck":["Defend_B","Defend_B","Defend_B+1","Defend_B+1","Coolheaded+1","Hyperbeam+1","Meteor Strike+1","Meteor Strike+1","Leap+1","Creative AI","Double Energy","Genetic Algorithm","Machine Learning+1","All For One+1","Force Field+1","Undo+1","White Noise+1"],"special_seed":0,"relics":["Snecko Eye","Ginger","Bird Faced Urn","PreservedInsect","Runic Dome","Orichalcum","Red Mask","Thread and Needle","Dream Catcher","Boot","Happy Flower","Black Star","ClockworkSouvenir","Whetstone","MawBank","Potion Belt","Lantern","Juzu Bracelet","Centennial Puzzle","Omamori","Mummified Hand","FossilizedHelix","Art of War"],"potions_floor_usage":[54,55,55,55],"damage_taken":[{"damage":1.0,"enemies":"Jaw Worm","floor":1.0,"turns":3.0},{"damage":0.0,"enemies":"2 Louse","floor":4.0,"turns":1.0},{"damage":0.0,"enemies":"Gremlin Nob","floor":7.0,"turns":2.0},{"damage":0.0,"enemies":"Small Slimes","floor":10.0,"turns":1.0},{"damage":9.0,"enemies":"3 Sentries","floor":11.0,"turns":3.0},{"damage":0.0,"enemies":"Exordium Thugs","floor":12.0,"turns":2.0},{"damage":2.0,"enemies":"Blue Slaver","floor":13.0,"turns":2.0},{"damage":12.0,"enemies":"Hexaghost","floor":16.0,"turns":5.0},{"damage":0.0,"enemies":"Shell Parasite","floor":18.0,"turns":2.0},{"damage":0.0,"enemies":"Masked Bandits","floor":20.0,"turns":1.0},{"damage":0.0,"enemies":"Gremlin Leader","floor":23.0,"turns":3.0},{"damage":0.0,"enemies":"Spheric Guardian","floor":24.0,"turns":2.0},{"damage":6.0,"enemies":"Slavers","floor":25.0,"turns":2.0},{"damage":0.0,"enemies":"Centurion and Healer","floor":29.0,"turns":3.0},{"damage":0.0,"enemies":"Automaton","floor":33.0,"turns":6.0},{"damage":0.0,"enemies":"3 Darklings","floor":35.0,"turns":3.0},{"damage":0.0,"enemies":"Orb Walker","floor":37.0,"turns":2.0},{"damage":0.0,"enemies":"Spire Growth","floor":39.0,"turns":3.0},{"damage":0.0,"enemies":"Nemesis","floor":41.0,"turns":3.0},{"damage":0.0,"enemies":"Reptomancer","floor":45.0,"turns":2.0},{"damage":0.0,"enemies":"Writhing Mass","floor":46.0,"turns":2.0},{"damage":0.0,"enemies":"Giant Head","floor":47.0,"turns":4.0},{"damage":31,"enemies":"Time Eater","floor":50,"turns":8},{"damage":0,"enemies":"Shield and Spear","floor":54,"turns":5},{"damage":88,"enemies":"The Heart","floor":55,"turns":6}],"seed_played":"1435490144956885671","potions_obtained":[{"floor":4.0,"key":"Weak Potion"},{"floor":10.0,"key":"Ancient Potion"},{"floor":12.0,"key":"Poison Potion"},{"floor":13.0,"key":"EssenceOfSteel"},{"floor":18.0,"key":"AttackPotion"},{"floor":23.0,"key":"LiquidBronze"},{"floor":25.0,"key":"LiquidBronze"},{"floor":37.0,"key":"FearPotion"},{"floor":41.0,"key":"Fire Potion"},{"floor":45.0,"key":"FearPotion"},{"floor":46.0,"key":"SteroidPotion"},{"floor":54,"key":"Dexterity Potion"}],"is_trial":false,"path_per_floor":["M","?","$","M","?","R","E","R","T","M","E","M","M","?","R","B",null,"M","$","?","?","?","E","M","E","T","R","?","M","$","?","R","B",null,"M","?","M","$","M","R","E","R","T","?","E","M","E","$","R","B",null,"R","$","E","B"],"character_chosen":"DEFECT","items_purchased":["Hyperbeam","Orichalcum","ClockworkSouvenir","LiquidBronze","Mummified Hand"],"campfire_rested":0,"item_purchase_floors":[3,19,38,38,48],"current_hp_per_floor":[74,79,79,79,72,72,72,72,72,72,63,63,61,61,61,49,80,80,80,80,80,72,72,74,68,68,68,68,76,76,76,76,80,80,80,80,80,80,80,80,80,80,80,80,80,80,80,80,80,55,80,80,80,80,0],"gold":55,"neow_bonus":"BOSS_RELIC","is_prod":false,"is_daily":false,"chose_seed":false,"campfire_upgraded":8,"win_rate":0,"timestamp":1568524972,"path_taken":["M","?","$","M","?","R","E","R","T","M","E","M","M","?","R","BOSS","M","$","?","?","?","E","?","E","T","R","?","M","$","?","R","BOSS","M","?","?","$","M","R","E","R","T","?","E","M","E","$","R","BOSS","R","$","E","BOSS"],"build_version":"2019-07-17","purchased_purges":2,"victory":false,"max_hp_per_floor":[75,80,80,80,80,80,80,80,80,80,80,80,80,80,80,80,80,80,80,80,80,80,80,80,80,80,80,80,80,80,80,80,80,80,80,80,80,80,80,80,80,80,80,80,80,80,80,80,80,80,80,80,80,80,80],"card_choices":[{"not_picked":["Leap","Gash"],"picked":"Coolheaded","floor":1.0},{"not_picked":["Chaos","Sweeping Beam","Turbo"],"picked":"SKIP","floor":4.0},{"not_picked":["Beam Cell","Go for the Eyes","Rebound"],"picked":"SKIP","floor":7.0},{"not_picked":["FTL","Consume"],"picked":"Meteor Strike","floor":10.0},{"not_picked":["Turbo","Beam Cell","Go for the Eyes"],"picked":"SKIP","floor":11.0},{"not_picked":["Steam","Conserve Battery","Barrage"],"picked":"SKIP","floor":12.0},{"not_picked":["Turbo","Blizzard","Tempest"],"picked":"SKIP","floor":13.0},{"not_picked":["Thunder Strike","Machine Learning"],"picked":"Meteor Strike","floor":16.0},{"not_picked":["Gash","Stack","Conserve Battery"],"picked":"SKIP","floor":18.0},{"not_picked":["Barrage","Cold Snap"],"picked":"Leap+1","floor":20.0},{"not_picked":["Lockon+1","Tempest"],"picked":"Creative AI","floor":23.0},{"not_picked":["Darkness","Chill+1","Coolheaded+1"],"picked":"SKIP","floor":24.0},{"not_picked":["Turbo","Blizzard"],"picked":"Double Energy","floor":25.0},{"not_picked":["Stack","Barrage","BootSequence"],"picked":"SKIP","floor":29.0},{"not_picked":["Core Surge","Buffer"],"picked":"All For One","floor":33.0},{"not_picked":["BootSequence","Compile Driver+1"],"picked":"Force Field+1","floor":35.0},{"not_picked":["Beam Cell","Redo","Streamline"],"picked":"SKIP","floor":37.0},{"not_picked":["Tempest","Leap","Reprogram+1"],"picked":"SKIP","floor":39.0},{"not_picked":["Heatsinks","Chaos+1","Doom and Gloom+1"],"picked":"SKIP","floor":41.0},{"not_picked":["Defragment+1","Stack+1","Electrodynamics"],"picked":"SKIP","floor":45.0},{"not_picked":["Chill","Glacier","Redo+1"],"picked":"SKIP","floor":46.0},{"not_picked":["Darkness+1","Blizzard+1"],"picked":"Undo","floor":47.0},{"not_picked":["Darkness","Rebound"],"picked":"White Noise+1","floor":54}],"player_experience":1262889,"relics_obtained":[{"floor":7.0,"key":"Bird Faced Urn"},{"floor":11.0,"key":"PreservedInsect"},{"floor":20.0,"key":"Red Mask"},{"floor":23.0,"key":"Dream Catcher"},{"floor":25.0,"key":"Boot"},{"floor":26.0,"key":"Happy Flower"},{"floor":41.0,"key":"Whetstone"},{"floor":41.0,"key":"MawBank"},{"floor":43.0,"key":"Potion Belt"},{"floor":45.0,"key":"Lantern"},{"floor":45.0,"key":"Juzu Bracelet"},{"floor":47.0,"key":"Centennial Puzzle"},{"floor":47.0,"key":"Omamori"},{"floor":54,"key":"FossilizedHelix"},{"floor":54,"key":"Art of War"}],"event_choices":[{"damage_healed":0.0,"max_hp_gain":5.0,"max_hp_loss":0.0,"gold_gain":0.0,"event_name":"Big Fish","player_choice":"Donut","floor":2.0,"gold_loss":0.0,"damage_taken":0.0},{"damage_healed":0.0,"max_hp_gain":0.0,"max_hp_loss":0.0,"gold_gain":0.0,"event_name":"Scrap Ooze","player_choice":"Success","floor":5.0,"gold_loss":0.0,"damage_taken":7.0,"relics_obtained":["Ginger"]},{"cards_removed":["Zap"],"damage_healed":0.0,"max_hp_gain":0.0,"max_hp_loss":0.0,"gold_gain":0.0,"event_name":"Purifier","player_choice":"Purged","floor":14.0,"gold_loss":0.0,"damage_taken":0.0},{"damage_healed":0.0,"max_hp_gain":0.0,"max_hp_loss":0.0,"gold_gain":0.0,"event_name":"Masked Bandits","player_choice":"Fought Bandits","floor":20.0,"gold_loss":0.0,"damage_taken":0.0},{"damage_healed":0.0,"max_hp_gain":0.0,"max_hp_loss":0.0,"gold_gain":0.0,"event_name":"The Mausoleum","player_choice":"Opened","floor":21.0,"gold_loss":0.0,"damage_taken":0.0,"relics_obtained":["Thread and Needle"],"cards_obtained":["Writhe"]},{"damage_healed":0.0,"max_hp_gain":0.0,"max_hp_loss":0.0,"gold_gain":75.0,"event_name":"FaceTrader","player_choice":"Touch","floor":22.0,"gold_loss":0.0,"damage_taken":8.0},{"damage_healed":0.0,"max_hp_gain":0.0,"max_hp_loss":0.0,"gold_gain":0.0,"cards_transformed":["Strike_B","Strike_B"],"event_name":"Drug Dealer","player_choice":"Became Test Subject","floor":28.0,"gold_loss":0.0,"damage_taken":0.0,"cards_obtained":["Genetic Algorithm","Machine Learning"]},{"damage_healed":0.0,"max_hp_gain":0.0,"max_hp_loss":0.0,"gold_gain":99.0,"event_name":"Nest","player_choice":"Stole From Cult","floor":31.0,"gold_loss":0.0,"damage_taken":0.0},{"cards_removed":["Strike_B"],"damage_healed":0.0,"max_hp_gain":0.0,"max_hp_loss":0.0,"gold_gain":0.0,"event_name":"Designer","player_choice":"Single Remove","floor":36.0,"gold_loss":60.0,"damage_taken":0.0},{"cards_removed":["Dualcast"],"damage_healed":0.0,"max_hp_gain":0.0,"max_hp_loss":0.0,"gold_gain":0.0,"event_name":"Falling","player_choice":"Removed Skill","floor":44.0,"gold_loss":0.0,"damage_taken":0.0}],"is_beta":false,"boss_relics":[{"not_picked":["Pandora\u0027s Box","Ectoplasm"],"picked":"Runic Dome"},{"not_picked":["Calling Bell","Runic Pyramid"],"picked":"Black Star"}],"items_purged_floors":[19,30],"is_endless":false,"potions_floor_spawned":[4,10,12,13,18,23,25,37,41,45,46,54],"killed_by":"The Heart","ascension_level":1}