{"gold_per_floor":[110,73,84,100,275,275,287,287,287,305,305,25,25,40,40,145,145,113,38,38,113,123,123,142,162,162,162,162,162,162,174,174,174],"floor_reached":33,"playtime":1201,"items_purged":["Strike_B"],"score":237,"play_id":"2d5a6243-1731-47fb-8a76-b00f21b84d81","local_time":"20190417223124","is_ascension_mode":false,"campfire_choices":[{"data":"Loop","floor":6,"key":"SMITH"},{"data":"Zap","floor":8,"key":"SMITH"},{"data":"Coolheaded","floor":15,"key":"SMITH"},{"data":"Dualcast","floor":23,"key":"SMITH"},{"data":"Conserve Battery","floor":28,"key":"SMITH"},{"floor":32,"key":"REST"}],"neow_cost":"NONE","seed_source_timestamp":76243561378784,"circlet_count":0,"master_deck":["Strike_B","Strike_B","Strike_B","Defend_B","Defend_B","Defend_B","Defend_B","Zap+1","Dualcast+1","Rebound","Loop+1","FTL","Melter","Doubt","Conserve Battery+1","Coolheaded+1","Capacitor+1","Go for the Eyes","Leap","Loop+1","Coolheaded+1","Ball Lightning+1","Writhe","Ball Lightning+1"],"relics":["FrozenCore","NeowsBlessing","Meat on the Bone","Thread and Needle","Lantern","Unceasing Top","WingedGreaves","Vajra"],"potions_floor_usage":[16,16,16],"damage_taken":[{"damage":0,"enemies":"Cultist","floor":1,"turns":1},{"damage":0,"enemies":"Small Slimes","floor":3,"turns":1},{"damage":0,"enemies":"Jaw Worm","floor":4,"turns":1},{"damage":10,"enemies":"Looter","floor":7,"turns":3},{"damage":11,"enemies":"Red Slaver","floor":10,"turns":3},{"damage":0,"enemies":"Exordium Wildlife","floor":14,"turns":2},{"damage":37,"enemies":"Hexaghost","floor":16,"turns":13},{"damage":26,"enemies":"2 Thieves","floor":18,"turns":5},{"damage":5,"enemies":"Shell Parasite","floor":22,"turns":7},{"damage":1,"enemies":"Snecko","floor":24,"turns":7},{"damage":6,"enemies":"Shelled Parasite and Fungi","floor":25,"turns":9},{"damage":4,"enemies":"Centurion and Healer","floor":31,"turns":9},{"damage":69,"enemies":"Collector","floor":33,"turns":7}],"seed_played":"-4032373686989910736","potions_obtained":[{"floor":3,"key":"Explosive Potion"},{"floor":10,"key":"SpeedPotion"},{"floor":14,"key":"SpeedPotion"},{"floor":16,"key":"Block Potion"},{"floor":18,"key":"Swift Potion"},{"floor":25,"key":"FocusPotion"}],"is_trial":false,"path_per_floor":["M","$","M","M","?","R","M","R","T","M","?","$","?","M","R","B",null,"M","$","$","?","M","R","M","M","T","?","R","$","?","M","R","B"],"character_chosen":"DEFECT","items_purchased":["Loop","Capacitor","Lantern","Go for the Eyes"],"campfire_rested":1,"item_purchase_floors":[2,12,12,12],"current_hp_per_floor":[75,75,75,75,75,75,65,65,65,54,36,36,36,48,48,23,75,49,49,49,42,49,49,48,42,42,42,42,42,42,38,60,0],"gold":174,"neow_bonus":"THREE_ENEMY_KILL","is_prod":false,"is_daily":false,"chose_seed":false,"campfire_upgraded":5,"win_rate":0.0,"timestamp":1555558284,"path_taken":["M","$","?","M","?","R","M","R","T","M","?","?","?","M","R","BOSS","M","?","$","?","M","R","M","?","T","?","R","$","?","?","R","BOSS"],"build_version":"2019-01-23","purchased_purges":1,"victory":false,"max_hp_per_floor":[75,75,75,75,75,75,75,75,75,75,75,75,75,75,75,75,75,75,75,75,75,75,75,75,75,75,75,75,75,75,75,75,75],"card_choices":[{"not_picked":["Barrage","Genetic Algorithm"],"picked":"Rebound","floor":1},{"not_picked":["Go for the Eyes","Rebound"],"picked":"FTL","floor":3},{"not_picked":["Compile Driver","Leap"],"picked":"Melter","floor":4},{"not_picked":["Heatsinks","Auto Shields"],"picked":"Conserve Battery","floor":7},{"not_picked":["Genetic Algorithm","Leap"],"picked":"Coolheaded","floor":10},{"not_picked":["Steam","Barrage"],"picked":"Leap","floor":14},{"not_picked":["Storm","Leap"],"picked":"Loop+1","floor":18},{"not_picked":["Compile Driver","Skim"],"picked":"Coolheaded+1","floor":22},{"not_picked":["Go for the Eyes","Reprogram"],"picked":"Ball Lightning+1","floor":24},{"not_picked":["Rebound","Heatsinks+1","Hologram"],"picked":"SKIP","floor":25},{"not_picked":["Steam","Coolheaded"],"picked":"Ball Lightning+1","floor":31}],"player_experience":58285,"relics_obtained":[{"floor":9,"key":"Meat on the Bone"},{"floor":26,"key":"Unceasing Top"}],"event_choices":[{"damage_healed":0,"gold_gain":175,"player_choice":"AGREE","damage_taken":0,"max_hp_gain":0,"max_hp_loss":0,"event_name":"Liars Game","floor":5,"gold_loss":0,"cards_obtained":["Doubt"]},{"damage_healed":0,"gold_gain":0,"player_choice":"Success","damage_taken":18,"relics_obtained":["Thread and Needle"],"max_hp_gain":0,"max_hp_loss":0,"event_name":"Scrap Ooze","floor":11,"gold_loss":0},{"damage_healed":0,"gold_gain":0,"player_choice":"Upgraded","damage_taken":0,"max_hp_gain":0,"max_hp_loss":0,"event_name":"Upgrade Shrine","floor":13,"gold_loss":0,"cards_upgraded":["Capacitor"]},{"damage_healed":0,"gold_gain":75,"player_choice":"Touch","damage_taken":7,"max_hp_gain":0,"max_hp_loss":0,"event_name":"FaceTrader","floor":21,"gold_loss":0},{"damage_healed":0,"gold_gain":0,"player_choice":"Opened","damage_taken":0,"relics_obtained":["WingedGreaves"],"max_hp_gain":0,"max_hp_loss":0,"event_name":"The Mausoleum","floor":27,"gold_loss":0,"cards_obtained":["Writhe"]},{"damage_healed":0,"gold_gain":0,"player_choice":"Gave Potion","damage_taken":0,"relics_obtained":["Vajra"],"max_hp_gain":0,"max_hp_loss":0,"event_name":"WeMeetAgain","floor":30,"gold_loss":0}],"is_beta":false,"boss_relics":[{"not_picked":["Busted Crown","Runic Pyramid"],"picked":"FrozenCore"}],"items_purged_floors":[19],"is_endless":false,"potions_floor_spawned":[3,10,14,16,18,25],"killed_by":"Collector","ascension_level":0}