{"gold_per_floor":[114,114,132,132,150,150,150,150,150,150,183,183,212,225,225,320,320,292,19,19,29,29,29,29,29,29,49,66,92,110,209,209,312,312,330,258,258,258,277,277,277,127,127,127,139,139,139],"floor_reached":47,"playtime":1867,"items_purged":["Doubt"],"score":576,"play_id":"8e47196d-7561-4e8a-a69b-87caedd3e734","local_time":"20190906215043","is_ascension_mode":true,"campfire_choices":[{"data":"Defragment","floor":6,"key":"SMITH"},{"data":"Zap","floor":8,"key":"SMITH"},{"floor":15,"key":"REST"},{"data":"Creative AI","floor":23,"key":"SMITH"},{"floor":32,"key":"REST"},{"data":"Defragment","floor":40,"key":"SMITH"},{"data":"Loop","floor":44,"key":"SMITH"},{"floor":46,"key":"RECALL"}],"neow_cost":"NONE","seed_source_timestamp":548785957941200,"circlet_count":0,"master_deck":["Defend_B","Defend_B","Defend_B","Defend_B","Zap+1","Dualcast","Cold Snap","Cold Snap","Defragment+1","Go for the Eyes","Go for the Eyes","Leap","Creative AI+1","Coolheaded","Loop+1","Defragment+1","Glacier","Coolheaded","Echo Form","Heatsinks+1","Creative AI+1","Auto Shields+1","Defragment+1","Apotheosis","Capacitor","Parasite"],"relics":["Cracked Core","Mummified Hand","Emotion Chip","Torii","Cursed Key","DollysMirror","Singing Bowl","Pocketwatch","Astrolabe"],"potions_floor_usage":[28,33,33,45],"damage_taken":[{"damage":9,"enemies":"2 Louse","floor":1,"turns":2},{"damage":2,"enemies":"Cultist","floor":3,"turns":3},{"damage":5,"enemies":"Jaw Worm","floor":5,"turns":3},{"damage":20,"enemies":"Lagavulin","floor":11,"turns":6},{"damage":18,"enemies":"Gremlin Nob","floor":13,"turns":5},{"damage":1,"enemies":"Blue Slaver","floor":14,"turns":2},{"damage":23,"enemies":"The Guardian","floor":16,"turns":17},{"damage":26,"enemies":"2 Thieves","floor":18,"turns":5},{"damage":1,"enemies":"Spheric Guardian","floor":21,"turns":4},{"damage":0,"enemies":"Snecko","floor":27,"turns":7},{"damage":1,"enemies":"3 Cultists","floor":28,"turns":10},{"damage":19,"enemies":"Slavers","floor":29,"turns":14},{"damage":6,"enemies":"Shelled Parasite and Fungi","floor":30,"turns":9},{"damage":0,"enemies":"Champ","floor":33,"turns":19},{"damage":0,"enemies":"Orb Walker","floor":35,"turns":6},{"damage":37,"enemies":"3 Shapes","floor":39,"turns":5},{"damage":0,"enemies":"Maw","floor":45,"turns":8},{"damage":71,"enemies":"Reptomancer","floor":47,"turns":2}],"seed_played":"-1800253577166749529","potions_obtained":[{"floor":13,"key":"SneckoOil"},{"floor":14,"key":"Block Potion"},{"floor":16,"key":"LiquidBronze"},{"floor":21,"key":"Energy Potion"},{"floor":29,"key":"Energy Potion"},{"floor":39,"key":"LiquidBronze"}],"is_trial":false,"path_per_floor":["M","$","M","?","M","R","$","R","T","$","E","$","E","M","R","B",null,"M","$","?","M","?","R","?","$","T","M","M","E","M","?","R","B",null,"M","$","?","?","M","R","?","$","T","R","M","R","E"],"character_chosen":"DEFECT","items_purchased":["Loop","DollysMirror","Defragment","Capacitor"],"campfire_rested":2,"item_purchase_floors":[19,19,36,42],"current_hp_per_floor":[66,66,64,64,59,59,59,59,59,59,39,39,21,20,42,19,75,49,49,49,48,34,34,34,34,34,34,35,18,14,14,39,39,86,88,88,88,84,49,49,49,49,49,49,51,51,0],"gold":139,"neow_bonus":"THREE_CARDS","is_prod":false,"is_daily":false,"chose_seed":false,"campfire_upgraded":5,"win_rate":0,"timestamp":1567824643,"path_taken":["M","$","M","?","?","R","$","R","T","?","E","$","E","M","R","BOSS","M","$","?","M","?","R","?","?","T","M","M","E","?","?","R","BOSS","M","$","?","?","M","R","?","?","T","R","M","R","E"],"build_version":"2019-07-17","purchased_purges":1,"victory":false,"max_hp_per_floor":[75,75,75,75,75,75,75,75,75,75,75,75,75,75,75,75,75,75,75,75,75,80,80,80,80,80,80,82,84,86,86,86,86,86,88,88,88,84,86,86,86,86,86,86,88,88,88],"card_choices":[{"not_picked":["Barrage","Sweeping Beam"],"picked":"Cold Snap","floor":0},{"not_picked":["Ball Lightning","Sweeping Beam"],"picked":"Cold Snap","floor":1},{"not_picked":["Beam Cell","Turbo"],"picked":"Defragment","floor":3},{"not_picked":["Reprogram","Stack"],"picked":"Go for the Eyes","floor":5},{"not_picked":["Steam","Ball Lightning"],"picked":"Go for the Eyes","floor":11},{"not_picked":["Turbo","Compile Driver"],"picked":"Leap","floor":13},{"not_picked":["Chill","FTL","Heatsinks"],"picked":"SKIP","floor":14},{"not_picked":["Hyperbeam","Biased Cognition"],"picked":"Creative AI","floor":16},{"not_picked":["Storm","Chill+1"],"picked":"Coolheaded","floor":18},{"not_picked":["Turbo","Barrage","Go for the Eyes"],"picked":"SKIP","floor":21},{"not_picked":["Conserve Battery","Stack+1"],"picked":"Coolheaded","floor":27},{"not_picked":["Steam","Tempest+1","Turbo"],"picked":"Singing Bowl","floor":28},{"not_picked":["Genetic Algorithm","Go for the Eyes+1","Rebound"],"picked":"Singing Bowl","floor":29},{"not_picked":["Steam+1","Compile Driver","Static Discharge"],"picked":"Singing Bowl","floor":30},{"not_picked":["Machine Learning","Meteor Strike"],"picked":"Echo Form","floor":33},{"not_picked":["Compile Driver","Rebound","Rip and Tear"],"picked":"Singing Bowl","floor":35},{"not_picked":["Melter+1","Conserve Battery","Recycle"],"picked":"Singing Bowl","floor":39},{"not_picked":["Swift Strike","Purity"],"picked":"Apotheosis","floor":41},{"not_picked":["Recycle","Reprogram+1","Hologram+1"],"picked":"Singing Bowl","floor":45}],"player_experience":158138,"relics_obtained":[{"floor":9,"key":"Mummified Hand"},{"floor":11,"key":"Emotion Chip"},{"floor":13,"key":"Torii"},{"floor":26,"key":"Singing Bowl"},{"floor":29,"key":"Pocketwatch"}],"event_choices":[{"damage_healed":0,"gold_gain":0,"player_choice":"Bought 0 Potions","damage_taken":0,"max_hp_gain":0,"max_hp_loss":0,"event_name":"The Woman in Blue","floor":4,"gold_loss":0},{"damage_healed":0,"gold_gain":0,"player_choice":"Read","damage_taken":0,"max_hp_gain":0,"max_hp_loss":0,"event_name":"The Library","floor":20,"gold_loss":0,"cards_obtained":["Glacier"]},{"damage_healed":0,"gold_gain":0,"player_choice":"Shed Blood","damage_taken":19,"max_hp_gain":5,"max_hp_loss":0,"event_name":"Forgotten Altar","floor":22,"gold_loss":0},{"damage_healed":0,"gold_gain":0,"player_choice":"Ignored","damage_taken":0,"max_hp_gain":0,"max_hp_loss":0,"event_name":"Ghosts","floor":24,"gold_loss":0},{"damage_healed":0,"gold_gain":99,"player_choice":"Stole From Cult","damage_taken":0,"max_hp_gain":0,"max_hp_loss":0,"event_name":"Nest","floor":31,"gold_loss":0},{"cards_removed":["Strike_B"],"damage_healed":0,"gold_gain":0,"player_choice":"Removed Attack","damage_taken":0,"max_hp_gain":0,"max_hp_loss":0,"event_name":"Falling","floor":37,"gold_loss":0},{"damage_healed":0,"gold_gain":0,"player_choice":"Max HP","damage_taken":0,"max_hp_gain":0,"max_hp_loss":4,"event_name":"Winding Halls","floor":38,"gold_loss":0},{"damage_healed":0,"gold_gain":0,"player_choice":"Memory 1","damage_taken":0,"max_hp_gain":0,"max_hp_loss":0,"event_name":"SensoryStone","floor":41,"gold_loss":0}],"is_beta":false,"boss_relics":[{"not_picked":["Coffee Dripper","Tiny House"],"picked":"Cursed Key"},{"not_picked":["Orrery","Black Star"],"picked":"Astrolabe"}],"items_purged_floors":[42],"is_endless":false,"potions_floor_spawned":[13,14,16,21,29,30,39],"killed_by":"Reptomancer","ascension_level":2}