{"gold_per_floor":[119,119,133,133,21,56,56,106,183,203,203,203,213,227,227,301,301,254,179,179,22,22,22,22],"floor_reached":24,"playtime":988,"items_purged":["Regret"],"score":412,"play_id":"c2f27bcf-c7ff-4cb0-a088-ef7e4ac0a5e9","local_time":"20190903140624","is_ascension_mode":true,"campfire_choices":[{"data":"Genetic Algorithm","floor":7.0,"key":"SMITH"},{"data":"Dualcast","floor":11.0,"key":"SMITH"},{"data":"Coolheaded","floor":15.0,"key":"SMITH"},{"data":"Go for the Eyes","floor":23,"key":"SMITH"}],"neow_cost":"NONE","seed_source_timestamp":1354698935275033,"circlet_count":0,"master_deck":["AscendersBane","Strike_B","Strike_B","Defend_B","Zap","Dualcast+1","Self Repair","Genetic Algorithm+1","FTL","Self Repair","Coolheaded+1","Machine Learning","Melter","Cold Snap","Conserve Battery","Go for the Eyes+1","FTL","Conserve Battery"],"special_seed":0,"relics":["Cracked Core","NeowsBlessing","Centennial Puzzle","Pear","The Courier","Runic Pyramid","Boot"],"potions_floor_usage":[18,18],"damage_taken":[{"damage":0.0,"enemies":"Jaw Worm","floor":1.0,"turns":1.0},{"damage":0.0,"enemies":"Cultist","floor":3.0,"turns":1.0},{"damage":0.0,"enemies":"Gremlin Nob","floor":6.0,"turns":1.0},{"damage":3.0,"enemies":"2 Louse","floor":10.0,"turns":4.0},{"damage":3.0,"enemies":"Looter","floor":13.0,"turns":4.0},{"damage":0.0,"enemies":"Gremlin Gang","floor":14.0,"turns":1.0},{"damage":8.0,"enemies":"The Guardian","floor":16.0,"turns":11.0},{"damage":25,"enemies":"2 Thieves","floor":18,"turns":5},{"damage":62,"enemies":"Slavers","floor":24,"turns":5}],"seed_played":"7719374407718866841","potions_obtained":[{"floor":1.0,"key":"GamblersBrew"},{"floor":10.0,"key":"AttackPotion"},{"floor":14.0,"key":"FocusPotion"},{"floor":16.0,"key":"SkillPotion"}],"is_trial":false,"path_per_floor":["M","?","M","?","$","E","R","?","T","M","R","?","M","M","R","B",null,"M","?","?","$","T","R","E"],"character_chosen":"DEFECT","items_purchased":["FTL","Conserve Battery","Go for the Eyes","FTL","Conserve Battery"],"campfire_rested":0,"item_purchase_floors":[5,21,21,21,21],"current_hp_per_floor":[64,64,64,64,64,74,74,66,66,77,77,77,81,81,81,81,81,56,56,56,56,56,56,0],"gold":22,"neow_bonus":"THREE_ENEMY_KILL","is_prod":false,"is_daily":false,"chose_seed":false,"campfire_upgraded":4,"win_rate":0,"timestamp":1567537584,"path_taken":["M","?","?","?","$","E","R","?","T","?","R","?","M","M","R","BOSS","M","?","?","$","?","R","E"],"build_version":"2019-07-17","purchased_purges":1,"victory":false,"max_hp_per_floor":[71,71,71,71,71,81,81,81,81,81,81,81,81,81,81,81,81,81,81,81,81,81,81,81],"card_choices":[{"not_picked":["Static Discharge","Force Field"],"picked":"Self Repair","floor":1.0},{"not_picked":["Hologram","Cold Snap"],"picked":"Genetic Algorithm","floor":3.0},{"not_picked":["Reboot","Ball Lightning"],"picked":"Self Repair","floor":6.0},{"not_picked":["Barrage","Stack","Steam Power"],"picked":"SKIP","floor":10.0},{"not_picked":["Skim","Stack"],"picked":"Coolheaded","floor":13.0},{"not_picked":["Force Field","Doom and Gloom","Turbo"],"picked":"SKIP","floor":14.0},{"not_picked":["Echo Form","Biased Cognition"],"picked":"Machine Learning","floor":16.0},{"not_picked":["Undo","Beam Cell","Doom and Gloom"],"picked":"SKIP","floor":18}],"player_experience":1067937,"relics_obtained":[{"floor":6.0,"key":"Pear"},{"floor":9.0,"key":"The Courier"},{"floor":22,"key":"Boot"}],"event_choices":[{"cards_removed":["Strike_B"],"damage_healed":0.0,"max_hp_gain":0.0,"max_hp_loss":0.0,"gold_gain":0.0,"event_name":"Purifier","player_choice":"Purged","floor":2.0,"gold_loss":0.0,"damage_taken":0.0},{"damage_healed":0.0,"max_hp_gain":0.0,"max_hp_loss":0.0,"gold_gain":0.0,"event_name":"Big Fish","player_choice":"Box","floor":4.0,"gold_loss":0.0,"damage_taken":0.0,"relics_obtained":["Centennial Puzzle"],"cards_obtained":["Regret"]},{"damage_healed":0.0,"max_hp_gain":0.0,"max_hp_loss":0.0,"gold_gain":50.0,"event_name":"FaceTrader","player_choice":"Touch","floor":8.0,"gold_loss":0.0,"damage_taken":8.0},{"cards_removed":["Strike_B"],"damage_healed":0.0,"max_hp_gain":0.0,"max_hp_loss":0.0,"gold_gain":0.0,"event_name":"Living Wall","player_choice":"Forget","floor":12.0,"gold_loss":0.0,"damage_taken":0.0},{"cards_removed":["Defend_B"],"damage_healed":0,"gold_gain":0,"player_choice":"Gave Gold","damage_taken":0,"max_hp_gain":0,"max_hp_loss":0,"event_name":"Beggar","floor":19,"gold_loss":75},{"damage_healed":0,"gold_gain":0,"cards_transformed":["Defend_B","Defend_B"],"player_choice":"Became Test Subject","damage_taken":0,"max_hp_gain":0,"max_hp_loss":0,"event_name":"Drug Dealer","floor":20,"gold_loss":0,"cards_obtained":["Melter","Cold Snap"]}],"is_beta":false,"boss_relics":[{"not_picked":["FrozenCore","Calling Bell"],"picked":"Runic Pyramid"}],"items_purged_floors":[5],"is_endless":false,"potions_floor_spawned":[1,10,14,16],"killed_by":"Slavers","ascension_level":18}