{"gold_per_floor":[11,11,11,11,161,161,86,107,156,197,197,197,210,60,60,60],"floor_reached":16,"playtime":403,"items_purged":["Doubt","Strike_R"],"score":192,"play_id":"6d829b4d-3ee4-4eae-ad57-17cb94b60cf3","local_time":"20190918153447","is_ascension_mode":true,"campfire_choices":[{"data":"Armaments","floor":6,"key":"SMITH"},{"floor":12,"key":"REST"},{"data":"Bash","floor":15,"key":"SMITH"}],"neow_cost":"NO_GOLD","seed_source_timestamp":580173851317188,"circlet_count":0,"master_deck":["AscendersBane","Strike_R+1","Strike_R+1","Strike_R","Strike_R","Defend_R","Defend_R","Defend_R","Bash+1","Armaments+1","Pommel Strike+1","Pommel Strike+1"],"special_seed":0,"relics":["Burning Blood","Ginger","Golden Idol","Lantern","Molten Egg 2"],"potions_floor_usage":[],"damage_taken":[{"damage":7.0,"enemies":"Small Slimes","floor":1.0,"turns":3.0},{"damage":7,"enemies":"Jaw Worm","floor":8,"turns":3},{"damage":31,"enemies":"Gremlin Nob","floor":10,"turns":4},{"damage":1,"enemies":"2 Louse","floor":13,"turns":2},{"damage":50,"enemies":"Hexaghost","floor":16,"turns":8}],"seed_played":"7327576435881733224","potions_obtained":[{"floor":13,"key":"Fire Potion"}],"is_trial":false,"path_per_floor":["M","?","?","?","?","R","$","M","T","E","?","R","M","$","R","B"],"character_chosen":"IRONCLAD","items_purchased":["Pommel Strike+1"],"campfire_rested":1,"item_purchase_floors":[14],"current_hp_per_floor":[67,41,66,66,66,66,66,65,65,40,17,39,44,44,44,0],"gold":60,"neow_bonus":"ONE_RARE_RELIC","is_prod":false,"is_daily":false,"chose_seed":false,"campfire_upgraded":2,"win_rate":0,"timestamp":1568838887,"path_taken":["M","?","?","?","?","R","$","?","T","E","?","R","M","?","R","BOSS"],"build_version":"2019-07-17","purchased_purges":2,"victory":false,"max_hp_per_floor":[75,75,75,75,75,75,75,75,75,75,75,75,75,75,75,75],"card_choices":[{"not_picked":["Clothesline","Flex"],"picked":"Armaments","floor":1.0},{"not_picked":["Clash","Pummel","Heavy Blade"],"picked":"SKIP","floor":8},{"not_picked":["Fire Breathing","Flex"],"picked":"Pommel Strike","floor":10},{"not_picked":["Anger+1","Entrench","Heavy Blade+1"],"picked":"SKIP","floor":13}],"player_experience":1353723,"relics_obtained":[{"floor":9,"key":"Lantern"},{"floor":10,"key":"Molten Egg 2"}],"event_choices":[{"damage_healed":0.0,"max_hp_gain":0.0,"max_hp_loss":0.0,"gold_gain":0.0,"event_name":"Golden Idol","player_choice":"Take Damage","floor":2.0,"gold_loss":0.0,"damage_taken":26.0,"relics_obtained":["Golden Idol"]},{"damage_healed":25.0,"max_hp_gain":0.0,"max_hp_loss":0.0,"gold_gain":0.0,"event_name":"Big Fish","player_choice":"Banana","floor":3.0,"gold_loss":0.0,"damage_taken":0.0},{"cards_removed":["Defend_R"],"damage_healed":0,"gold_gain":0,"player_choice":"Forget","damage_taken":0,"max_hp_gain":0,"max_hp_loss":0,"event_name":"Living Wall","floor":4,"gold_loss":0},{"damage_healed":0,"gold_gain":150,"player_choice":"AGREE","damage_taken":0,"max_hp_gain":0,"max_hp_loss":0,"event_name":"Liars Game","floor":5,"gold_loss":0,"cards_obtained":["Doubt"]},{"damage_healed":0,"gold_gain":0,"player_choice":"Entered Light","damage_taken":23,"max_hp_gain":0,"max_hp_loss":0,"event_name":"Shining Light","floor":11,"gold_loss":0,"cards_upgraded":["Strike_R","Strike_R"]}],"is_beta":false,"boss_relics":[],"items_purged_floors":[7,14],"is_endless":false,"potions_floor_spawned":[13],"killed_by":"Hexaghost","ascension_level":20}