{"gold_per_floor":[114,129,140,1,15,15,15,51,51,51,89,89,132,153,153,273,273,296,133,174,174,223,223],"floor_reached":23,"playtime":699,"items_purged":[],"score":228,"play_id":"6195ec8e-fb60-4e36-8e60-0d7c421f8df1","local_time":"20190907162600","is_ascension_mode":true,"campfire_choices":[{"data":"Genetic Algorithm","floor":6.0,"key":"SMITH"},{"floor":10.0,"key":"REST"},{"floor":12.0,"key":"REST"},{"data":"Coolheaded","floor":15.0,"key":"SMITH"}],"neow_cost":"NONE","seed_source_timestamp":0,"circlet_count":0,"master_deck":["Strike_B","Strike_B","Defend_B+1","Defend_B","Defend_B","Defend_B","Zap+1","Dualcast","Hyperbeam","Hologram","Coolheaded+1","Cold Snap","Core Surge","Genetic Algorithm+1","BootSequence","Ball Lightning","Biased Cognition+1","Coolheaded+1","Loop+1","Blizzard","Coolheaded","Rainbow","Fission"],"special_seed":0,"relics":["Cracked Core","Golden Idol","War Paint","Bag of Marbles","Frozen Egg 2","Pantograph","Sozu","Red Mask","Art of War"],"potions_floor_usage":[],"damage_taken":[{"damage":6.0,"enemies":"Cultist","floor":1.0,"turns":3.0},{"damage":0.0,"enemies":"Small Slimes","floor":2.0,"turns":1.0},{"damage":0.0,"enemies":"2 Louse","floor":3.0,"turns":1.0},{"damage":18.0,"enemies":"Blue Slaver","floor":5.0,"turns":3.0},{"damage":30.0,"enemies":"3 Sentries","floor":8.0,"turns":4.0},{"damage":6.0,"enemies":"Gremlin Nob","floor":11.0,"turns":4.0},{"damage":27.0,"enemies":"Lagavulin","floor":13.0,"turns":7.0},{"damage":0.0,"enemies":"2 Fungi Beasts","floor":14.0,"turns":1.0},{"damage":38.0,"enemies":"The Guardian","floor":16.0,"turns":13.0},{"damage":0.0,"enemies":"Spheric Guardian","floor":18.0,"turns":3.0},{"damage":67.0,"enemies":"Masked Bandits","floor":20.0,"turns":5.0},{"damage":14,"enemies":"Slavers","floor":23,"turns":3}],"seed_played":"2565171548133838632","potions_obtained":[{"floor":2.0,"key":"SteroidPotion"},{"floor":5.0,"key":"PowerPotion"},{"floor":8.0,"key":"SpeedPotion"}],"is_trial":false,"path_per_floor":["M","M","M","$","M","R","?","E","T","R","E","R","E","M","R","B",null,"M","$","?","?","T","E"],"character_chosen":"DEFECT","items_purchased":["Core Surge","Loop+1","Blizzard","Coolheaded"],"campfire_rested":2,"item_purchase_floors":[4,19,19,19],"current_hp_per_floor":[69,69,69,69,51,51,33,3,3,25,19,41,14,14,14,1,75,75,75,8,8,8,0],"gold":223,"neow_bonus":"ONE_RANDOM_RARE_CARD","is_prod":false,"is_daily":false,"chose_seed":false,"campfire_upgraded":2,"win_rate":0,"timestamp":1567891560,"path_taken":["M","M","M","$","M","R","?","E","T","R","E","R","E","M","R","BOSS","M","$","?","?","?","E"],"build_version":"2019-07-17","purchased_purges":0,"victory":false,"max_hp_per_floor":[75,75,75,75,75,75,75,75,75,75,75,75,75,75,75,75,75,75,75,75,75,75,75],"card_choices":[{"not_picked":["Stack","Scrape"],"picked":"Hologram","floor":1.0},{"not_picked":["Reinforced Body","Leap"],"picked":"Coolheaded","floor":2.0},{"not_picked":["Tempest","Undo"],"picked":"Cold Snap","floor":3.0},{"not_picked":["Skim","Fusion"],"picked":"Genetic Algorithm","floor":5.0},{"not_picked":["Undo","Double Energy"],"picked":"BootSequence","floor":8.0},{"not_picked":["Genetic Algorithm","Compile Driver"],"picked":"Ball Lightning","floor":11.0},{"not_picked":["Beam Cell","Redo","Reprogram"],"picked":"SKIP","floor":13.0},{"not_picked":["Sunder","Stack","Redo"],"picked":"SKIP","floor":14.0},{"not_picked":["Hyperbeam","Thunder Strike"],"picked":"Biased Cognition+1","floor":16.0},{"not_picked":["Conserve Battery","Compile Driver+1"],"picked":"Coolheaded+1","floor":18.0}],"player_experience":160316,"relics_obtained":[{"floor":8.0,"key":"War Paint"},{"floor":9.0,"key":"Bag of Marbles"},{"floor":11.0,"key":"Frozen Egg 2"},{"floor":13.0,"key":"Pantograph"},{"floor":20.0,"key":"Red Mask"},{"floor":22.0,"key":"Art of War"}],"event_choices":[{"damage_healed":0.0,"max_hp_gain":0.0,"max_hp_loss":0.0,"gold_gain":0.0,"event_name":"Golden Idol","player_choice":"Take Damage","floor":7.0,"gold_loss":0.0,"damage_taken":18.0,"relics_obtained":["Golden Idol"]},{"damage_healed":0.0,"max_hp_gain":0.0,"max_hp_loss":0.0,"gold_gain":0.0,"event_name":"Masked Bandits","player_choice":"Fought Bandits","floor":20.0,"gold_loss":0.0,"damage_taken":0.0},{"damage_healed":0.0,"max_hp_gain":0.0,"max_hp_loss":0.0,"gold_gain":0.0,"cards_transformed":["Strike_B","Strike_B"],"event_name":"Drug Dealer","player_choice":"Became Test Subject","floor":21.0,"gold_loss":0.0,"damage_taken":0.0,"cards_obtained":["Rainbow","Fission"]}],"is_beta":false,"boss_relics":[{"not_picked":["Black Star","Nuclear Battery"],"picked":"Sozu"}],"items_purged_floors":[],"is_endless":false,"potions_floor_spawned":[2,5,8,14,18],"killed_by":"Slavers","ascension_level":2}