{"gold_per_floor":[369,389,389,406,208,240,240,240,263,263,282,303,317,327,327,422,422,441,459,459,491,491,491,506,506],"floor_reached":25,"playtime":954,"items_purged":[],"score":223,"play_id":"e29dbdad-8f69-4624-9462-3d1b24499da1","local_time":"20190909133639","is_ascension_mode":true,"campfire_choices":[{"floor":7.0,"key":"REST"},{"floor":10.0,"key":"REST"},{"data":"Zap","floor":15.0,"key":"SMITH"},{"floor":23.0,"key":"REST"}],"neow_cost":"CURSE","seed_source_timestamp":0,"circlet_count":0,"master_deck":["Strike_B","Strike_B","Strike_B","Strike_B","Defend_B","Defend_B","Defend_B","Defend_B","Zap+1","Dualcast","Writhe","Go for the Eyes","Ball Lightning","Hologram","Core Surge+1","Leap","Self Repair","Undo","Leap","Sweeping Beam","Go for the Eyes","Consume","Coolheaded","Amplify","Cold Snap+1","Doom and Gloom+1","Turbo+1","Decay","Leap+1","Coolheaded+1"],"special_seed":0,"relics":["Cracked Core","DataDisk","Dream Catcher","Odd Mushroom","Nuclear Battery","Mango","Red Mask"],"potions_floor_usage":[],"damage_taken":[{"damage":9.0,"enemies":"Jaw Worm","floor":1.0,"turns":3.0},{"damage":3.0,"enemies":"2 Louse","floor":2.0,"turns":2.0},{"damage":8.0,"enemies":"Small Slimes","floor":4.0,"turns":3.0},{"damage":45.0,"enemies":"Lagavulin","floor":6.0,"turns":7.0},{"damage":6.0,"enemies":"3 Louse","floor":11.0,"turns":3.0},{"damage":3.0,"enemies":"The Mushroom Lair","floor":12.0,"turns":4.0},{"damage":0.0,"enemies":"2 Fungi Beasts","floor":13.0,"turns":3.0},{"damage":1.0,"enemies":"Exordium Wildlife","floor":14.0,"turns":3.0},{"damage":44.0,"enemies":"The Guardian","floor":16.0,"turns":16.0},{"damage":36.0,"enemies":"2 Thieves","floor":18.0,"turns":4.0},{"damage":11.0,"enemies":"3 Byrds","floor":19.0,"turns":5.0},{"damage":46.0,"enemies":"Masked Bandits","floor":21.0,"turns":4.0},{"damage":29.0,"enemies":"Centurion and Healer","floor":24.0,"turns":9.0},{"damage":0,"enemies":"Sentry and Sphere","floor":25,"turns":1}],"seed_played":"-597413235081927281","potions_obtained":[{"floor":4.0,"key":"Dexterity Potion"},{"floor":12.0,"key":"Ancient Potion"},{"floor":13.0,"key":"Fire Potion"},{"floor":14.0,"key":"Regen Potion"},{"floor":24.0,"key":"Fire Potion"}],"is_trial":false,"path_per_floor":["M","M","$","M","$","E","R","?","T","R","M","?","M","M","R","B",null,"M","M","?","?","?","R","M","M"],"character_chosen":"DEFECT","items_purchased":["Core Surge","Leap","Self Repair"],"campfire_rested":3,"item_purchase_floors":[5,5,5],"current_hp_per_floor":[66,63,63,55,55,17,39,39,39,61,62,66,66,72,72,35,75,46,42,56,17,17,43,40,40],"gold":506,"neow_bonus":"TWO_FIFTY_GOLD","is_prod":false,"is_daily":false,"chose_seed":false,"campfire_upgraded":1,"win_rate":0.0,"timestamp":1568054199,"path_taken":["M","M","$","M","$","E","R","?","T","R","M","?","M","M","R","BOSS","M","M","?","?","?","R","?","M"],"build_version":"2019-09-09","purchased_purges":0,"victory":false,"max_hp_per_floor":[75,75,75,75,75,75,75,75,75,75,75,75,75,75,75,75,75,75,75,89,89,89,89,89,89],"card_choices":[{"not_picked":["Compile Driver","Steam"],"picked":"Go for the Eyes","floor":1.0},{"not_picked":["Gash","Hello World"],"picked":"Ball Lightning","floor":2.0},{"not_picked":["Rebound","Force Field"],"picked":"Hologram","floor":4.0},{"not_picked":["Steam","Force Field"],"picked":"Undo","floor":6.0},{"not_picked":["Fission","Hologram"],"picked":"Leap","floor":10.0},{"not_picked":["Barrage","Conserve Battery"],"picked":"Sweeping Beam","floor":11.0},{"not_picked":["Compile Driver","Lockon"],"picked":"Go for the Eyes","floor":12.0},{"not_picked":["FTL","Steam Power"],"picked":"Consume","floor":13.0},{"not_picked":["Turbo","Force Field"],"picked":"Coolheaded","floor":14.0},{"not_picked":["Fission","Core Surge"],"picked":"Amplify","floor":16.0},{"not_picked":["Turbo","Darkness"],"picked":"Cold Snap+1","floor":18.0},{"not_picked":["Storm+1","Streamline"],"picked":"Doom and Gloom+1","floor":19.0},{"not_picked":["Go for the Eyes","Aggregate"],"picked":"Turbo+1","floor":21.0},{"not_picked":["Rebound","Undo"],"picked":"Leap+1","floor":23.0},{"not_picked":["Sweeping Beam","Static Discharge+1"],"picked":"Coolheaded+1","floor":24.0}],"player_experience":0,"relics_obtained":[{"floor":6.0,"key":"DataDisk"},{"floor":9.0,"key":"Dream Catcher"},{"floor":12.0,"key":"Odd Mushroom"},{"floor":21.0,"key":"Red Mask"}],"event_choices":[{"damage_healed":0.0,"max_hp_gain":0.0,"max_hp_loss":0.0,"gold_gain":0.0,"event_name":"Living Wall","player_choice":"Grow","floor":8.0,"gold_loss":0.0,"damage_taken":0.0,"cards_upgraded":["Core Surge"]},{"damage_healed":0.0,"max_hp_gain":0.0,"max_hp_loss":0.0,"gold_gain":0.0,"event_name":"Mushrooms","player_choice":"Fought Mushrooms","floor":12.0,"gold_loss":0.0,"damage_taken":0.0},{"damage_healed":0.0,"max_hp_gain":0.0,"max_hp_loss":0.0,"gold_gain":0.0,"event_name":"The Mausoleum","player_choice":"Opened","floor":20.0,"gold_loss":0.0,"damage_taken":0.0,"relics_obtained":["Mango"]},{"damage_healed":0.0,"max_hp_gain":0.0,"max_hp_loss":0.0,"gold_gain":0.0,"event_name":"Masked Bandits","player_choice":"Fought Bandits","floor":21.0,"gold_loss":0.0,"damage_taken":0.0},{"damage_healed":0.0,"max_hp_gain":0.0,"max_hp_loss":0.0,"gold_gain":0.0,"event_name":"Forgotten Altar","player_choice":"Smashed Altar","floor":22.0,"gold_loss":0.0,"damage_taken":0.0,"cards_obtained":["Decay"]}],"is_beta":true,"boss_relics":[{"not_picked":["Coffee Dripper","Lizard Tail"],"picked":"Nuclear Battery"}],"items_purged_floors":[],"is_endless":false,"potions_floor_spawned":[4,12,13,14,16,21,24],"killed_by":"Sentry and Sphere","ascension_level":2}