{"gold_per_floor":[364,137,153,172,192,192,192,204,204,204,204,204,204],"floor_reached":13,"playtime":565,"items_purged":["Strike_G"],"score":75,"play_id":"12ae94f9-7ec0-4aba-8b22-987c21741a55","local_time":"20190913192913","is_ascension_mode":false,"campfire_choices":[{"data":"Neutralize","floor":6.0,"key":"SMITH"},{"floor":12,"key":"REST"}],"neow_cost":"PERCENT_DAMAGE","seed_source_timestamp":382069666823424,"circlet_count":0,"master_deck":["Strike_G+1","Strike_G+1","Strike_G","Strike_G","Defend_G","Defend_G","Defend_G","Defend_G","Defend_G","Survivor","Neutralize+1","Predator","Caltrops","Corpse Explosion"],"special_seed":0,"relics":["Ring of the Snake","Bronze Scales","Juzu Bracelet","Golden Idol"],"potions_floor_usage":[],"damage_taken":[{"damage":1.0,"enemies":"Cultist","floor":1.0,"turns":4.0},{"damage":0.0,"enemies":"Small Slimes","floor":3.0,"turns":3.0},{"damage":3.0,"enemies":"Jaw Worm","floor":4.0,"turns":3.0},{"damage":7.0,"enemies":"Large Slime","floor":5.0,"turns":6.0},{"damage":5,"enemies":"2 Fungi Beasts","floor":8,"turns":4},{"damage":0,"enemies":"Gremlin Gang","floor":13,"turns":1}],"seed_played":"2587259977225765244","potions_obtained":[{"floor":3.0,"key":"Energy Potion"},{"floor":4.0,"key":"SkillPotion"},{"floor":8,"key":"Energy Potion"}],"is_trial":false,"path_per_floor":["M","$","M","M","M","R","?","M","T","?","?","R","M"],"character_chosen":"THE_SILENT","items_purchased":["Bronze Scales"],"campfire_rested":1,"item_purchase_floors":[2],"current_hp_per_floor":[48,48,48,45,38,38,24,19,19,19,19,38,38],"gold":204,"neow_bonus":"TWO_FIFTY_GOLD","is_prod":false,"is_daily":false,"chose_seed":false,"campfire_upgraded":1,"win_rate":0,"timestamp":1568420953,"path_taken":["M","$","?","M","M","R","?","M","T","?","?","R","M"],"build_version":"2019-07-17","purchased_purges":1,"victory":false,"max_hp_per_floor":[70,70,70,70,70,70,70,70,70,70,65,65,65],"card_choices":[{"not_picked":["Sucker Punch","Dodge and Roll"],"picked":"Predator","floor":1.0},{"not_picked":["Deflect","Eviscerate","Flying Knee"],"picked":"SKIP","floor":3.0},{"not_picked":["Sucker Punch","Predator","Bane"],"picked":"SKIP","floor":4.0},{"not_picked":["Skewer","Dash"],"picked":"Caltrops","floor":5.0},{"not_picked":["Dash","Poisoned Stab","PiercingWail"],"picked":"SKIP","floor":8}],"player_experience":1254342,"relics_obtained":[{"floor":9,"key":"Juzu Bracelet"}],"event_choices":[{"damage_healed":0.0,"max_hp_gain":0.0,"max_hp_loss":0.0,"gold_gain":0.0,"event_name":"Shining Light","player_choice":"Entered Light","floor":7.0,"gold_loss":0.0,"damage_taken":14.0,"cards_upgraded":["Strike_G","Strike_G"]},{"damage_healed":0,"gold_gain":0,"player_choice":"1 cards matched","damage_taken":0,"max_hp_gain":0,"max_hp_loss":0,"event_name":"Match and Keep!","floor":10,"gold_loss":0,"cards_obtained":["Corpse Explosion"]},{"damage_healed":0,"gold_gain":0,"player_choice":"Lose Max HP","damage_taken":0,"relics_obtained":["Golden Idol"],"max_hp_gain":0,"max_hp_loss":5,"event_name":"Golden Idol","floor":11,"gold_loss":0}],"is_beta":false,"boss_relics":[],"items_purged_floors":[2],"is_endless":false,"potions_floor_spawned":[3,4,8],"killed_by":"Gremlin Gang","ascension_level":0}