{"gold_per_floor":[118,118,118,132,146,184,198,198,198,216,255,180,199,214,214,342,342,357,58,79,92,92,128,128,161,186,201,201,126,126,139,139,259,259,283,304,304,327,31,67,67,67],"floor_reached":42,"playtime":5161,"items_purged":["Parasite","Parasite"],"score":505,"play_id":"1d461dfb-f05c-49f4-ab78-b0321dc8651b","local_time":"20190915072756","is_ascension_mode":false,"campfire_choices":[{"data":"Armaments","floor":15,"key":"SMITH"},{"data":"Limit Break","floor":24,"key":"SMITH"},{"floor":32,"key":"RECALL"}],"neow_cost":"NONE","seed_source_timestamp":548862556131589,"circlet_count":0,"master_deck":["Strike_R+1","Strike_R+1","Strike_R+1","Strike_R+1","Defend_R+1","Defend_R+1","Defend_R+1","Defend_R+1","Bash","Warcry+1","Armaments+1","Thunderclap","Twin Strike","Inflame","Spot Weakness","Cleave","Sword Boomerang","Limit Break+1","Pommel Strike+1","Metallicize","RitualDagger","Heavy Blade","Uppercut","Double Tap","Flex","Armaments+1","Chrysalis","True Grit+1","Combust"],"relics":["Cursed Key","Golden Idol","Oddly Smooth Stone","Potion Belt","Shuriken","Busted Crown","Darkstone Periapt","Pantograph","Pen Nib","Anchor","StoneCalendar","Coffee Dripper","Blood Vial"],"potions_floor_usage":[11,16,16,16,16,18,21,23,23,25,27,33,33,33,36,36],"damage_taken":[{"damage":5,"enemies":"Small Slimes","floor":1,"turns":3},{"damage":0,"enemies":"Cultist","floor":4,"turns":3},{"damage":0,"enemies":"2 Louse","floor":5,"turns":2},{"damage":29,"enemies":"Gremlin Nob","floor":6,"turns":5},{"damage":0,"enemies":"Large Slime","floor":7,"turns":5},{"damage":8,"enemies":"Looter","floor":10,"turns":3},{"damage":24,"enemies":"3 Sentries","floor":11,"turns":6},{"damage":0,"enemies":"Lots of Slimes","floor":13,"turns":1},{"damage":0,"enemies":"Exordium Wildlife","floor":14,"turns":2},{"damage":12,"enemies":"Hexaghost","floor":16,"turns":5},{"damage":14,"enemies":"Spheric Guardian","floor":18,"turns":4},{"damage":1,"enemies":"Chosen","floor":20,"turns":3},{"damage":16,"enemies":"Centurion and Healer","floor":21,"turns":3},{"damage":13,"enemies":"Book of Stabbing","floor":23,"turns":5},{"damage":28,"enemies":"Gremlin Leader","floor":25,"turns":4},{"damage":0,"enemies":"Cultist and Chosen","floor":27,"turns":4},{"damage":0,"enemies":"Sentry and Sphere","floor":31,"turns":3},{"damage":29,"enemies":"Automaton","floor":33,"turns":7},{"damage":0,"enemies":"Orb Walker","floor":35,"turns":3},{"damage":15,"enemies":"3 Darklings","floor":36,"turns":3},{"damage":16,"enemies":"4 Shapes","floor":38,"turns":5},{"damage":39,"enemies":"Reptomancer","floor":40,"turns":5},{"damage":26,"enemies":"Transient","floor":42,"turns":5}],"seed_played":"-1842604633151651739","potions_obtained":[{"floor":4,"key":"Strength Potion"},{"floor":5,"key":"PowerPotion"},{"floor":6,"key":"EntropicBrew"},{"floor":13,"key":"Weak Potion"},{"floor":14,"key":"Swift Potion"},{"floor":18,"key":"SkillPotion"},{"floor":21,"key":"BloodPotion"},{"floor":27,"key":"BloodPotion"},{"floor":31,"key":"EssenceOfSteel"},{"floor":33,"key":"PowerPotion"},{"floor":35,"key":"AttackPotion"}],"is_trial":false,"path_per_floor":["M","?","?","M","M","E","M","?","T","M","E","$","M","M","R","B",null,"M","$","M","M","?","E","R","E","T","M","?","?","?","M","R","B",null,"M","M","?","M","$","E","?","M"],"character_chosen":"IRONCLAD","items_purchased":["Darkstone Periapt","Metallicize","Chrysalis"],"campfire_rested":0,"item_purchase_floors":[19,19,39],"current_hp_per_floor":[75,55,55,55,55,26,26,80,80,72,48,48,48,48,48,36,77,68,68,67,51,45,32,32,23,29,29,29,29,29,29,29,45,83,83,68,60,44,44,5,5,0],"gold":67,"neow_bonus":"BOSS_RELIC","is_prod":false,"is_daily":false,"chose_seed":false,"campfire_upgraded":2,"win_rate":0,"timestamp":1568546876,"path_taken":["M","?","?","M","M","E","?","?","T","?","E","?","M","M","R","BOSS","M","$","M","M","?","E","R","E","T","M","?","?","?","M","R","BOSS","M","M","?","?","$","E","?","M"],"build_version":"2019-07-17","purchased_purges":2,"victory":false,"max_hp_per_floor":[80,80,80,80,80,80,80,80,80,80,80,77,77,77,77,77,77,77,77,77,77,77,77,77,77,83,83,83,83,83,83,83,83,83,83,83,83,83,80,80,80,80],"card_choices":[{"not_picked":["Clash","Reckless Charge"],"picked":"Warcry","floor":1},{"not_picked":["Thunderclap","Flame Barrier"],"picked":"Armaments","floor":4},{"not_picked":["Dropkick","Battle Trance"],"picked":"Thunderclap","floor":5},{"not_picked":["Second Wind","Carnage"],"picked":"Twin Strike","floor":6},{"not_picked":["Corruption","Clash"],"picked":"Inflame","floor":7},{"not_picked":["Flex","Anger"],"picked":"Spot Weakness","floor":10},{"not_picked":["Sever Soul","Berserk"],"picked":"Cleave","floor":11},{"not_picked":["Wild Strike","Rage"],"picked":"Evolve","floor":13},{"not_picked":["Dual Wield","Havoc"],"picked":"Sword Boomerang","floor":14},{"not_picked":["Bludgeon","Brutality"],"picked":"Limit Break","floor":16},{"not_picked":[],"picked":"Pommel Strike+1","floor":18},{"not_picked":["Cleave"],"picked":"SKIP","floor":20},{"not_picked":["Armaments"],"picked":"SKIP","floor":21},{"not_picked":[],"picked":"Heavy Blade","floor":23},{"not_picked":["Burning Pact"],"picked":"SKIP","floor":25},{"not_picked":[],"picked":"Uppercut","floor":27},{"not_picked":["Combust"],"picked":"SKIP","floor":31},{"not_picked":[],"picked":"Double Tap","floor":33},{"not_picked":[],"picked":"Flex","floor":35},{"not_picked":["Fire Breathing+1"],"picked":"SKIP","floor":36},{"not_picked":[],"picked":"Armaments+1","floor":38},{"not_picked":[],"picked":"True Grit+1","floor":40}],"player_experience":95666,"relics_obtained":[{"floor":6,"key":"Oddly Smooth Stone"},{"floor":9,"key":"Potion Belt"},{"floor":11,"key":"Shuriken"},{"floor":23,"key":"Pantograph"},{"floor":25,"key":"Pen Nib"},{"floor":26,"key":"Anchor"},{"floor":40,"key":"Blood Vial"}],"event_choices":[{"damage_healed":0,"gold_gain":0,"player_choice":"Take Damage","damage_taken":20,"relics_obtained":["Golden Idol"],"max_hp_gain":0,"max_hp_loss":0,"event_name":"Golden Idol","floor":2,"gold_loss":0},{"damage_healed":0,"gold_gain":0,"player_choice":"Forge","damage_taken":0,"max_hp_gain":0,"max_hp_loss":0,"event_name":"Accursed Blacksmith","floor":3,"gold_loss":0,"cards_upgraded":["Warcry"]},{"damage_healed":54,"gold_gain":0,"player_choice":"Full Heal","damage_taken":0,"max_hp_gain":0,"max_hp_loss":0,"event_name":"Wheel of Change","floor":8,"gold_loss":0},{"damage_healed":0,"gold_gain":0,"player_choice":"Joined the Cult","damage_taken":6,"max_hp_gain":0,"max_hp_loss":0,"event_name":"Nest","floor":22,"gold_loss":0,"cards_obtained":["RitualDagger"]},{"damage_healed":0,"gold_gain":0,"player_choice":"Opened","damage_taken":0,"relics_obtained":["StoneCalendar"],"max_hp_gain":0,"max_hp_loss":0,"event_name":"The Mausoleum","floor":28,"gold_loss":0},{"cards_removed":["Strike_R"],"damage_healed":0,"gold_gain":0,"player_choice":"Gave Gold","damage_taken":0,"max_hp_gain":0,"max_hp_loss":0,"event_name":"Beggar","floor":29,"gold_loss":75},{"damage_healed":0,"gold_gain":0,"player_choice":"Simplicity","damage_taken":0,"max_hp_gain":0,"max_hp_loss":0,"event_name":"Back to Basics","floor":30,"gold_loss":0,"cards_upgraded":["Strike_R","Strike_R","Strike_R","Strike_R","Defend_R","Defend_R","Defend_R","Defend_R"]},{"damage_healed":0,"gold_gain":0,"player_choice":"Damaged","damage_taken":8,"max_hp_gain":0,"max_hp_loss":0,"event_name":"Wheel of Change","floor":37,"gold_loss":0},{"damage_healed":0,"gold_gain":0,"cards_transformed":["Evolve"],"player_choice":"Transformed","damage_taken":0,"max_hp_gain":0,"max_hp_loss":0,"event_name":"Transmorgrifier","floor":41,"gold_loss":0,"cards_obtained":["Combust"]}],"is_beta":false,"boss_relics":[{"not_picked":["Runic Cube","Runic Pyramid"],"picked":"Busted Crown"},{"not_picked":["Philosopher\u0027s Stone","Tiny House"],"picked":"Coffee Dripper"}],"items_purged_floors":[12,39],"is_endless":false,"potions_floor_spawned":[4,5,6,13,14,18,21,27,31,33,35],"killed_by":"Transient","ascension_level":0}