{"gold_per_floor":[119,131,145,157,173,207,207,241,241,241,266,278,309,309,309,405,405,417,37,65,65,13,13,39,39,118,147,147,163,433,67,67,169,169,183,405,424,440,453,488,488,513,538,573,584,596,596,615,615,615,615,615,20,52,52],"floor_reached":55,"playtime":6677,"items_purged":["Strike_B","Strike_B","Zap"],"score":1068,"play_id":"12560998-3078-4e97-b15e-ec8c77f6f292","local_time":"20190919032507","is_ascension_mode":true,"campfire_choices":[{"data":"Seek","floor":7.0,"key":"SMITH"},{"floor":15.0,"key":"REST"},{"data":"Leap","floor":23.0,"key":"SMITH"},{"floor":25.0,"key":"RECALL"},{"data":"Scrape","floor":28.0,"key":"SMITH"},{"data":"Hologram","floor":32.0,"key":"SMITH"},{"data":"Skim","floor":41.0,"key":"SMITH"},{"data":"Beam Cell","floor":49.0,"key":"SMITH"},{"data":"All For One","floor":52.0,"key":"SMITH"}],"neow_cost":"NONE","seed_source_timestamp":0,"circlet_count":0,"master_deck":["Defend_B","Defend_B","Defend_B","Dualcast","Gash","Leap+1","Seek+1","Gash","Gash","Self Repair","Rebound","Beam Cell+1","All For One+1","Go for the Eyes+1","Self Repair","Gash+1","Scrape+1","Hologram+1","Skim+1","Reprogram+1","FTL+1","Recycle+1","FTL+1","Hologram+1","All For One"],"special_seed":0,"relics":["Cracked Core","Ancient Tea Set","Pocketwatch","WingedGreaves","Sozu","Torii","Red Mask","MutagenicStrength","Strawberry","Darkstone Periapt","Dodecahedron","Bag of Preparation","Runic Dome","Gremlin Horn","Bag of Marbles","Whetstone","Lantern","Centennial Puzzle","Bottled Flame","Bird Faced Urn"],"potions_floor_usage":[55],"damage_taken":[{"damage":2.0,"enemies":"Jaw Worm","floor":1.0,"turns":3.0},{"damage":0.0,"enemies":"Small Slimes","floor":2.0,"turns":2.0},{"damage":0.0,"enemies":"2 Louse","floor":3.0,"turns":2.0},{"damage":8.0,"enemies":"Exordium Wildlife","floor":4.0,"turns":5.0},{"damage":3.0,"enemies":"Looter","floor":5.0,"turns":3.0},{"damage":17.0,"enemies":"3 Sentries","floor":6.0,"turns":9.0},{"damage":16.0,"enemies":"Lagavulin","floor":8.0,"turns":7.0},{"damage":22.0,"enemies":"Gremlin Nob","floor":11.0,"turns":4.0},{"damage":10.0,"enemies":"Exordium Thugs","floor":12.0,"turns":4.0},{"damage":7.0,"enemies":"Lagavulin","floor":13.0,"turns":7.0},{"damage":19.0,"enemies":"Slime Boss","floor":16.0,"turns":8.0},{"damage":13.0,"enemies":"2 Thieves","floor":18.0,"turns":2.0},{"damage":29.0,"enemies":"Masked Bandits","floor":20.0,"turns":4.0},{"damage":3.0,"enemies":"Book of Stabbing","floor":24.0,"turns":3.0},{"damage":0.0,"enemies":"Gremlin Leader","floor":27.0,"turns":4.0},{"damage":0.0,"enemies":"Spheric Guardian","floor":29.0,"turns":2.0},{"damage":9.0,"enemies":"Automaton","floor":33.0,"turns":4.0},{"damage":0.0,"enemies":"Orb Walker","floor":35.0,"turns":1.0},{"damage":0.0,"enemies":"3 Darklings","floor":37.0,"turns":1.0},{"damage":50.0,"enemies":"Writhing Mass","floor":38.0,"turns":5.0},{"damage":0.0,"enemies":"Maw","floor":39.0,"turns":4.0},{"damage":2.0,"enemies":"Giant Head","floor":40.0,"turns":3.0},{"damage":0.0,"enemies":"Nemesis","floor":42.0,"turns":1.0},{"damage":2.0,"enemies":"Reptomancer","floor":44.0,"turns":4.0},{"damage":0.0,"enemies":"3 Darklings","floor":45.0,"turns":1.0},{"damage":7.0,"enemies":"Sphere and 2 Shapes","floor":46.0,"turns":1.0},{"damage":0.0,"enemies":"4 Shapes","floor":48.0,"turns":1.0},{"damage":0.0,"enemies":"Awakened One","floor":50.0,"turns":3.0},{"damage":0.0,"enemies":"Shield and Spear","floor":54.0,"turns":1.0},{"damage":95,"enemies":"The Heart","floor":55,"turns":3}],"seed_played":"-5502925613449674910","potions_obtained":[{"floor":2.0,"key":"Strength Potion"},{"floor":4.0,"key":"Regen Potion"},{"floor":11.0,"key":"Explosive Potion"},{"floor":12.0,"key":"Energy Potion"},{"floor":13.0,"key":"SpeedPotion"},{"floor":16.0,"key":"Explosive Potion"}],"is_trial":false,"path_per_floor":["M","M","M","M","M","E","R","E","T","?","E","M","E","?","R","B",null,"M","$","?","?","$","R","E","R","T","E","R","M","?","$","R","B",null,"M","?","M","M","M","E","R","E","T","E","M","M","?","M","R","B",null,"R","$","E","B"],"character_chosen":"DEFECT","items_purchased":["Torii","Gash","Hologram","Skim","Bag of Preparation","All For One","Centennial Puzzle","Bottled Flame"],"campfire_rested":1,"item_purchase_floors":[19,22,31,31,31,53,53,53],"current_hp_per_floor":[73,73,73,65,62,59,59,43,43,36,21,11,11,11,33,21,75,62,62,40,40,40,40,58,58,58,72,72,72,40,40,40,38,82,82,82,82,46,53,65,65,65,65,77,77,82,82,82,82,82,82,82,82,82,0],"gold":52,"neow_bonus":"THREE_CARDS","is_prod":false,"is_daily":false,"chose_seed":false,"campfire_upgraded":7,"win_rate":0,"timestamp":1568877907,"path_taken":["M","M","M","M","M","E","R","E","T","?","E","M","E","?","R","BOSS","M","$","?","?","?","R","E","R","T","E","R","M","?","$","R","BOSS","M","?","M","M","M","E","R","E","T","E","M","M","?","M","R","BOSS","R","$","E","BOSS"],"build_version":"2019-07-17","purchased_purges":3,"victory":false,"max_hp_per_floor":[75,75,75,75,75,75,75,75,75,75,75,75,75,75,75,75,75,75,75,75,75,75,75,82,82,82,82,82,82,82,82,82,82,82,82,82,82,82,82,82,82,82,82,82,82,82,82,82,82,82,82,82,82,82,82],"card_choices":[{"not_picked":["Turbo","Cold Snap"],"picked":"Gash","floor":0.0},{"not_picked":["Coolheaded","Static Discharge","Redo"],"picked":"SKIP","floor":1.0},{"not_picked":["Cold Snap","Redo"],"picked":"Leap","floor":2.0},{"not_picked":["Leap","Melter"],"picked":"Seek","floor":3.0},{"not_picked":["Static Discharge","Conserve Battery"],"picked":"Gash","floor":4.0},{"not_picked":["Go for the Eyes","Cold Snap"],"picked":"Gash","floor":5.0},{"not_picked":["Barrage","Redo","Heatsinks"],"picked":"SKIP","floor":6.0},{"not_picked":["Multi-Cast","Cold Snap"],"picked":"Self Repair","floor":8.0},{"not_picked":["Compile Driver","Blizzard"],"picked":"Rebound","floor":11.0},{"not_picked":["Leap","Chill","Machine Learning"],"picked":"SKIP","floor":12.0},{"not_picked":["Darkness","Redo"],"picked":"Beam Cell","floor":13.0},{"not_picked":["Electrodynamics","Reboot"],"picked":"All For One","floor":16.0},{"not_picked":["Leap","Streamline+1"],"picked":"Go for the Eyes","floor":18.0},{"not_picked":["Melter","Streamline"],"picked":"Self Repair","floor":20.0},{"not_picked":["Ball Lightning","Blizzard","Compile Driver"],"picked":"SKIP","floor":24.0},{"not_picked":["Ball Lightning","Blizzard","Compile Driver"],"picked":"SKIP","floor":24.0},{"not_picked":["Force Field","Rip and Tear+1"],"picked":"Scrape","floor":27.0},{"not_picked":["Compile Driver","Beam Cell","Rip and Tear+1"],"picked":"SKIP","floor":29.0},{"not_picked":["Beam Cell+1","Streamline","Stack+1"],"picked":"SKIP","floor":35.0},{"not_picked":["Ball Lightning+1","Aggregate","Turbo"],"picked":"SKIP","floor":37.0},{"not_picked":["White Noise","Static Discharge+1"],"picked":"Reprogram+1","floor":38.0},{"not_picked":["Steam+1","Cold Snap+1"],"picked":"FTL+1","floor":39.0},{"not_picked":["BootSequence+1","Turbo+1"],"picked":"Recycle+1","floor":40.0},{"not_picked":["Rebound","Aggregate+1","Turbo"],"picked":"SKIP","floor":42.0},{"not_picked":["Scrape+1","Machine Learning","Streamline"],"picked":"SKIP","floor":44.0},{"not_picked":["Storm","Go for the Eyes"],"picked":"FTL+1","floor":45.0},{"not_picked":["Stack","Sweeping Beam"],"picked":"Hologram+1","floor":46.0},{"not_picked":["Streamline","Redo+1","Lockon"],"picked":"SKIP","floor":48.0},{"not_picked":["Chill+1","Sunder","Compile Driver"],"picked":"SKIP","floor":54.0}],"player_experience":231642,"relics_obtained":[{"floor":6.0,"key":"Ancient Tea Set"},{"floor":11.0,"key":"Pocketwatch"},{"floor":13.0,"key":"WingedGreaves"},{"floor":20.0,"key":"Red Mask"},{"floor":24.0,"key":"Strawberry"},{"floor":26.0,"key":"Darkstone Periapt"},{"floor":27.0,"key":"Dodecahedron"},{"floor":40.0,"key":"Gremlin Horn"},{"floor":42.0,"key":"Bag of Marbles"},{"floor":43.0,"key":"Whetstone"},{"floor":44.0,"key":"Lantern"},{"floor":54.0,"key":"Bird Faced Urn"}],"event_choices":[{"cards_removed":["Strike_B"],"damage_healed":0.0,"max_hp_gain":0.0,"max_hp_loss":0.0,"gold_gain":0.0,"event_name":"Golden Wing","player_choice":"Card Removal","floor":10.0,"gold_loss":0.0,"damage_taken":7.0},{"cards_removed":["Strike_B"],"damage_healed":0.0,"max_hp_gain":0.0,"max_hp_loss":0.0,"gold_gain":0.0,"event_name":"Living Wall","player_choice":"Forget","floor":14.0,"gold_loss":0.0,"damage_taken":0.0},{"damage_healed":0.0,"max_hp_gain":0.0,"max_hp_loss":0.0,"gold_gain":0.0,"event_name":"Masked Bandits","player_choice":"Fought Bandits","floor":20.0,"gold_loss":0.0,"damage_taken":0.0},{"damage_healed":0.0,"max_hp_gain":0.0,"max_hp_loss":0.0,"gold_gain":0.0,"event_name":"Drug Dealer","player_choice":"Inject Mutagens","floor":21.0,"gold_loss":0.0,"damage_taken":0.0,"relics_obtained":["MutagenicStrength"]},{"damage_healed":0.0,"max_hp_gain":0.0,"max_hp_loss":0.0,"gold_gain":270.0,"event_name":"Knowing Skull","player_choice":"GOLD GOLD GOLD ","floor":30.0,"potions_obtained":[],"gold_loss":0.0,"damage_taken":32.0,"cards_obtained":[]},{"damage_healed":0.0,"max_hp_gain":0.0,"max_hp_loss":0.0,"gold_gain":222.0,"event_name":"Tomb of Lord Red Mask","player_choice":"Wore Mask","floor":36.0,"gold_loss":0.0,"damage_taken":0.0},{"cards_removed":["Defend_B"],"damage_healed":0.0,"max_hp_gain":0.0,"max_hp_loss":0.0,"gold_gain":0.0,"event_name":"Falling","player_choice":"Removed Skill","floor":47.0,"gold_loss":0.0,"damage_taken":0.0}],"is_beta":false,"boss_relics":[{"not_picked":["Busted Crown","Astrolabe"],"picked":"Sozu"},{"not_picked":["FrozenCore","Philosopher\u0027s Stone"],"picked":"Runic Dome"}],"items_purged_floors":[19,31,53],"is_endless":false,"potions_floor_spawned":[2,4,11,12,13,16,20,24,29,38,42,45,54],"killed_by":"The Heart","ascension_level":2}