{"gold_per_floor":[111,111,111,123,198,232,244,256,268,299,329,341,379,411,423,531,543,571,205,221,23,10040,10040,10073,10073,10073,265,279,297,307,325,325,424,424,434,451,470,1469,1469,1469,1497,1508,1508,1543,1543,1543,1543,0,0,0],"floor_reached":51,"playtime":1359,"items_purged":["Writhe"],"score":1010,"play_id":"2d5eff14-3e2a-43cc-b5d7-6257dee526c9","local_time":"20190918004508","is_ascension_mode":false,"campfire_choices":[{"data":"Ghostly Armor","floor":8.0,"key":"SMITH"},{"floor":12.0,"key":"REST"},{"data":"Inflame","floor":15.0,"key":"SMITH"},{"data":"Bludgeon","floor":23.0,"key":"SMITH"},{"floor":32,"key":"REST"},{"data":"Flame Barrier","floor":40,"key":"SMITH"},{"floor":45,"key":"REST"},{"floor":47,"key":"REST"},{"data":"Spot Weakness","floor":49,"key":"SMITH"}],"neow_cost":"NONE","seed_source_timestamp":0,"circlet_count":0,"master_deck":["Strike_R","Strike_R","Strike_R","Strike_R","Defend_R","Defend_R","Defend_R","Defend_R","Bash","Flex+1","Ghostly Armor+1","Clash+1","Pommel Strike","Heavy Blade","Inflame+1","Cleave","Bludgeon+1","Anger","Spot Weakness+1","Rampage+1","Fiend Fire+1","Pommel Strike","Headbutt","Flame Barrier+1","Flex","Headbutt+1","Armaments","Pommel Strike+1","Normality","Normality","Inflame+1","Madness","Madness"],"special_seed":0,"relics":["Black Blood","NeowsBlessing","Regal Pillow","MawBank","Boot","Darkstone Periapt","Black Star","Bag of Marbles","Bag of Preparation","Toolbox","Pen Nib","Oddly Smooth Stone","Vajra","Lantern","Letter Opener","Whetstone","Torii","Strawberry","Bottled Tornado","Red Mask"],"potions_floor_usage":[41,41,44,50],"damage_taken":[{"damage":0.0,"enemies":"2 Louse","floor":1.0,"turns":1.0},{"damage":0.0,"enemies":"Jaw Worm","floor":4.0,"turns":1.0},{"damage":0.0,"enemies":"Gremlin Nob","floor":6.0,"turns":1.0},{"damage":0.0,"enemies":"Small Slimes","floor":10.0,"turns":4.0},{"damage":7.0,"enemies":"3 Louse","floor":11.0,"turns":2.0},{"damage":21.0,"enemies":"Lagavulin","floor":13.0,"turns":4.0},{"damage":12.0,"enemies":"Blue Slaver","floor":14.0,"turns":2.0},{"damage":0.0,"enemies":"Slime Boss","floor":16.0,"turns":4.0},{"damage":25.0,"enemies":"2 Thieves","floor":18.0,"turns":4.0},{"damage":24.0,"enemies":"Shell Parasite","floor":20.0,"turns":5.0},{"damage":21.0,"enemies":"3 Cultists","floor":22.0,"turns":4.0},{"damage":65.0,"enemies":"Slavers","floor":24.0,"turns":6.0},{"damage":15,"enemies":"Snecko","floor":28,"turns":3},{"damage":15,"enemies":"Snake Plant","floor":29,"turns":2},{"damage":14,"enemies":"Centurion and Healer","floor":30,"turns":5},{"damage":15,"enemies":"Chosen and Byrds","floor":31,"turns":3},{"damage":85,"enemies":"Champ","floor":33,"turns":8},{"damage":13,"enemies":"Orb Walker","floor":35,"turns":3},{"damage":0,"enemies":"3 Shapes","floor":36,"turns":2},{"damage":5,"enemies":"Sphere and 2 Shapes","floor":37,"turns":4},{"damage":172,"enemies":"Reptomancer","floor":41,"turns":5},{"damage":57,"enemies":"Spire Growth","floor":42,"turns":6},{"damage":99,"enemies":"Nemesis","floor":44,"turns":5},{"damage":89,"enemies":"Time Eater","floor":50,"turns":7}],"seed_played":"7644761879383000622","potions_obtained":[{"floor":4.0,"key":"SkillPotion"},{"floor":6.0,"key":"Weak Potion"},{"floor":10.0,"key":"Explosive Potion"},{"floor":14.0,"key":"BloodPotion"},{"floor":22.0,"key":"Strength Potion"},{"floor":24.0,"key":"Dexterity Potion"},{"floor":41,"key":"Weak Potion"}],"is_trial":false,"path_per_floor":["M","?","?","M","?","E","?","R","T","M","M","R","E","M","R","B",null,"M","$","M","$","M","R","E","?","T","$","M","M","M","M","R","B",null,"M","M","M","?","?","R","E","M","T","E","R","?","R","?","R","B",null],"character_chosen":"IRONCLAD","campfire_rested":4,"item_purchase_floors":[19,19,19,21],"current_hp_per_floor":[80,73,70,76,65,71,55,55,55,61,60,80,65,59,59,65,80,61,61,43,43,144,144,85,91,91,200,191,182,174,165,270,191,301,298,301,301,313,323,323,161,114,114,112,226,185,299,299,299,220],"gold":0,"neow_bonus":"THREE_ENEMY_KILL","is_prod":false,"is_daily":false,"chose_seed":false,"campfire_upgraded":5,"win_rate":0,"timestamp":1568760308,"path_taken":["M","?","?","M","?","E","?","R","T","M","M","R","E","?","R","BOSS","M","$","M","$","M","R","E","?","T","$","M","M","M","M","R","BOSS","M","M","M","?","?","R","E","?","T","E","R","?","R","?","R","BOSS"],"build_version":"2019-07-17","purchased_purges":1,"victory":true,"max_hp_per_floor":[80,80,80,80,80,80,80,80,80,80,80,80,80,80,80,80,80,80,80,80,80,161,161,161,167,167,301,301,301,301,301,301,301,301,301,301,301,313,323,323,323,323,323,330,330,330,330,330,330,330],"card_choices":[{"not_picked":["Heavy Blade","Perfected Strike"],"picked":"Flex","floor":1.0},{"not_picked":["Pummel","Shrug It Off"],"picked":"Ghostly Armor","floor":4.0},{"not_picked":["Anger","Iron Wave"],"picked":"Clash","floor":6.0},{"not_picked":["Havoc","Whirlwind"],"picked":"Pommel Strike","floor":10.0},{"not_picked":["Dropkick","Carnage"],"picked":"Heavy Blade","floor":11.0},{"not_picked":["Barricade","Clash"],"picked":"Inflame","floor":13.0},{"not_picked":["Sentinel","Clothesline"],"picked":"Cleave","floor":14.0},{"not_picked":["Offering","Double Tap"],"picked":"Bludgeon","floor":16.0},{"not_picked":["Body Slam+1","Warcry"],"picked":"Anger","floor":18.0},{"not_picked":["Perfected Strike","Infernal Blade+1"],"picked":"Rampage","floor":20.0},{"not_picked":["Iron Wave","Second Wind"],"picked":"Fiend Fire","floor":22.0},{"not_picked":["Hemokinesis","Disarm+1"],"picked":"Pommel Strike","floor":24.0},{"not_picked":["Havoc","Seeing Red"],"picked":"Headbutt","floor":28},{"not_picked":["Heavy Blade+1","Headbutt+1"],"picked":"Flame Barrier","floor":29},{"not_picked":["Pommel Strike","Warcry+1"],"picked":"Flex","floor":30},{"not_picked":["Warcry+1","Dropkick"],"picked":"Headbutt+1","floor":31},{"not_picked":["Impervious","Offering"],"picked":"Limit Break","floor":33},{"not_picked":["Rampage+1","Carnage+1","Combust"],"picked":"SKIP","floor":35},{"not_picked":["Clash","Pummel"],"picked":"Armaments","floor":36},{"not_picked":["Armaments","Rage"],"picked":"Pommel Strike+1","floor":37},{"not_picked":["Fire Breathing","Armaments","Dual Wield+1"],"picked":"SKIP","floor":41},{"not_picked":["Twin Strike","Second Wind"],"picked":"Inflame+1","floor":42},{"not_picked":["Barricade","Clash","Thunderclap"],"picked":"SKIP","floor":44}],"player_experience":373024,"relics_obtained":[{"floor":6.0,"key":"MawBank"},{"floor":9.0,"key":"Boot"},{"floor":13.0,"key":"Darkstone Periapt"},{"floor":24.0,"key":"Pen Nib"},{"floor":24.0,"key":"Oddly Smooth Stone"},{"floor":26.0,"key":"Lantern"},{"floor":41,"key":"Letter Opener"},{"floor":41,"key":"Whetstone"},{"floor":43,"key":"Torii"},{"floor":44,"key":"Strawberry"},{"floor":44,"key":"Bottled Tornado"}],"event_choices":[{"damage_healed":0.0,"max_hp_gain":0.0,"max_hp_loss":0.0,"gold_gain":0.0,"event_name":"Golden Wing","player_choice":"Card Removal","floor":2.0,"gold_loss":0.0,"damage_taken":7.0},{"damage_healed":0.0,"max_hp_gain":0.0,"max_hp_loss":0.0,"gold_gain":0.0,"event_name":"Scrap Ooze","player_choice":"Success","floor":3.0,"gold_loss":0.0,"damage_taken":3.0,"relics_obtained":["Regal Pillow"]},{"damage_healed":0.0,"max_hp_gain":0.0,"max_hp_loss":0.0,"gold_gain":75.0,"event_name":"World of Goop","player_choice":"Gather Gold","floor":5.0,"gold_loss":0.0,"damage_taken":11.0},{"damage_healed":0.0,"max_hp_gain":0.0,"max_hp_loss":0.0,"gold_gain":0.0,"event_name":"Shining Light","player_choice":"Entered Light","floor":7.0,"gold_loss":0.0,"cards_upgraded":["Flex","Clash"],"damage_taken":16.0},{"damage_healed":0.0,"max_hp_gain":0.0,"max_hp_loss":0.0,"gold_gain":0.0,"event_name":"The Mausoleum","player_choice":"Opened","floor":25.0,"gold_loss":0.0,"damage_taken":0.0,"cards_obtained":["Writhe"],"relics_obtained":["Vajra"]},{"damage_healed":0,"gold_gain":999,"player_choice":"Gold","damage_taken":0,"max_hp_gain":0,"max_hp_loss":0,"event_name":"MindBloom","floor":38,"gold_loss":0,"cards_obtained":["Normality","Normality"]},{"cards_removed":["Limit Break"],"damage_healed":0,"gold_gain":0,"player_choice":"Offered Rare","damage_taken":0,"max_hp_gain":10,"max_hp_loss":0,"event_name":"Bonfire Elementals","floor":39,"gold_loss":0},{"damage_healed":0,"gold_gain":0,"player_choice":"Embrace Madness","damage_taken":41,"max_hp_gain":0,"max_hp_loss":0,"event_name":"Winding Halls","floor":46,"gold_loss":0,"cards_obtained":["Madness","Madness"]},{"damage_healed":0,"gold_gain":0,"player_choice":"Paid","damage_taken":0,"relics_obtained":["Red Mask"],"max_hp_gain":0,"max_hp_loss":0,"event_name":"Tomb of Lord Red Mask","floor":48,"gold_loss":1543}],"is_beta":false,"boss_relics":[{"not_picked":["Runic Pyramid","Astrolabe"],"picked":"Black Star"},{"not_picked":["Velvet Choker","Sozu"],"picked":"Black Blood"}],"items_purged_floors":[27],"is_endless":false,"potions_floor_spawned":[4,6,10,11,14,22,24,30,33,35,37,41],"ascension_level":0}