{"gold_per_floor":[114,129,304,319,334,364,364,379,379,234,234,234,249,264,264,364,364,379,394,409,30,30,60,60,45,70,70,21,36,51,66,66,166,166,181,1180,1195,1195,1210,1210,1225,1225,1250,466,796,796,796,811,811,811],"floor_reached":50,"playtime":2500,"items_purged":["Strike_G","Strike_G","Slice"],"score":723,"play_id":"b57a8057-04ba-479e-937f-5387cb798431","local_time":"20181103184940","daily_mods":["Cursed Run","Uncertain Future","Terminal"],"is_ascension_mode":false,"campfire_choices":[{"data":"Blade Dance","floor":7,"key":"SMITH"},{"data":"Blade Dance","floor":12,"key":"SMITH"},{"floor":15,"key":"REST"},{"floor":24,"key":"DIG"},{"floor":27,"key":"DIG"},{"floor":32,"key":"REST"},{"data":"Catalyst","floor":40,"key":"SMITH"},{"floor":47,"key":"DIG"},{"data":"Cloak And Dagger","floor":49,"key":"SMITH"}],"neow_cost":"","seed_source_timestamp":0,"circlet_count":0,"master_deck":["Survivor","Neutralize","Bane","Poisoned Stab","Doubt","Cloak And Dagger","Cloak And Dagger+1","Blade Dance+1","Outmaneuver","Clumsy","Blade Dance+1","Poisoned Stab","Outmaneuver","Calculated Gamble","Writhe","Corpse Explosion","Accuracy","Flying Knee+1","Blade Dance","Catalyst+1","Deadly Poison","PiercingWail+1","Backflip","Injury","Poisoned Stab","Terror+1","Backstab","Grand Finale","Parasite","Phantasmal Killer+1","Underhanded Strike","Deadly Poison+1","Footwork","Poisoned Stab","Eviscerate","Underhanded Strike","Catalyst+1","Normality","Normality","Cloak And Dagger+1","Infinite Blades+1","Writhe","Parasite","Accuracy","Apotheosis+1","Dash","PanicButton+1","Bouncing Flask+1","Parasite"],"special_seed":17838,"relics":["Cursed Key","Darkstone Periapt","Du-Vu Doll","Strawberry","Bird Faced Urn","Tingsha","Lizard Tail","Lantern","Shovel","MawBank","Bag of Preparation","Toxic Egg 2","Pandora\u0027s Box","Bronze Scales","DollysMirror","Old Coin","Paper Crane"],"potions_floor_usage":[18,33,33,45,46,50,50,50],"damage_taken":[{"damage":0,"enemies":"2 Louse","floor":1,"turns":3},{"damage":0,"enemies":"Jaw Worm","floor":2,"turns":4},{"damage":0,"enemies":"Cultist","floor":4,"turns":3},{"damage":0,"enemies":"Red Slaver","floor":5,"turns":2},{"damage":38,"enemies":"Gremlin Nob","floor":6,"turns":5},{"damage":0,"enemies":"Exordium Wildlife","floor":8,"turns":3},{"damage":0,"enemies":"Large Slime","floor":13,"turns":4},{"damage":0,"enemies":"3 Louse","floor":14,"turns":3},{"damage":47,"enemies":"Slime Boss","floor":16,"turns":12},{"damage":0,"enemies":"Shell Parasite","floor":18,"turns":3},{"damage":9,"enemies":"Spheric Guardian","floor":19,"turns":4},{"damage":11,"enemies":"Snecko","floor":20,"turns":4},{"damage":17,"enemies":"Book of Stabbing","floor":23,"turns":4},{"damage":0,"enemies":"Snake Plant","floor":29,"turns":3},{"damage":21,"enemies":"Sentry and Sphere","floor":30,"turns":4},{"damage":0,"enemies":"Cultist and Chosen","floor":31,"turns":4},{"damage":43,"enemies":"Collector","floor":33,"turns":6},{"damage":0,"enemies":"Orb Walker","floor":35,"turns":1},{"damage":9,"enemies":"3 Shapes","floor":37,"turns":2},{"damage":4,"enemies":"Spire Growth","floor":39,"turns":3},{"damage":18,"enemies":"3 Darklings","floor":41,"turns":4},{"damage":7,"enemies":"Reptomancer","floor":45,"turns":2},{"damage":0,"enemies":"Jaw Worm Horde","floor":46,"turns":1},{"damage":19,"enemies":"Writhing Mass","floor":48,"turns":3},{"damage":117,"enemies":"Awakened One","floor":50,"turns":6}],"seed_played":"-2706670259643309342","potions_obtained":[{"floor":4,"key":"Strength Potion"},{"floor":8,"key":"Weak Potion"},{"floor":14,"key":"Energy Potion"},{"floor":19,"key":"Dexterity Potion"},{"floor":30,"key":"AttackPotion"},{"floor":37,"key":"Dexterity Potion"},{"floor":39,"key":"Swift Potion"},{"floor":45,"key":"SteroidPotion"},{"floor":48,"key":"Block Potion"}],"is_trial":false,"path_per_floor":["M","M","?","M","M","E","R","M","T","$","?","R","M","M","R","B",null,"M","M","M","$","?","E","R","$","T","R","$","M","M","M","R","B",null,"M","?","M","?","M","R","M","?","T","$","E","M","R","M","R","B"],"character_chosen":"THE_SILENT","items_purchased":["Blade Dance","Poisoned Stab","Catalyst","Lantern","Deadly Poison","Backflip","Poisoned Stab","DollysMirror","Apotheosis+1","SmokeBomb","Dash","PanicButton+1"],"campfire_rested":2,"item_purchase_floors":[10,10,21,21,21,25,28,44,44,44,44,44],"current_hp_per_floor":[68,67,72,71,70,39,39,39,45,45,45,45,45,45,67,26,77,76,67,56,56,56,41,41,41,47,47,47,49,30,32,52,17,72,71,82,75,75,73,73,57,82,87,86,79,79,79,68,68,0],"gold":811,"neow_bonus":"","is_prod":false,"is_daily":true,"chose_seed":false,"campfire_upgraded":4,"win_rate":0.0,"timestamp":1541288980,"path_taken":["M","M","?","M","M","E","R","M","T","$","?","R","M","?","R","BOSS","M","M","M","?","?","E","R","$","T","R","?","M","M","M","R","BOSS","M","?","M","?","M","R","M","?","T","$","E","M","R","M","R","BOSS"],"build_version":"2018-11-01","purchased_purges":3,"victory":false,"max_hp_per_floor":[68,67,72,71,70,76,75,74,79,78,77,76,75,74,73,78,77,76,75,74,73,72,71,70,69,74,73,72,71,70,69,68,73,72,71,82,81,80,79,78,77,82,87,86,85,84,83,88,87,87],"card_choices":[{"not_picked":["Distraction","Eviscerate"],"picked":"Bane","floor":1},{"not_picked":["Quick Slash","Crippling Poison"],"picked":"Poisoned Stab","floor":2},{"not_picked":["Reflex","Tactician"],"picked":"Cloak And Dagger","floor":4},{"not_picked":["Flying Knee","Dagger Throw"],"picked":"Cloak And Dagger","floor":5},{"not_picked":["Distraction","Dash"],"picked":"Blade Dance","floor":6},{"not_picked":["Deflect","Tools of the Trade"],"picked":"Outmaneuver","floor":8},{"not_picked":["Predator","Escape Plan"],"picked":"Outmaneuver","floor":13},{"not_picked":["Sucker Punch","Finisher"],"picked":"Calculated Gamble","floor":14},{"not_picked":["Wraith Form v2","Doppelganger"],"picked":"Corpse Explosion","floor":16},{"not_picked":["Dagger Spray","Skewer+1"],"picked":"Accuracy","floor":18},{"not_picked":["Outmaneuver","Prepared"],"picked":"Flying Knee+1","floor":19},{"not_picked":["Dodge and Roll","Deadly Poison"],"picked":"Blade Dance","floor":20},{"not_picked":["Choke","Riddle With Holes+1"],"picked":"PiercingWail+1","floor":23},{"not_picked":["Dodge and Roll+1","Predator"],"picked":"Terror+1","floor":29},{"not_picked":["Slice","Well Laid Plans"],"picked":"Backstab","floor":30},{"not_picked":["Poisoned Stab+1","All Out Attack"],"picked":"Grand Finale","floor":31},{"not_picked":["Adrenaline+1","Glass Knife"],"picked":"Phantasmal Killer+1","floor":33},{"not_picked":["Footwork","Prepared+1","Setup+1"],"picked":"SKIP","floor":35},{"not_picked":["Slice","Flying Knee"],"picked":"Cloak And Dagger+1","floor":37},{"not_picked":["Well Laid Plans","Slice+1","Tactician+1"],"picked":"SKIP","floor":39},{"not_picked":["Bane","Slice+1"],"picked":"Infinite Blades+1","floor":41},{"not_picked":["Setup+1","Dagger Spray+1"],"picked":"Bouncing Flask+1","floor":45},{"not_picked":["Bullet Time+1","Finisher","Skewer"],"picked":"SKIP","floor":48}],"player_experience":13547,"relics_obtained":[{"floor":6,"key":"Strawberry"},{"floor":9,"key":"Bird Faced Urn"},{"floor":23,"key":"Shovel"},{"floor":24,"key":"MawBank"},{"floor":26,"key":"Bag of Preparation"},{"floor":27,"key":"Toxic Egg 2"},{"floor":43,"key":"Bronze Scales"},{"floor":45,"key":"Old Coin"},{"floor":47,"key":"Paper Crane"}],"event_choices":[{"damage_healed":0,"gold_gain":175,"player_choice":"AGREE","damage_taken":0,"max_hp_gain":0,"max_hp_loss":0,"event_name":"Liars Game","floor":3,"gold_loss":0,"cards_obtained":["Doubt"]},{"damage_healed":0,"gold_gain":0,"player_choice":"Gave Potion","damage_taken":0,"relics_obtained":["Tingsha"],"max_hp_gain":0,"max_hp_loss":0,"event_name":"WeMeetAgain","floor":11,"gold_loss":0},{"damage_healed":0,"gold_gain":0,"player_choice":"Ignored","damage_taken":0,"max_hp_gain":0,"max_hp_loss":0,"event_name":"Beggar","floor":22,"gold_loss":0},{"damage_healed":0,"gold_gain":999,"player_choice":"Gold","damage_taken":0,"max_hp_gain":0,"max_hp_loss":0,"event_name":"MindBloom","floor":36,"gold_loss":0,"cards_obtained":["Normality","Normality"]},{"damage_healed":0,"gold_gain":0,"player_choice":"Ignored","damage_taken":0,"max_hp_gain":0,"max_hp_loss":0,"event_name":"Mysterious Sphere","floor":38,"gold_loss":0},{"damage_healed":19,"gold_gain":0,"player_choice":"Writhe","damage_taken":0,"max_hp_gain":0,"max_hp_loss":0,"event_name":"Winding Halls","floor":42,"gold_loss":0,"cards_obtained":["Writhe"]}],"is_beta":false,"boss_relics":[{"not_picked":["Philosopher\u0027s Stone","Sozu"],"picked":"Lizard Tail"},{"not_picked":["White Beast Statue","Velvet Choker"],"picked":"Pandora\u0027s Box"}],"items_purged_floors":[10,21,44],"is_endless":false,"potions_floor_spawned":[4,8,14,19,30,31,37,39,45,48],"killed_by":"Awakened One","ascension_level":0}