{"gold_per_floor":[113,126,136,136,136,136,136,136,209,209,222,38,61,81,81,205,205,226,141,141],"floor_reached":20,"playtime":833,"items_purged":[],"score":164,"play_id":"e9b2f6bc-0e99-4adc-b841-cb1f3861866d","local_time":"20190919161159","is_ascension_mode":false,"campfire_choices":[{"floor":6,"key":"REST"},{"floor":8,"key":"REST"},{"data":"Footwork","floor":10,"key":"SMITH"},{"data":"Burst","floor":15,"key":"SMITH"}],"neow_cost":"NONE","seed_source_timestamp":4873768875700,"circlet_count":0,"master_deck":["Strike_G","Strike_G","Strike_G","Strike_G","Defend_G","Defend_G","Defend_G+1","Defend_G","Defend_G","Survivor","Neutralize","Footwork+1","Crippling Poison","Backflip","Infinite Blades","Burst+1","Deadly Poison","Venomology+1","Infinite Blades"],"relics":["Ring of the Snake","Happy Flower","Golden Idol","Ninja Scroll","Vajra","Fusion Hammer","War Paint"],"potions_floor_usage":[18],"damage_taken":[{"damage":1,"enemies":"Jaw Worm","floor":1,"turns":5},{"damage":0,"enemies":"Small Slimes","floor":2,"turns":4},{"damage":0,"enemies":"2 Louse","floor":3,"turns":3},{"damage":0,"enemies":"Exordium Wildlife","floor":11,"turns":4},{"damage":1,"enemies":"Large Slime","floor":13,"turns":7},{"damage":0,"enemies":"2 Fungi Beasts","floor":14,"turns":3},{"damage":8,"enemies":"The Guardian","floor":16,"turns":12},{"damage":0,"enemies":"Chosen","floor":18,"turns":5}],"seed_played":"-1287673527394487251","potions_obtained":[{"floor":0,"key":"Block Potion"},{"floor":0,"key":"Weak Potion"},{"floor":0,"key":"Regen Potion"},{"floor":16,"key":"Ancient Potion"}],"is_trial":false,"path_per_floor":["M","M","M","?","?","R","?","R","T","R","M","$","M","M","R","B",null,"M","?","?"],"character_chosen":"THE_SILENT","items_purchased":["Vajra","Infinite Blades"],"campfire_rested":2,"item_purchase_floors":[12,12],"current_hp_per_floor":[69,69,69,36,19,40,33,54,54,54,54,54,53,53,53,45,70,70,70,70],"gold":141,"neow_bonus":"THREE_SMALL_POTIONS","is_prod":false,"is_daily":false,"chose_seed":false,"campfire_upgraded":2,"win_rate":0,"timestamp":1568877119,"path_taken":["M","M","M","?","?","R","?","R","T","R","?","$","M","M","R","BOSS","M","?","?"],"build_version":"2019-09-18","purchased_purges":0,"victory":false,"max_hp_per_floor":[70,70,70,70,70,70,70,70,70,70,70,70,70,70,70,70,70,70,70,70],"card_choices":[{"not_picked":["Blade Dance","Slice"],"picked":"Footwork","floor":1},{"not_picked":["Flying Knee","Acrobatics"],"picked":"Crippling Poison","floor":2},{"not_picked":["Calculated Gamble","Flechettes","Prepared"],"picked":"SKIP","floor":3},{"not_picked":["Blade Dance","Eviscerate"],"picked":"Backflip","floor":11},{"not_picked":["Skewer","Underhanded Strike"],"picked":"Burst","floor":13},{"not_picked":["Eviscerate","Underhanded Strike"],"picked":"Deadly Poison","floor":14},{"not_picked":["Night Terror","A Thousand Cuts"],"picked":"Venomology","floor":16},{"not_picked":["Dagger Spray+1","Dodge and Roll"],"picked":"Infinite Blades","floor":18}],"player_experience":496164,"relics_obtained":[{"floor":9,"key":"Ninja Scroll"}],"event_choices":[{"damage_healed":0,"gold_gain":0,"player_choice":"Success","damage_taken":33,"relics_obtained":["Happy Flower"],"max_hp_gain":0,"max_hp_loss":0,"event_name":"Scrap Ooze","floor":4,"gold_loss":0},{"damage_healed":0,"gold_gain":0,"player_choice":"Take Damage","damage_taken":17,"relics_obtained":["Golden Idol"],"max_hp_gain":0,"max_hp_loss":0,"event_name":"Golden Idol","floor":5,"gold_loss":0},{"cards_removed":["Strike_G"],"damage_healed":0,"gold_gain":0,"player_choice":"Card Removal","damage_taken":7,"max_hp_gain":0,"max_hp_loss":0,"event_name":"Golden Wing","floor":7,"gold_loss":0},{"damage_healed":0,"gold_gain":0,"player_choice":"Obtained Relic","damage_taken":0,"relics_obtained":["War Paint"],"max_hp_gain":0,"max_hp_loss":0,"event_name":"Addict","floor":19,"gold_loss":85}],"is_beta":true,"boss_relics":[{"not_picked":["Sozu","HoveringKite"],"picked":"Fusion Hammer"}],"items_purged_floors":[],"is_endless":false,"potions_floor_spawned":[2,3,11,16,18],"ascension_level":0}