{"gold_per_floor":[111,111,36,36,48,80,80,108,135,155,39,89,101,115,115,115],"floor_reached":16,"playtime":633,"items_purged":[],"score":257,"play_id":"92e059e3-98d0-4d21-811c-23ddb836b07c","local_time":"20190901233852","is_ascension_mode":true,"campfire_choices":[{"data":"Glacier","floor":7.0,"key":"SMITH"},{"floor":15,"key":"REST"}],"neow_cost":"NONE","seed_source_timestamp":1302692915859714,"circlet_count":0,"master_deck":["AscendersBane","Strike_B","Strike_B","Strike_B","Strike_B","Defend_B","Defend_B","Defend_B","Zap","Dualcast","Glacier+1","Cold Snap","FTL","Hologram","Capacitor","Glacier","BootSequence"],"special_seed":0,"relics":["Cracked Core","NeowsBlessing","Ancient Tea Set","Kunai","Vajra"],"potions_floor_usage":[14,16],"damage_taken":[{"damage":0.0,"enemies":"Small Slimes","floor":1.0,"turns":1.0},{"damage":0.0,"enemies":"2 Louse","floor":5.0,"turns":1.0},{"damage":0.0,"enemies":"Gremlin Nob","floor":6.0,"turns":1.0},{"damage":23.0,"enemies":"Lagavulin","floor":8.0,"turns":7.0},{"damage":0.0,"enemies":"Cultist","floor":10.0,"turns":3.0},{"damage":5,"enemies":"Blue Slaver","floor":13,"turns":3},{"damage":0,"enemies":"Lots of Slimes","floor":14,"turns":3},{"damage":59,"enemies":"Hexaghost","floor":16,"turns":17}],"seed_played":"3018354818237910206","potions_obtained":[{"floor":1.0,"key":"PowerPotion"},{"floor":5.0,"key":"Block Potion"},{"floor":10.0,"key":"Fire Potion"}],"is_trial":false,"path_per_floor":["M","?","?","?","M","E","R","E","T","M","$","?","M","M","R","B"],"character_chosen":"DEFECT","items_purchased":["Capacitor","Glacier"],"campfire_rested":1,"item_purchase_floors":[11,11],"current_hp_per_floor":[64,69,69,58,58,58,58,35,35,35,35,35,30,30,52,0],"gold":115,"neow_bonus":"THREE_ENEMY_KILL","is_prod":false,"is_daily":false,"chose_seed":false,"campfire_upgraded":1,"win_rate":0,"timestamp":1567399132,"path_taken":["M","?","?","?","M","E","R","E","T","?","$","?","M","M","R","BOSS"],"build_version":"2019-07-17","purchased_purges":0,"victory":false,"max_hp_per_floor":[71,76,76,76,76,76,76,76,76,76,76,76,76,76,76,76],"card_choices":[{"not_picked":["Turbo","Sweeping Beam"],"picked":"Glacier","floor":1.0},{"not_picked":["Blizzard","Reprogram"],"picked":"Cold Snap","floor":5.0},{"not_picked":["Melter","Steam","Redo"],"picked":"SKIP","floor":6.0},{"not_picked":["BootSequence","Hologram"],"picked":"FTL","floor":8.0},{"not_picked":["Double Energy","Multi-Cast"],"picked":"Hologram","floor":10.0},{"not_picked":["Streamline","Hologram"],"picked":"BootSequence","floor":13},{"not_picked":["Sweeping Beam","Turbo","Compile Driver"],"picked":"SKIP","floor":14}],"player_experience":1046674,"relics_obtained":[{"floor":6.0,"key":"Ancient Tea Set"},{"floor":8.0,"key":"Kunai"},{"floor":9.0,"key":"Vajra"}],"event_choices":[{"damage_healed":0.0,"max_hp_gain":5.0,"max_hp_loss":0.0,"gold_gain":0.0,"event_name":"Big Fish","player_choice":"Donut","floor":2.0,"gold_loss":0.0,"damage_taken":0.0},{"cards_removed":["Defend_B"],"damage_healed":0.0,"max_hp_gain":0.0,"max_hp_loss":0.0,"gold_gain":0.0,"event_name":"The Cleric","player_choice":"Card Removal","floor":3.0,"gold_loss":75.0,"damage_taken":0.0},{"damage_healed":0.0,"max_hp_gain":0.0,"max_hp_loss":0.0,"gold_gain":0.0,"event_name":"Wheel of Change","player_choice":"Damaged","floor":4.0,"gold_loss":0.0,"damage_taken":11.0},{"damage_healed":0.0,"max_hp_gain":0.0,"max_hp_loss":0.0,"gold_gain":50.0,"event_name":"Golden Shrine","player_choice":"Pray","floor":12.0,"gold_loss":0.0,"damage_taken":0.0}],"is_beta":false,"boss_relics":[],"items_purged_floors":[],"is_endless":false,"potions_floor_spawned":[1,5,10],"killed_by":"Hexaghost","ascension_level":18}