{"gold_per_floor":[112,37,55,55,55,55,72,89,163,198,214,243,243,243,243,322,322,322,322,322,322,54,54,54,54,54,54,54,54,54,54,54,54,54,54,54,54,54,54,54,54,54,54,54,54,54,54,54,54,54],"floor_reached":50,"playtime":3500,"items_purged":["Strike_B","Writhe"],"score":1029,"play_id":"68d06583-5a2a-4f9d-b818-7a4d9dc63ee0","local_time":"20190906010452","is_ascension_mode":true,"campfire_choices":[{"data":"White Noise","floor":6.0,"key":"SMITH"},{"floor":15.0,"key":"REST"},{"data":"Hologram","floor":23.0,"key":"SMITH"},{"floor":32.0,"key":"REST"},{"data":"Defragment","floor":40.0,"key":"SMITH"},{"data":"Leap","floor":42,"key":"SMITH"},{"data":"Ball Lightning","floor":45,"key":"SMITH"},{"floor":49,"key":"REST"}],"neow_cost":"NONE","seed_source_timestamp":64723275387836,"circlet_count":0,"master_deck":["AscendersBane","Strike_B+1","Strike_B","Strike_B","Defend_B","Defend_B","Zap","Dualcast","Cold Snap+1","White Noise+1","Hologram+1","Defragment+1","White Noise","Leap+1","Electrodynamics","Conserve Battery","Electrodynamics","Skim","Cold Snap+1","Go for the Eyes+1","Ball Lightning+1","Rainbow"],"special_seed":0,"relics":["Nuclear Battery","FaceOfCleric","Bottled Flame","Whetstone","Regal Pillow","Thread and Needle","Ectoplasm","Cables","Bag of Preparation","Du-Vu Doll","StoneCalendar","Bottled Tornado","MutagenicStrength","Red Mask","Boot","Lizard Tail","Strawberry"],"potions_floor_usage":[],"damage_taken":[{"damage":2.0,"enemies":"Small Slimes","floor":1.0,"turns":4.0},{"damage":0.0,"enemies":"Cultist","floor":3.0,"turns":4.0},{"damage":3.0,"enemies":"Jaw Worm","floor":7.0,"turns":4.0},{"damage":0.0,"enemies":"Large Slime","floor":8.0,"turns":8.0},{"damage":7.0,"enemies":"Lagavulin","floor":10.0,"turns":6.0},{"damage":3.0,"enemies":"3 Louse","floor":11.0,"turns":4.0},{"damage":17.0,"enemies":"Gremlin Nob","floor":12.0,"turns":4.0},{"damage":21.0,"enemies":"The Guardian","floor":16.0,"turns":12.0},{"damage":12.0,"enemies":"Shell Parasite","floor":18.0,"turns":4.0},{"damage":1.0,"enemies":"Spheric Guardian","floor":19.0,"turns":5.0},{"damage":3.0,"enemies":"Shelled Parasite and Fungi","floor":24.0,"turns":6.0},{"damage":0.0,"enemies":"Gremlin Leader","floor":25.0,"turns":5.0},{"damage":33.0,"enemies":"Book of Stabbing","floor":27.0,"turns":6.0},{"damage":5.0,"enemies":"Masked Bandits","floor":29.0,"turns":2.0},{"damage":0.0,"enemies":"Cultist and Chosen","floor":31.0,"turns":5.0},{"damage":48.0,"enemies":"Champ","floor":33.0,"turns":11.0},{"damage":0.0,"enemies":"3 Darklings","floor":35.0,"turns":2.0},{"damage":0.0,"enemies":"3 Shapes","floor":37.0,"turns":2.0},{"damage":0.0,"enemies":"Sphere and 2 Shapes","floor":39.0,"turns":4.0},{"damage":6,"enemies":"Jaw Worm Horde","floor":41,"turns":3},{"damage":19,"enemies":"Spire Growth","floor":44,"turns":5},{"damage":8,"enemies":"3 Darklings","floor":48,"turns":2},{"damage":153,"enemies":"Awakened One","floor":50,"turns":17}],"seed_played":"-8380345471478254669","potions_obtained":[{"floor":7.0,"key":"Strength Potion"},{"floor":8.0,"key":"Energy Potion"},{"floor":10.0,"key":"Swift Potion"},{"floor":16.0,"key":"AttackPotion"},{"floor":19.0,"key":"FocusPotion"},{"floor":24.0,"key":"Fruit Juice"},{"floor":29.0,"key":"Fire Potion"},{"floor":35.0,"key":"Regen Potion"},{"floor":44,"key":"SteroidPotion"}],"is_trial":false,"path_per_floor":["M","$","M","?","$","R","M","M","T","E","M","E","?","T","R","B",null,"M","M","?","?","$","R","M","E","T","E","?","?","T","M","R","B",null,"M","$","M","?","M","R","M","R","T","M","R","?","?","M","R","B"],"character_chosen":"DEFECT","items_purchased":["Bag of Preparation"],"campfire_rested":3,"item_purchase_floors":[22],"current_hp_per_floor":[62,62,62,62,62,62,60,61,61,55,53,37,30,30,67,47,70,59,59,59,59,59,59,62,63,63,31,31,27,27,28,69,22,73,74,74,75,75,88,88,83,83,90,72,72,72,72,65,98,0],"gold":54,"neow_bonus":"BOSS_RELIC","is_prod":false,"is_daily":false,"chose_seed":false,"campfire_upgraded":5,"win_rate":0,"timestamp":1567749892,"path_taken":["M","$","M","?","$","R","M","M","T","E","?","E","?","?","R","BOSS","M","M","?","?","$","R","M","E","T","E","?","?","?","?","R","BOSS","M","$","M","?","M","R","M","R","T","M","R","?","?","M","R","BOSS"],"build_version":"2019-07-17","purchased_purges":2,"victory":false,"max_hp_per_floor":[71,71,71,71,71,71,72,73,73,74,75,76,76,76,76,77,77,78,79,79,79,79,79,85,86,86,87,87,88,88,89,89,90,90,91,91,92,92,93,93,94,94,101,102,102,97,97,98,98,98],"card_choices":[{"not_picked":["Barrage","Go for the Eyes"],"picked":"Cold Snap","floor":1.0},{"not_picked":["Conserve Battery","Heatsinks"],"picked":"White Noise","floor":3.0},{"not_picked":["Streamline","Go for the Eyes"],"picked":"Hologram","floor":7.0},{"not_picked":["Rip and Tear","Melter"],"picked":"Defragment","floor":8.0},{"not_picked":["White Noise","Buffer","Reinforced Body"],"picked":"SKIP","floor":10.0},{"not_picked":["Buffer","Reinforced Body"],"picked":"White Noise","floor":10.0},{"not_picked":["Cold Snap","Sunder","Sweeping Beam"],"picked":"SKIP","floor":11.0},{"not_picked":["Turbo","Hologram"],"picked":"Leap","floor":12.0},{"not_picked":["All For One","Buffer"],"picked":"Electrodynamics","floor":16.0},{"not_picked":["Streamline","Hologram"],"picked":"Conserve Battery","floor":18.0},{"not_picked":["Beam Cell","Chaos","Aggregate"],"picked":"SKIP","floor":19.0},{"not_picked":["Reinforced Body","Turbo","Leap"],"picked":"SKIP","floor":24.0},{"not_picked":["Steam","Compile Driver","Reprogram"],"picked":"SKIP","floor":25.0},{"not_picked":["Hologram","Force Field"],"picked":"Beam Cell+1","floor":27.0},{"not_picked":["Melter","Gash","Scrape"],"picked":"SKIP","floor":31.0},{"not_picked":["Reboot","Core Surge"],"picked":"Electrodynamics","floor":33.0},{"not_picked":["Barrage","Scrape"],"picked":"Skim","floor":35.0},{"not_picked":["Stack","Redo"],"picked":"Cold Snap+1","floor":37.0},{"not_picked":["Go for the Eyes","Gash","Reprogram"],"picked":"SKIP","floor":39.0},{"not_picked":["Rebound+1","Leap"],"picked":"Go for the Eyes+1","floor":41},{"not_picked":["Darkness","FTL"],"picked":"Ball Lightning","floor":44},{"not_picked":["Hologram","Ball Lightning"],"picked":"Rainbow","floor":48}],"player_experience":1114250,"relics_obtained":[{"floor":9.0,"key":"Bottled Flame"},{"floor":10.0,"key":"Whetstone"},{"floor":12.0,"key":"Regal Pillow"},{"floor":14.0,"key":"Thread and Needle"},{"floor":25.0,"key":"Du-Vu Doll"},{"floor":26.0,"key":"StoneCalendar"},{"floor":27.0,"key":"Bottled Tornado"},{"floor":29.0,"key":"Red Mask"},{"floor":30.0,"key":"Boot"},{"floor":43,"key":"Strawberry"}],"event_choices":[{"damage_healed":0.0,"max_hp_gain":0.0,"max_hp_loss":0.0,"gold_gain":0.0,"event_name":"FaceTrader","player_choice":"Trade","floor":4.0,"gold_loss":0.0,"damage_taken":0.0,"relics_obtained":["FaceOfCleric"]},{"cards_removed":["Defend_B"],"damage_healed":0.0,"max_hp_gain":0.0,"max_hp_loss":0.0,"gold_gain":0.0,"event_name":"Golden Wing","player_choice":"Card Removal","floor":13.0,"gold_loss":0.0,"damage_taken":7.0},{"damage_healed":0.0,"max_hp_gain":0.0,"max_hp_loss":0.0,"gold_gain":0.0,"event_name":"The Mausoleum","player_choice":"Opened","floor":20.0,"gold_loss":0.0,"damage_taken":0.0,"relics_obtained":["Cables"],"cards_obtained":["Writhe"]},{"damage_healed":0.0,"max_hp_gain":0.0,"max_hp_loss":0.0,"gold_gain":0.0,"event_name":"Vampires","player_choice":"Ignored","floor":21.0,"gold_loss":0.0,"damage_taken":0.0},{"damage_healed":0.0,"max_hp_gain":0.0,"max_hp_loss":0.0,"gold_gain":0.0,"event_name":"Drug Dealer","player_choice":"Inject Mutagens","floor":28.0,"gold_loss":0.0,"damage_taken":0.0,"relics_obtained":["MutagenicStrength"]},{"damage_healed":0.0,"max_hp_gain":0.0,"max_hp_loss":0.0,"gold_gain":0.0,"event_name":"Masked Bandits","player_choice":"Fought Bandits","floor":29.0,"gold_loss":0.0,"damage_taken":0.0},{"cards_removed":["Beam Cell"],"damage_healed":0.0,"max_hp_gain":0.0,"max_hp_loss":0.0,"gold_gain":0.0,"event_name":"Falling","player_choice":"Removed Attack","floor":38.0,"gold_loss":0.0,"damage_taken":0.0},{"damage_healed":0,"gold_gain":0,"player_choice":"Max HP","damage_taken":0,"max_hp_gain":0,"max_hp_loss":5,"event_name":"Winding Halls","floor":46,"gold_loss":0},{"cards_removed":["Defend_B"],"damage_healed":0,"gold_gain":0,"player_choice":"Offered Basic","damage_taken":0,"max_hp_gain":0,"max_hp_loss":0,"event_name":"Bonfire Elementals","floor":47,"gold_loss":0}],"is_beta":false,"boss_relics":[{"not_picked":["Snecko Eye","White Beast Statue"],"picked":"Ectoplasm"},{"not_picked":["Sozu","Calling Bell"],"picked":"Lizard Tail"}],"items_purged_floors":[2,22],"is_endless":false,"potions_floor_spawned":[7,8,10,16,19,24,29,35,44],"killed_by":"Awakened One","ascension_level":19}