{"gold_per_floor":[114,189,199,211,235,260,260,26,75,88,105,105,140,152,152,229,229,246,257,257,46,46,46,66,81,107,107,142,142,159,159,159,231,231,245,245,145,0,14,41,41,61,108,134,149,149,149],"floor_reached":47,"playtime":2589,"items_purged":["Strike_R","Strike_R"],"score":1055,"play_id":"275e0973-1b5a-4124-9ccf-2c35c763a278","local_time":"20190917014608","is_ascension_mode":true,"campfire_choices":[{"data":"Carnage","floor":7.0,"key":"SMITH"},{"data":"Corruption","floor":12.0,"key":"SMITH"},{"data":"Shockwave","floor":15.0,"key":"SMITH"},{"data":"Shrug It Off","floor":23.0,"key":"SMITH"},{"data":"Shrug It Off","floor":27.0,"key":"SMITH"},{"data":"Seeing Red","floor":29.0,"key":"SMITH"},{"data":"Battle Trance","floor":32.0,"key":"SMITH"},{"floor":41.0,"key":"REST"},{"floor":46,"key":"REST"}],"neow_cost":"NONE","seed_source_timestamp":503996092946450,"circlet_count":0,"master_deck":["AscendersBane","Strike_R","Strike_R","Strike_R","Defend_R","Defend_R","Defend_R","Defend_R","Bash","Battle Trance+1","Carnage+1","Corruption+1","Reaper","Seeing Red+1","Shockwave+1","Dark Embrace+1","Shrug It Off+1","Disarm+1","Shrug It Off+1","Flame Barrier+1","True Grit+1","Writhe","Feed","Thinking Ahead+1","Secret Technique","Barricade"],"special_seed":0,"relics":["Burning Blood","Blood Vial","Anchor","Charon\u0027s Ashes","Ancient Tea Set","Magic Flower","Velvet Choker","Bag of Marbles","Red Skull","Pear","Happy Flower","Fusion Hammer","Red Mask","Lantern","War Paint","FossilizedHelix"],"potions_floor_usage":[47],"damage_taken":[{"damage":4.0,"enemies":"Jaw Worm","floor":1.0,"turns":5.0},{"damage":1.0,"enemies":"Cultist","floor":3.0,"turns":3.0},{"damage":14.0,"enemies":"2 Louse","floor":4.0,"turns":3.0},{"damage":35.0,"enemies":"Lagavulin","floor":6.0,"turns":5.0},{"damage":2.0,"enemies":"Exordium Wildlife","floor":10.0,"turns":2.0},{"damage":3.0,"enemies":"Exordium Thugs","floor":11.0,"turns":4.0},{"damage":5.0,"enemies":"3 Sentries","floor":13.0,"turns":3.0},{"damage":1.0,"enemies":"Looter","floor":14.0,"turns":2.0},{"damage":51.0,"enemies":"Hexaghost","floor":16.0,"turns":8.0},{"damage":0.0,"enemies":"Chosen","floor":18.0,"turns":3.0},{"damage":15.0,"enemies":"Spheric Guardian","floor":19.0,"turns":5.0},{"damage":2.0,"enemies":"Snake Plant","floor":24.0,"turns":3.0},{"damage":0.0,"enemies":"Cultist and Chosen","floor":25.0,"turns":3.0},{"damage":28.0,"enemies":"Gremlin Leader","floor":28.0,"turns":4.0},{"damage":0.0,"enemies":"Centurion and Healer","floor":30.0,"turns":5.0},{"damage":58.0,"enemies":"Automaton","floor":33.0,"turns":9.0},{"damage":11.0,"enemies":"3 Shapes","floor":35.0,"turns":5.0},{"damage":0.0,"enemies":"Orb Walker","floor":39.0,"turns":4.0},{"damage":32.0,"enemies":"Reptomancer","floor":40.0,"turns":6.0},{"damage":6.0,"enemies":"3 Darklings","floor":42.0,"turns":4.0},{"damage":94,"enemies":"Giant Head","floor":44,"turns":8},{"damage":0,"enemies":"Transient","floor":45,"turns":6},{"damage":90,"enemies":"Maw","floor":47,"turns":9}],"seed_played":"-2541077266963253023","potions_obtained":[{"floor":1.0,"key":"FearPotion"},{"floor":10.0,"key":"LiquidBronze"},{"floor":11.0,"key":"Fire Potion"},{"floor":14.0,"key":"Block Potion"},{"floor":19.0,"key":"FearPotion"},{"floor":24.0,"key":"PowerPotion"},{"floor":39.0,"key":"SpeedPotion"},{"floor":45,"key":"EssenceOfSteel"}],"is_trial":false,"path_per_floor":["M","?","M","M","T","E","R","$","T","M","M","R","E","M","R","B",null,"M","M","?","$","?","R","M","M","T","R","E","R","M","?","R","B",null,"M","?","$","?","M","E","R","M","T","E","M","R","M"],"character_chosen":"IRONCLAD","items_purchased":["Corruption","Reaper","Bag of Marbles","Disarm"],"campfire_rested":2,"item_purchase_floors":[8,8,21,21],"current_hp_per_floor":[72,61,68,62,62,35,35,35,35,41,54,54,69,75,75,42,67,75,75,54,54,54,54,73,80,80,80,74,74,90,90,90,56,82,93,88,88,88,96,93,96,96,96,11,34,62,0],"gold":149,"neow_bonus":"RANDOM_COMMON_RELIC","is_prod":false,"is_daily":false,"chose_seed":false,"campfire_upgraded":7,"win_rate":0,"timestamp":1568702768,"path_taken":["M","?","M","M","?","E","R","$","T","M","M","R","E","?","R","BOSS","M","M","?","$","?","R","M","?","T","R","E","R","M","?","R","BOSS","M","?","$","?","M","E","R","M","T","E","M","R","M"],"build_version":"2019-07-17","purchased_purges":2,"victory":false,"max_hp_per_floor":[75,75,75,75,75,75,75,75,75,75,75,75,75,75,75,75,75,75,75,80,80,80,80,80,80,80,80,90,90,90,90,90,90,90,93,93,93,93,96,96,96,96,96,96,96,96,96],"card_choices":[{"not_picked":["Combust","Bloodletting"],"picked":"Battle Trance","floor":1.0},{"not_picked":["Rupture","Burning Pact","Feel No Pain"],"picked":"SKIP","floor":3.0},{"not_picked":["True Grit","Flex"],"picked":"Carnage","floor":4.0},{"not_picked":["Iron Wave","Sword Boomerang","Heavy Blade"],"picked":"SKIP","floor":6.0},{"not_picked":["Iron Wave","Exhume","Sever Soul"],"picked":"SKIP","floor":10.0},{"not_picked":["Twin Strike","Clothesline","Perfected Strike"],"picked":"SKIP","floor":11.0},{"not_picked":["Clothesline","Heavy Blade"],"picked":"Seeing Red","floor":13.0},{"not_picked":["Armaments","Thunderclap"],"picked":"Shockwave","floor":14.0},{"not_picked":["Berserk","Reaper"],"picked":"Dark Embrace","floor":16.0},{"not_picked":["Havoc","Headbutt"],"picked":"Shrug It Off","floor":18.0},{"not_picked":["Spot Weakness","Iron Wave","Clothesline"],"picked":"SKIP","floor":19.0},{"not_picked":["Intimidate","Thunderclap","Havoc"],"picked":"SKIP","floor":24.0},{"not_picked":["Heavy Blade","Wild Strike+1"],"picked":"Shrug It Off","floor":25.0},{"not_picked":["Bloodletting+1","Clothesline"],"picked":"Flame Barrier+1","floor":28.0},{"not_picked":["Clothesline","Inflame+1"],"picked":"True Grit+1","floor":30.0},{"not_picked":["Brutality","Immolate"],"picked":"Feed","floor":33.0},{"not_picked":["Warcry","Rupture","Havoc+1"],"picked":"SKIP","floor":35.0},{"not_picked":["Dramatic Entrance","Madness"],"picked":"Thinking Ahead","floor":36.0},{"not_picked":["Thinking Ahead","Enlightenment"],"picked":"Secret Technique","floor":36.0},{"not_picked":["Heavy Blade","Intimidate","Headbutt"],"picked":"SKIP","floor":39.0},{"not_picked":["Clash","Fire Breathing+1","Shrug It Off"],"picked":"SKIP","floor":40.0},{"not_picked":["Pummel+1","Warcry+1","Heavy Blade"],"picked":"SKIP","floor":42.0},{"not_picked":["Body Slam","Power Through+1"],"picked":"Barricade","floor":44},{"not_picked":["Sword Boomerang","Dual Wield","Headbutt+1"],"picked":"SKIP","floor":45}],"player_experience":1307167,"relics_obtained":[{"floor":5.0,"key":"Anchor"},{"floor":6.0,"key":"Charon\u0027s Ashes"},{"floor":9.0,"key":"Ancient Tea Set"},{"floor":13.0,"key":"Magic Flower"},{"floor":26.0,"key":"Red Skull"},{"floor":28.0,"key":"Pear"},{"floor":40.0,"key":"Lantern"},{"floor":43.0,"key":"War Paint"},{"floor":44,"key":"FossilizedHelix"}],"event_choices":[{"damage_healed":0.0,"max_hp_gain":0.0,"max_hp_loss":0.0,"gold_gain":75.0,"event_name":"World of Goop","player_choice":"Gather Gold","floor":2.0,"gold_loss":0.0,"damage_taken":11.0},{"damage_healed":0.0,"max_hp_gain":5.0,"max_hp_loss":0.0,"gold_gain":0.0,"event_name":"Forgotten Altar","player_choice":"Shed Blood","floor":20.0,"gold_loss":0.0,"damage_taken":26.0},{"damage_healed":0.0,"max_hp_gain":0.0,"max_hp_loss":0.0,"gold_gain":0.0,"event_name":"Upgrade Shrine","player_choice":"Upgraded","floor":22.0,"gold_loss":0.0,"damage_taken":0.0,"cards_upgraded":["Dark Embrace"]},{"damage_healed":0.0,"max_hp_gain":0.0,"max_hp_loss":0.0,"gold_gain":0.0,"event_name":"The Mausoleum","player_choice":"Opened","floor":31.0,"gold_loss":0.0,"damage_taken":0.0,"relics_obtained":["Happy Flower"],"cards_obtained":["Writhe"]},{"damage_healed":0.0,"max_hp_gain":0.0,"max_hp_loss":0.0,"gold_gain":0.0,"event_name":"SensoryStone","player_choice":"Memory 2","floor":36.0,"gold_loss":0.0,"damage_taken":5.0},{"damage_healed":0.0,"max_hp_gain":0.0,"max_hp_loss":0.0,"gold_gain":0.0,"event_name":"Tomb of Lord Red Mask","player_choice":"Paid","floor":38.0,"gold_loss":145.0,"damage_taken":0.0,"relics_obtained":["Red Mask"]}],"is_beta":false,"boss_relics":[{"not_picked":["Coffee Dripper","Pandora\u0027s Box"],"picked":"Velvet Choker"},{"not_picked":["Calling Bell","White Beast Statue"],"picked":"Fusion Hammer"}],"items_purged_floors":[8,37],"is_endless":false,"potions_floor_spawned":[1,10,11,14,19,24,39,45],"killed_by":"Maw","ascension_level":20}