{"gold_per_floor":[114,129,146,157,176,176,126,160,160,160,160,85,101,131,131,235,235,255,271,122,141,141,169,169,185,208,83,102,112,112,129,129,228,228,248,265,280,280,130,130,162,175,175,175,175,203,203,218,218,218],"floor_reached":51,"playtime":8848,"items_purged":["Strike_R","Strike_R","Strike_R","Defend_R"],"score":740,"play_id":"d777f572-d87d-42ac-8a1d-51d1ba58696a","local_time":"20190915031558","is_ascension_mode":false,"campfire_choices":[{"data":"Armaments","floor":6,"key":"SMITH"},{"data":"Uppercut","floor":10,"key":"SMITH"},{"data":"Reaper","floor":15,"key":"SMITH"},{"data":"Inflame","floor":24,"key":"SMITH"},{"data":"Reaper","floor":30,"key":"SMITH"},{"data":"Spot Weakness","floor":32,"key":"SMITH"},{"data":"Limit Break","floor":40,"key":"SMITH"},{"data":"Seeing Red","floor":49,"key":"SMITH"}],"neow_cost":"NONE","seed_source_timestamp":530032078357458,"circlet_count":0,"master_deck":["Strike_R","Defend_R","Defend_R","Defend_R","Bash","Seeing Red+1","Armaments+1","Clothesline","Uppercut+1","Spot Weakness+1","Reaper+1","Rampage","Reaper+1","Shrug It Off","Inflame+1","Headbutt+1","Inflame","Limit Break+1","Iron Wave+1","Flex+1","Master of Strategy","Dramatic Entrance","Headbutt+1"],"relics":["Burning Blood","Pen Nib","Strawberry","Centennial Puzzle","Velvet Choker","NlothsMask","Kunai","Runic Cube","Darkstone Periapt","Dodecahedron","Orichalcum","Pocketwatch","Spirit Poop"],"potions_floor_usage":[8,8,29,33,33,33,41,50],"damage_taken":[{"damage":4,"enemies":"Cultist","floor":1,"turns":4},{"damage":10,"enemies":"Jaw Worm","floor":2,"turns":4},{"damage":0,"enemies":"Small Slimes","floor":3,"turns":5},{"damage":3,"enemies":"Red Slaver","floor":4,"turns":5},{"damage":0,"enemies":"Large Slime","floor":5,"turns":7},{"damage":30,"enemies":"3 Sentries","floor":8,"turns":8},{"damage":0,"enemies":"Exordium Wildlife","floor":13,"turns":7},{"damage":25,"enemies":"Gremlin Nob","floor":14,"turns":5},{"damage":11,"enemies":"The Guardian","floor":16,"turns":12},{"damage":22,"enemies":"2 Thieves","floor":18,"turns":3},{"damage":29,"enemies":"3 Byrds","floor":19,"turns":6},{"damage":21,"enemies":"Snake Plant","floor":21,"turns":7},{"damage":54,"enemies":"Gremlin Leader","floor":23,"turns":8},{"damage":24,"enemies":"Chosen and Byrds","floor":25,"turns":6},{"damage":28,"enemies":"Centurion and Healer","floor":28,"turns":4},{"damage":10,"enemies":"Sentry and Sphere","floor":29,"turns":4},{"damage":6,"enemies":"Snake Plant","floor":31,"turns":3},{"damage":65,"enemies":"Collector","floor":33,"turns":7},{"damage":14,"enemies":"Orb Walker","floor":35,"turns":3},{"damage":54,"enemies":"3 Darklings","floor":36,"turns":7},{"damage":30,"enemies":"Transient","floor":37,"turns":5},{"damage":53,"enemies":"Nemesis","floor":41,"turns":5},{"damage":29,"enemies":"Writhing Mass","floor":42,"turns":7},{"damage":106,"enemies":"Reptomancer","floor":46,"turns":10},{"damage":45,"enemies":"4 Shapes","floor":48,"turns":4},{"damage":99,"enemies":"Awakened One","floor":50,"turns":8}],"seed_played":"1622377609515021279","potions_obtained":[{"floor":1,"key":"Swift Potion"},{"floor":2,"key":"Explosive Potion"},{"floor":19,"key":"Fire Potion"},{"floor":23,"key":"PowerPotion"},{"floor":28,"key":"Regen Potion"},{"floor":29,"key":"FearPotion"},{"floor":37,"key":"LiquidBronze"},{"floor":42,"key":"BloodPotion"},{"floor":46,"key":"Weak Potion"}],"is_trial":false,"path_per_floor":["M","M","M","M","M","R","?","E","T","R","?","$","M","E","R","B",null,"M","M","$","M","?","E","R","M","T","$","M","M","R","M","R","B",null,"M","M","M","?","$","R","E","M","T","?","T","E","?","M","R","B",null],"character_chosen":"IRONCLAD","items_purchased":["Shrug It Off"],"campfire_rested":0,"item_purchase_floors":[20],"current_hp_per_floor":[88,84,88,88,88,88,88,64,71,71,71,71,77,64,64,81,95,95,84,84,69,69,81,81,91,91,91,95,95,95,95,95,62,95,87,90,82,82,82,82,36,64,64,54,54,47,47,98,98,65],"gold":218,"neow_bonus":"TEN_PERCENT_HP_BONUS","is_prod":false,"is_daily":false,"chose_seed":false,"campfire_upgraded":8,"win_rate":0,"timestamp":1568531758,"path_taken":["M","M","?","M","M","R","?","E","T","R","?","$","M","E","R","BOSS","M","M","$","M","?","E","R","M","T","?","M","M","R","?","R","BOSS","M","M","M","?","$","R","E","?","T","?","?","E","?","M","R","BOSS"],"build_version":"2019-07-17","purchased_purges":4,"victory":true,"max_hp_per_floor":[88,88,88,88,88,88,88,88,95,95,95,95,95,95,95,95,95,95,95,95,95,95,95,95,95,95,95,95,95,95,95,95,95,95,95,95,95,95,95,95,95,101,101,101,101,101,98,98,98,98],"card_choices":[{"not_picked":["Armaments","Clash","Fire Breathing"],"picked":"SKIP","floor":1},{"not_picked":["Sword Boomerang","Warcry"],"picked":"Seeing Red","floor":2},{"not_picked":["Uppercut","True Grit"],"picked":"Armaments","floor":3},{"not_picked":["Warcry","Sword Boomerang"],"picked":"Clothesline","floor":4},{"not_picked":["Headbutt","Twin Strike"],"picked":"Uppercut","floor":5},{"not_picked":["Infernal Blade","Clothesline"],"picked":"Spot Weakness","floor":8},{"not_picked":["Anger","Perfected Strike"],"picked":"Reaper","floor":13},{"not_picked":["Corruption","Flex"],"picked":"Rampage","floor":14},{"not_picked":["Brutality","Juggernaut"],"picked":"Reaper","floor":16},{"not_picked":["Armaments","Anger","Rampage"],"picked":"SKIP","floor":18},{"not_picked":["Spot Weakness","Cleave","Body Slam"],"picked":"SKIP","floor":19},{"not_picked":["Twin Strike","Pommel Strike","Second Wind"],"picked":"SKIP","floor":21},{"not_picked":["Perfected Strike","Rampage"],"picked":"Inflame","floor":23},{"not_picked":["Dual Wield","Clothesline"],"picked":"Headbutt+1","floor":25},{"not_picked":["Second Wind+1","Shrug It Off","Wild Strike"],"picked":"SKIP","floor":28},{"not_picked":["Ghostly Armor+1","Bloodletting","Combust"],"picked":"SKIP","floor":29},{"not_picked":["Cleave+1","Sword Boomerang"],"picked":"Inflame","floor":31},{"not_picked":["Dark Embrace","Immolate"],"picked":"Limit Break","floor":33},{"not_picked":["Shrug It Off","Cleave+1","Perfected Strike"],"picked":"SKIP","floor":35},{"not_picked":["Pommel Strike","Whirlwind","Iron Wave"],"picked":"SKIP","floor":36},{"not_picked":["Bludgeon","Hemokinesis+1"],"picked":"Iron Wave+1","floor":37},{"not_picked":["Twin Strike+1","Shockwave","Wild Strike+1"],"picked":"SKIP","floor":41},{"not_picked":["Iron Wave+1","Twin Strike+1"],"picked":"Flex+1","floor":42},{"not_picked":["Bandage Up","Trip"],"picked":"Master of Strategy","floor":44},{"not_picked":["The Bomb","Finesse"],"picked":"Dramatic Entrance","floor":44},{"not_picked":["Carnage","Iron Wave+1","Headbutt"],"picked":"SKIP","floor":46},{"not_picked":["Cleave+1","Power Through+1"],"picked":"Headbutt+1","floor":48}],"player_experience":77092,"relics_obtained":[{"floor":8,"key":"Pen Nib"},{"floor":9,"key":"Strawberry"},{"floor":14,"key":"Centennial Puzzle"},{"floor":23,"key":"Kunai"},{"floor":41,"key":"Darkstone Periapt"},{"floor":43,"key":"Dodecahedron"},{"floor":45,"key":"Orichalcum"},{"floor":46,"key":"Pocketwatch"}],"event_choices":[{"cards_removed":["Strike_R"],"damage_healed":0,"gold_gain":0,"player_choice":"Card Removal","damage_taken":0,"max_hp_gain":0,"max_hp_loss":0,"event_name":"The Cleric","floor":7,"gold_loss":50},{"damage_healed":0,"gold_gain":0,"player_choice":"Ignored","damage_taken":0,"max_hp_gain":0,"max_hp_loss":0,"event_name":"Liars Game","floor":11,"gold_loss":0},{"damage_healed":0,"gold_gain":0,"player_choice":"Trade","damage_taken":0,"relics_obtained":["NlothsMask"],"max_hp_gain":0,"max_hp_loss":0,"event_name":"FaceTrader","floor":22,"gold_loss":0},{"damage_healed":0,"gold_gain":0,"player_choice":"Ignored","damage_taken":0,"max_hp_gain":0,"max_hp_loss":0,"event_name":"SecretPortal","floor":38,"gold_loss":0},{"damage_healed":0,"gold_gain":0,"player_choice":"Memory 3","damage_taken":10,"max_hp_gain":0,"max_hp_loss":0,"event_name":"SensoryStone","floor":44,"gold_loss":0},{"cards_removed":["Parasite"],"damage_healed":0,"gold_gain":0,"player_choice":"Offered Curse","damage_taken":0,"relics_obtained":["Spirit Poop"],"max_hp_gain":0,"max_hp_loss":0,"event_name":"Bonfire Elementals","floor":47,"gold_loss":0}],"is_beta":false,"boss_relics":[{"not_picked":["Calling Bell","Mark of Pain"],"picked":"Velvet Choker"},{"not_picked":["Cursed Key","Eternal Feather"],"picked":"Runic Cube"}],"items_purged_floors":[12,20,27,39],"is_endless":false,"potions_floor_spawned":[1,2,19,23,28,29,37,42,46],"ascension_level":0}