{"gold_per_floor":[114,129,144,159,174,174,204,219,219,219],"floor_reached":10,"playtime":491,"items_purged":[],"score":72,"play_id":"e3d368be-14bb-43bc-8595-6224344f6825","local_time":"20190827115557","daily_mods":["Chimera","Hoarder","Elite Swarm"],"is_ascension_mode":false,"campfire_choices":[{"data":"Accuracy","floor":6,"key":"SMITH"}],"neow_cost":"","seed_source_timestamp":0,"circlet_count":0,"master_deck":["Bash","Survivor","Zap","Strike_R","Strike_G","Strike_B","Defend_R","Defend_G","Defend_B","Blade Dance","Blade Dance","Blade Dance","Dodge and Roll","Dodge and Roll","Dodge and Roll","Backflip","Backflip","Backflip","Accuracy+1","Accuracy","Accuracy","Night Terror","Night Terror","Night Terror"],"special_seed":18135,"relics":["Ring of the Snake","Dream Catcher","Frozen Egg 2"],"potions_floor_usage":[],"damage_taken":[{"damage":18,"enemies":"Jaw Worm","floor":1,"turns":3},{"damage":1,"enemies":"Cultist","floor":2,"turns":3},{"damage":0,"enemies":"Small Slimes","floor":3,"turns":3},{"damage":4,"enemies":"Looter","floor":4,"turns":4},{"damage":0,"enemies":"2 Fungi Beasts","floor":5,"turns":3},{"damage":11,"enemies":"3 Sentries","floor":7,"turns":8},{"damage":19,"enemies":"Large Slime","floor":8,"turns":7},{"damage":14,"enemies":"Lagavulin","floor":10,"turns":5}],"seed_played":"5998306637881363430","potions_obtained":[{"floor":2,"key":"FearPotion"},{"floor":4,"key":"LiquidBronze"}],"is_trial":false,"path_per_floor":["M","M","M","M","M","R","E","M","T","E"],"character_chosen":"THE_SILENT","items_purchased":[],"campfire_rested":0,"item_purchase_floors":[],"current_hp_per_floor":[52,51,51,47,47,47,36,17,17,3],"gold":219,"neow_bonus":"","is_prod":false,"is_daily":true,"chose_seed":false,"campfire_upgraded":1,"win_rate":0,"timestamp":1566924957,"path_taken":["M","M","M","M","M","R","E","M","T","E"],"build_version":"2019-07-17","purchased_purges":0,"victory":false,"max_hp_per_floor":[70,70,70,70,70,70,70,70,70,70],"card_choices":[{"not_picked":["Sucker Punch","Riddle With Holes"],"picked":"Blade Dance","floor":1},{"not_picked":["PiercingWail","After Image"],"picked":"Dodge and Roll","floor":2},{"not_picked":["Slice","Prepared"],"picked":"Backflip","floor":3},{"not_picked":["Blur","Slice"],"picked":"Accuracy","floor":4},{"not_picked":["Quick Slash","Dagger Throw","Leg Sweep"],"picked":"SKIP","floor":5},{"not_picked":["Storm of Steel","Burst"],"picked":"Night Terror","floor":7},{"not_picked":["Underhanded Strike","PiercingWail","Bane"],"picked":"SKIP","floor":8}],"player_experience":146213,"relics_obtained":[{"floor":7,"key":"Dream Catcher"},{"floor":9,"key":"Frozen Egg 2"}],"event_choices":[],"is_beta":false,"boss_relics":[],"items_purged_floors":[],"is_endless":false,"potions_floor_spawned":[2,4],"killed_by":"Lagavulin","ascension_level":0}