{"path_per_floor":["M","M","M","M","M","R","?","M","T","?","M","M","R","M","R","B",null,"M","?","M","M"],"character_chosen":"THE_SILENT","items_purchased":[],"gold_per_floor":[109,125,138,155,168,168,168,188,188,263,274,288,288,302,302,398,398,413,413,425,442],"floor_reached":22,"campfire_rested":0,"playtime":2306,"current_hp_per_floor":[70,70,62,62,60,60,60,60,60,49,49,43,43,55,55,30,70,33,33,24,9],"items_purged":[],"gold":442,"score":184,"play_id":"a794ad48-8582-43d3-9801-805047da6980","is_prod":false,"is_daily":false,"is_ascension_mode":false,"campfire_upgraded":3,"path_taken":["M","M","M","M","M","R","?","M","T","?","?","M","R","M","R","BOSS","M","?","M","M","M"],"build_version":"2018-02-15-PROD1","purchased_purges":0,"victory":false,"master_deck":["Defend_G","Defend_G","Defend_G","Defend_G","Defend_G","Strike_G","Strike_G","Strike_G","Strike_G","Strike_G","Survivor","Neutralize","Dagger Throw","Dash+1","Dagger Throw","Backflip+1","Dagger Throw","Prepared","Footwork+1","Flying Knee","Prepared","Night Terror","Parasite","Pain","Caltrops+1","Deflect"],"max_hp_per_floor":[70,70,70,70,70,70,70,70,70,70,70,70,70,70,70,70,70,70,70,70,70],"relics":["Ring of the Snake","Gambling Chip","Calling Bell","Juzu Bracelet","Darkstone Periapt","Centennial Puzzle"],"card_choices":[{"not_picked":["Outmaneuver","Acrobatics"],"picked":"Dagger Throw"},{"not_picked":["Distraction","Poisoned Stab"],"picked":"Dash"},{"not_picked":["Endless Agony","Dodge and Roll"],"picked":"Dagger Throw"},{"not_picked":["Dagger Throw","Deflect"],"picked":"Backflip"},{"not_picked":["Deadly Poison","Calculated Gamble"],"picked":"Dagger Throw"},{"not_picked":["Choke","Distraction"],"picked":"Prepared"},{"not_picked":["PiercingWail","Dodge and Roll"],"picked":"Footwork"},{"not_picked":["Deadly Poison","Acrobatics"],"picked":"Flying Knee"},{"not_picked":["Envenom","Finisher"],"picked":"Prepared"},{"not_picked":["Doppelganger","Unload"],"picked":"Night Terror"},{"not_picked":["Riddle With Holes","Poisoned Stab"],"picked":"Caltrops"},{"not_picked":["Flechettes","Deadly Poison"],"picked":"Deflect"}],"player_experience":14311,"potions_floor_usage":[],"damage_taken":[{"damage":0.0,"enemies":"Jaw Worm","floor":1.0,"turns":6.0},{"damage":0.0,"enemies":"Cultist","floor":2.0,"turns":4.0},{"damage":8.0,"enemies":"Small Slimes","floor":3.0,"turns":4.0},{"damage":0.0,"enemies":"3 Louse","floor":4.0,"turns":4.0},{"damage":2.0,"enemies":"Blue Slaver","floor":5.0,"turns":5.0},{"damage":0.0,"enemies":"Large Slime","floor":8.0,"turns":8.0},{"damage":0.0,"enemies":"Red Slaver","floor":11.0,"turns":4.0},{"damage":6.0,"enemies":"Gremlin Gang","floor":12.0,"turns":6.0},{"damage":3.0,"enemies":"Large Slime","floor":14.0,"turns":10.0},{"damage":25.0,"enemies":"Slime Boss","floor":16.0,"turns":19.0},{"damage":37,"enemies":"Spheric Guardian","floor":18,"turns":12},{"damage":9,"enemies":"3 Byrds","floor":20,"turns":4},{"damage":15,"enemies":"Snake Plant","floor":21,"turns":5},{"damage":10,"enemies":"Snecko","floor":22,"turns":2}],"event_choices":[{"event_name":"Match and Keep!","player_choice":"0 cards matched","floor":7.0,"damage_taken":0.0},{"event_name":"World of Goop","player_choice":"Gather Gold","floor":10.0,"damage_taken":0.0},{"event_name":"Purifier","player_choice":"One Purge","floor":19,"damage_taken":0}],"boss_relics":[{"not_picked":["Velvet Choker","Runic Pyramid"],"picked":"Calling Bell"}],"potions_floor_spawned":[3,5,12,14,18],"seed_played":"-3279919604044565984","killed_by":"Snecko","ascension_level":0,"is_trial":false}