{"gold_per_floor":[114,132,142,160,170,201,201,214,214,241,241,241,253,282,282,385,385,397,415,340,255,255,255,284,304,356,77,97,97,97,107,107,211,211,230,243,253,266,311,321,339,339,362,387,405,423,423,423,423,423,423,423,12,45,45],"floor_reached":55,"playtime":6590,"items_purged":["Defend_R"],"score":770,"play_id":"8781fedb-2ede-48c6-bdce-6c72e636f612","local_time":"20190915224829","is_ascension_mode":false,"campfire_choices":[{"data":"Clothesline","floor":7,"key":"SMITH"},{"data":"Seeing Red","floor":12,"key":"SMITH"},{"data":"Intimidate","floor":15,"key":"SMITH"},{"data":"Demon Form","floor":23,"key":"SMITH"},{"data":"Spot Weakness","floor":29,"key":"SMITH"},{"data":"Heavy Blade","floor":32,"key":"SMITH"},{"floor":47,"key":"RECALL"},{"floor":49,"key":"REST"},{"data":"Heavy Blade","floor":52,"key":"SMITH"}],"neow_cost":"NONE","seed_source_timestamp":602651516262549,"circlet_count":0,"master_deck":["Strike_R","Strike_R","Strike_R","Strike_R","Defend_R","Defend_R","Defend_R","Bash+1","Rupture","Clothesline+1","Ghostly Armor","Ghostly Armor","Spot Weakness+1","Seeing Red+1","Cleave","Intimidate+1","Demon Form+1","Searing Blow+1","Demon Form+1","Armaments+1","Writhe","Heavy Blade+1","Bludgeon","Heavy Blade+1","Carnage+1","Shockwave+1","Heavy Blade","Shrug It Off+1","Clothesline+1","Bludgeon","Madness","Madness","Uppercut+1"],"relics":["Burning Blood","Bronze Scales","Dodecahedron","Dead Branch","Letter Opener","Snecko Eye","Question Card","Lantern","Anchor","DollysMirror","Happy Flower","Velvet Choker","Magic Flower","Ginger","Champion Belt","Pear"],"potions_floor_usage":[6,10,14,16,24,24,31,33,37,37,38,38,39,39,50,54,54],"damage_taken":[{"damage":5,"enemies":"Small Slimes","floor":1,"turns":3},{"damage":9,"enemies":"2 Louse","floor":2,"turns":3},{"damage":6,"enemies":"Jaw Worm","floor":3,"turns":3},{"damage":14,"enemies":"Lots of Slimes","floor":4,"turns":7},{"damage":0,"enemies":"2 Fungi Beasts","floor":5,"turns":4},{"damage":24,"enemies":"Lagavulin","floor":6,"turns":6},{"damage":7,"enemies":"Exordium Thugs","floor":8,"turns":5},{"damage":29,"enemies":"3 Sentries","floor":10,"turns":8},{"damage":4,"enemies":"Blue Slaver","floor":13,"turns":4},{"damage":5,"enemies":"Gremlin Nob","floor":14,"turns":4},{"damage":18,"enemies":"Hexaghost","floor":16,"turns":14},{"damage":2,"enemies":"Shell Parasite","floor":18,"turns":6},{"damage":0,"enemies":"Chosen","floor":19,"turns":4},{"damage":21,"enemies":"Book of Stabbing","floor":24,"turns":7},{"damage":17,"enemies":"Snake Plant","floor":25,"turns":3},{"damage":11,"enemies":"Snecko","floor":28,"turns":4},{"damage":15,"enemies":"Cultist and Chosen","floor":31,"turns":5},{"damage":13,"enemies":"Collector","floor":33,"turns":5},{"damage":0,"enemies":"Orb Walker","floor":35,"turns":2},{"damage":0,"enemies":"3 Shapes","floor":36,"turns":3},{"damage":0,"enemies":"Spire Growth","floor":37,"turns":4},{"damage":0,"enemies":"4 Shapes","floor":38,"turns":4},{"damage":49,"enemies":"2 Orb Walkers","floor":39,"turns":5},{"damage":11,"enemies":"Sphere and 2 Shapes","floor":40,"turns":3},{"damage":38,"enemies":"Spire Growth","floor":41,"turns":4},{"damage":13,"enemies":"Reptomancer","floor":44,"turns":3},{"damage":0,"enemies":"Jaw Worm Horde","floor":45,"turns":3},{"damage":0,"enemies":"Transient","floor":46,"turns":5},{"damage":37,"enemies":"Time Eater","floor":50,"turns":7},{"damage":65,"enemies":"Shield and Spear","floor":54,"turns":5},{"damage":68,"enemies":"The Heart","floor":55,"turns":3}],"seed_played":"9102822834087937902","potions_obtained":[{"floor":1,"key":"EssenceOfSteel"},{"floor":2,"key":"SteroidPotion"},{"floor":5,"key":"SkillPotion"},{"floor":10,"key":"Dexterity Potion"},{"floor":13,"key":"Swift Potion"},{"floor":14,"key":"Weak Potion"},{"floor":18,"key":"AttackPotion"},{"floor":19,"key":"Fruit Juice"},{"floor":25,"key":"Poison Potion"},{"floor":31,"key":"SpeedPotion"},{"floor":36,"key":"Dexterity Potion"},{"floor":37,"key":"EntropicBrew"},{"floor":45,"key":"AttackPotion"}],"is_trial":false,"path_per_floor":["M","M","M","M","M","E","R","M","T","E","?","R","M","E","R","B",null,"M","M","?","?","?","R","E","M","T","$","M","R","?","M","R","B",null,"M","M","M","M","?","M","M","?","T","E","M","M","R","?","R","B",null,"R","$","E","B"],"character_chosen":"IRONCLAD","items_purchased":["DollysMirror","Champion Belt","PowerPotion","Swift Potion"],"campfire_rested":1,"item_purchase_floors":[27,53,53,53],"current_hp_per_floor":[80,77,77,69,75,57,57,56,56,33,38,38,40,41,41,29,85,85,85,85,85,85,85,75,64,64,64,59,59,59,50,50,43,90,90,90,90,90,47,45,16,100,100,96,100,100,100,87,100,72,100,100,100,54,0],"gold":45,"neow_bonus":"UPGRADE_CARD","is_prod":false,"is_daily":false,"chose_seed":false,"campfire_upgraded":7,"win_rate":0,"timestamp":1568602109,"path_taken":["M","M","M","M","M","E","R","M","T","E","?","R","M","E","R","BOSS","M","M","?","?","?","R","E","M","T","$","M","R","?","?","R","BOSS","M","M","M","?","?","M","M","?","T","E","M","?","R","?","R","BOSS","R","$","E","BOSS"],"build_version":"2019-07-17","purchased_purges":1,"victory":false,"max_hp_per_floor":[80,80,80,80,80,80,80,80,80,80,85,85,85,85,85,85,85,85,85,85,85,85,85,90,90,90,90,90,90,90,90,90,90,90,90,90,90,90,90,90,90,100,100,100,100,100,100,100,100,100,100,100,100,110,110],"card_choices":[{"not_picked":["Searing Blow","Sentinel"],"picked":"Rupture","floor":1},{"not_picked":["Disarm","Cleave"],"picked":"Clothesline","floor":2},{"not_picked":["Infernal Blade","Shockwave"],"picked":"Ghostly Armor","floor":3},{"not_picked":["Fire Breathing","Iron Wave"],"picked":"Ghostly Armor","floor":4},{"not_picked":["Hemokinesis","Disarm"],"picked":"Spot Weakness","floor":5},{"not_picked":["Reckless Charge","Burning Pact","Fiend Fire"],"picked":"SKIP","floor":6},{"not_picked":["Perfected Strike","Havoc"],"picked":"Seeing Red","floor":8},{"not_picked":["Rampage","Armaments"],"picked":"Cleave","floor":10},{"not_picked":["Body Slam","Cleave","Hemokinesis"],"picked":"SKIP","floor":13},{"not_picked":["Sword Boomerang","Hemokinesis"],"picked":"Intimidate","floor":14},{"not_picked":["Exhume","Fiend Fire"],"picked":"Demon Form","floor":16},{"not_picked":["Havoc","Thunderclap+1","Hemokinesis"],"picked":"SKIP","floor":18},{"not_picked":["Wild Strike+1","Thunderclap","True Grit"],"picked":"SKIP","floor":19},{"not_picked":["True Grit+1","Ghostly Armor","Sword Boomerang+1"],"picked":"Dark Embrace","floor":24},{"not_picked":["Spot Weakness","Disarm","Anger+1"],"picked":"Searing Blow+1","floor":25},{"not_picked":["Clash","Sever Soul+1","Ghostly Armor+1"],"picked":"Armaments+1","floor":28},{"not_picked":["Shrug It Off","Dual Wield+1","Ghostly Armor"],"picked":"Heavy Blade","floor":31},{"not_picked":["Double Tap","Fiend Fire","Impervious"],"picked":"Bludgeon","floor":33},{"not_picked":["Thunderclap","Combust+1","Rage+1","Havoc"],"picked":"SKIP","floor":35},{"not_picked":["Spot Weakness+1","Sentinel+1","Clothesline"],"picked":"Heavy Blade","floor":36},{"not_picked":["Shrug It Off+1","Wild Strike","Havoc"],"picked":"Carnage+1","floor":37},{"not_picked":["Cleave+1","Power Through+1","Combust","Clash+1"],"picked":"SKIP","floor":38},{"not_picked":["Limit Break","True Grit","Sword Boomerang"],"picked":"Shockwave+1","floor":39},{"not_picked":["Warcry","Sword Boomerang+1","Searing Blow"],"picked":"Heavy Blade","floor":40},{"not_picked":["Fire Breathing+1","Disarm","Searing Blow"],"picked":"Shrug It Off+1","floor":41},{"not_picked":["Second Wind+1","Body Slam+1","Evolve+1"],"picked":"Clothesline+1","floor":44},{"not_picked":["Body Slam+1","Perfected Strike","Infernal Blade","Sword Boomerang"],"picked":"SKIP","floor":45},{"not_picked":["Reckless Charge","Warcry","Shrug It Off+1"],"picked":"Bludgeon","floor":46},{"not_picked":["Spot Weakness+1","Battle Trance+1","Anger"],"picked":"Uppercut+1","floor":54}],"player_experience":135066,"relics_obtained":[{"floor":6,"key":"Bronze Scales"},{"floor":9,"key":"Dodecahedron"},{"floor":10,"key":"Dead Branch"},{"floor":14,"key":"Letter Opener"},{"floor":24,"key":"Lantern"},{"floor":26,"key":"Anchor"},{"floor":39,"key":"Magic Flower"},{"floor":44,"key":"Ginger"},{"floor":54,"key":"Pear"}],"event_choices":[{"damage_healed":0,"gold_gain":0,"player_choice":"Donut","damage_taken":0,"max_hp_gain":5,"max_hp_loss":0,"event_name":"Big Fish","floor":11,"gold_loss":0},{"cards_removed":["Strike_R"],"damage_healed":0,"gold_gain":0,"player_choice":"Gave Gold","damage_taken":0,"max_hp_gain":0,"max_hp_loss":0,"event_name":"Beggar","floor":20,"gold_loss":75},{"damage_healed":0,"gold_gain":0,"player_choice":"Obtained Relic","damage_taken":0,"relics_obtained":["Question Card"],"max_hp_gain":0,"max_hp_loss":0,"event_name":"Addict","floor":21,"gold_loss":85},{"damage_healed":0,"gold_gain":0,"player_choice":"Ignored","damage_taken":0,"max_hp_gain":0,"max_hp_loss":0,"event_name":"Ghosts","floor":22,"gold_loss":0},{"damage_healed":0,"gold_gain":0,"player_choice":"Opened","damage_taken":0,"relics_obtained":["Happy Flower"],"max_hp_gain":0,"max_hp_loss":0,"event_name":"The Mausoleum","floor":30,"gold_loss":0,"cards_obtained":["Writhe"]},{"damage_healed":0,"gold_gain":0,"player_choice":"Fight","damage_taken":0,"max_hp_gain":0,"max_hp_loss":0,"event_name":"Mysterious Sphere","floor":39,"gold_loss":0},{"cards_removed":["Dark Embrace"],"damage_healed":74,"gold_gain":0,"player_choice":"Offered Rare","damage_taken":0,"max_hp_gain":10,"max_hp_loss":0,"event_name":"Bonfire Elementals","floor":42,"gold_loss":0},{"damage_healed":0,"gold_gain":0,"player_choice":"Embrace Madness","damage_taken":13,"max_hp_gain":0,"max_hp_loss":0,"event_name":"Winding Halls","floor":48,"gold_loss":0,"cards_obtained":["Madness","Madness"]}],"is_beta":false,"boss_relics":[{"not_picked":["Calling Bell","Tiny House"],"picked":"Snecko Eye"},{"not_picked":["Black Star","Black Blood"],"picked":"Velvet Choker"}],"items_purged_floors":[27],"is_endless":false,"potions_floor_spawned":[1,2,5,10,13,14,18,19,25,31,36,37,45],"killed_by":"The Heart","ascension_level":0}