{"gold_per_floor":[110,124,144,157,157,157,186,204,204,234,251,271,305,321,321,423,423,438,438,438,363,378,378,323,323,323,323,333,366,379,406,406,507,507,520,620,640,540,553,583,597,697,697,716,716,504,504,534,534,534,534,534,10,35,35],"floor_reached":55,"playtime":8141,"items_purged":["Strike_R","Strike_R","Parasite","Anger+1"],"score":878,"play_id":"b4b9b67c-9211-4a45-b911-77957daa964b","local_time":"20190919012032","is_ascension_mode":true,"campfire_choices":[{"data":"Armaments","floor":6,"key":"SMITH"},{"data":"Armaments","floor":15,"key":"SMITH"},{"floor":23,"key":"RECALL"},{"floor":32,"key":"REST"},{"floor":45,"key":"REST"},{"floor":49,"key":"REST"},{"floor":52,"key":"REST"}],"neow_cost":"NONE","seed_source_timestamp":611486502345500,"circlet_count":0,"master_deck":["Defend_R","Defend_R","Defend_R","Defend_R","Bash","Warcry","Iron Wave","Armaments+1","Armaments+1","Shrug It Off","Metallicize","Body Slam","Shrug It Off","Seeing Red","Berserk","Pommel Strike+1","Warcry","Warcry+1","Barricade+1","Rampage+1","Spot Weakness+1","Body Slam+1","Finesse"],"relics":["Burning Blood","FaceOfCleric","Vajra","Kunai","Molten Egg 2","Fusion Hammer","Enchiridion","Tiny Chest","Frozen Egg 2","Blood Vial","Darkstone Periapt","Question Card","Boot","Empty Cage","Letter Opener","Unceasing Top","Anchor","Strawberry","Bottled Tornado","Lantern"],"potions_floor_usage":[10,13,13,16,29,33,40,50,50,50,54,54],"damage_taken":[{"damage":12,"enemies":"Jaw Worm","floor":1,"turns":5},{"damage":6,"enemies":"Cultist","floor":2,"turns":3},{"damage":1,"enemies":"2 Louse","floor":3,"turns":3},{"damage":5,"enemies":"Looter","floor":4,"turns":3},{"damage":21,"enemies":"Lagavulin","floor":7,"turns":10},{"damage":16,"enemies":"Large Slime","floor":8,"turns":5},{"damage":13,"enemies":"3 Sentries","floor":10,"turns":13},{"damage":8,"enemies":"Lots of Slimes","floor":11,"turns":7},{"damage":0,"enemies":"Blue Slaver","floor":12,"turns":6},{"damage":19,"enemies":"Gremlin Nob","floor":13,"turns":5},{"damage":6,"enemies":"Gremlin Gang","floor":14,"turns":5},{"damage":35,"enemies":"Slime Boss","floor":16,"turns":21},{"damage":18,"enemies":"Chosen","floor":18,"turns":8},{"damage":0,"enemies":"Spheric Guardian","floor":22,"turns":5},{"damage":23,"enemies":"Centurion and Healer","floor":28,"turns":8},{"damage":31,"enemies":"Book of Stabbing","floor":29,"turns":8},{"damage":3,"enemies":"3 Cultists","floor":30,"turns":6},{"damage":36,"enemies":"Slavers","floor":31,"turns":5},{"damage":18,"enemies":"Champ","floor":33,"turns":13},{"damage":8,"enemies":"3 Shapes","floor":35,"turns":9},{"damage":7,"enemies":"3 Darklings","floor":37,"turns":5},{"damage":25,"enemies":"4 Shapes","floor":39,"turns":8},{"damage":74,"enemies":"Nemesis","floor":40,"turns":15},{"damage":12,"enemies":"Writhing Mass","floor":41,"turns":10},{"damage":10,"enemies":"Mind Bloom Boss Battle","floor":42,"turns":8},{"damage":0,"enemies":"Spire Growth","floor":44,"turns":5},{"damage":0,"enemies":"Giant Head","floor":48,"turns":8},{"damage":58,"enemies":"Time Eater","floor":50,"turns":14},{"damage":97,"enemies":"Shield and Spear","floor":54,"turns":12},{"damage":47,"enemies":"The Heart","floor":55,"turns":2}],"seed_played":"-296721053355095785","potions_obtained":[{"floor":4,"key":"GamblersBrew"},{"floor":7,"key":"FearPotion"},{"floor":10,"key":"Strength Potion"},{"floor":11,"key":"Fire Potion"},{"floor":22,"key":"SkillPotion"},{"floor":28,"key":"Ancient Potion"},{"floor":31,"key":"Regen Potion"},{"floor":35,"key":"GamblersBrew"},{"floor":39,"key":"SpeedPotion"},{"floor":40,"key":"Strength Potion"}],"is_trial":false,"path_per_floor":["M","M","M","M","?","R","E","M","T","E","M","M","E","M","R","B",null,"M","?","?","$","M","R","?","T","T","T","M","E","M","E","R","B",null,"M","?","M","$","M","E","M","?","T","M","R","$","?","E","R","B",null,"R","$","E","B"],"character_chosen":"IRONCLAD","items_purchased":["Finesse","Bottled Tornado","Dexterity Potion","LiquidBronze"],"campfire_rested":4,"item_purchase_floors":[46,53,53,53],"current_hp_per_floor":[74,74,79,80,80,80,66,57,57,51,50,57,45,46,46,18,88,77,61,61,61,68,68,68,68,68,68,54,32,38,11,39,45,95,94,94,96,96,79,14,17,16,16,25,57,57,57,73,106,57,114,114,114,24,0],"gold":35,"neow_bonus":"REMOVE_CARD","is_prod":false,"is_daily":false,"chose_seed":false,"campfire_upgraded":2,"win_rate":0,"timestamp":1568866832,"path_taken":["M","M","M","M","?","R","E","M","T","E","M","?","E","M","R","BOSS","M","?","?","$","M","R","?","?","T","?","?","E","?","E","R","BOSS","M","?","M","$","?","E","M","?","T","M","R","$","?","E","R","BOSS","R","$","E","BOSS"],"build_version":"2019-07-17","purchased_purges":4,"victory":false,"max_hp_per_floor":[80,80,80,80,80,80,81,82,82,83,84,85,86,87,87,88,88,89,89,89,89,90,90,90,90,90,90,91,92,93,94,94,95,95,96,96,97,97,98,99,106,107,107,108,108,105,105,113,113,114,114,114,114,115,115],"card_choices":[{"not_picked":["Headbutt","Thunderclap"],"picked":"Warcry","floor":1},{"not_picked":["Clothesline","Rupture"],"picked":"Iron Wave","floor":2},{"not_picked":["True Grit","Body Slam"],"picked":"Armaments","floor":3},{"not_picked":["Flex","True Grit"],"picked":"Armaments","floor":4},{"not_picked":["Intimidate","Metallicize"],"picked":"Shrug It Off","floor":7},{"not_picked":["Infernal Blade","Flame Barrier"],"picked":"Metallicize","floor":8},{"not_picked":["Blood for Blood","Perfected Strike"],"picked":"Body Slam","floor":10},{"not_picked":["Flame Barrier","Combust"],"picked":"Shrug It Off","floor":11},{"not_picked":["Power Through","Headbutt","Clash"],"picked":"SKIP","floor":12},{"not_picked":["Disarm","Offering"],"picked":"Seeing Red","floor":13},{"not_picked":["Bloodletting","Thunderclap+1","Carnage+1"],"picked":"SKIP","floor":14},{"not_picked":["Reaper+1","Fiend Fire+1"],"picked":"Berserk","floor":16},{"not_picked":["Anger+1","Armaments"],"picked":"Iron Wave+1","floor":18},{"not_picked":["True Grit","Searing Blow+1"],"picked":"Warcry","floor":22},{"not_picked":["Sword Boomerang+1","Disarm","Whirlwind+1"],"picked":"SKIP","floor":28},{"not_picked":["Rage","Rupture+1"],"picked":"Anger+1","floor":29},{"not_picked":["Rupture+1","Fire Breathing+1","Whirlwind+1"],"picked":"Warcry+1","floor":30},{"not_picked":["Combust+1","Twin Strike+1","Blood for Blood+1","Clothesline+1"],"picked":"SKIP","floor":31},{"not_picked":["Juggernaut+1","Bludgeon+1","Impervious"],"picked":"Barricade+1","floor":33},{"not_picked":["Clash+1","Twin Strike+1","Armaments","Carnage+1"],"picked":"SKIP","floor":35},{"not_picked":["Headbutt+1","Combust+1","Shrug It Off"],"picked":"Rampage+1","floor":37},{"not_picked":["Blood for Blood+1","Thunderclap+1","Entrench"],"picked":"Spot Weakness+1","floor":39},{"not_picked":["True Grit+1","Flex+1","Perfected Strike+1"],"picked":"Body Slam+1","floor":40},{"not_picked":["Fire Breathing+1","Flame Barrier+1","True Grit+1","Clash+1"],"picked":"SKIP","floor":41},{"not_picked":["Metallicize+1","Dark Embrace+1","Iron Wave+1","Shockwave"],"picked":"SKIP","floor":44},{"not_picked":["Body Slam+1","Blood for Blood+1","Spot Weakness+1","Warcry"],"picked":"SKIP","floor":48},{"not_picked":["Dual Wield","Rupture+1","Flex+1","Shrug It Off+1"],"picked":"SKIP","floor":54}],"player_experience":60309,"relics_obtained":[{"floor":7,"key":"Vajra"},{"floor":10,"key":"Kunai"},{"floor":13,"key":"Molten Egg 2"},{"floor":19,"key":"Enchiridion"},{"floor":25,"key":"Frozen Egg 2"},{"floor":26,"key":"Blood Vial"},{"floor":27,"key":"Darkstone Periapt"},{"floor":29,"key":"Question Card"},{"floor":31,"key":"Boot"},{"floor":40,"key":"Letter Opener"},{"floor":42,"key":"Unceasing Top"},{"floor":43,"key":"Anchor"},{"floor":48,"key":"Strawberry"},{"floor":54,"key":"Lantern"}],"event_choices":[{"damage_healed":0,"gold_gain":0,"player_choice":"Trade","damage_taken":0,"relics_obtained":["FaceOfCleric"],"max_hp_gain":0,"max_hp_loss":0,"event_name":"FaceTrader","floor":5,"gold_loss":0},{"damage_healed":0,"gold_gain":0,"player_choice":"Obtained Book","damage_taken":16,"max_hp_gain":0,"max_hp_loss":0,"event_name":"Cursed Tome","floor":19,"gold_loss":0},{"damage_healed":0,"gold_gain":0,"player_choice":"Read","damage_taken":0,"max_hp_gain":0,"max_hp_loss":0,"event_name":"The Library","floor":20,"gold_loss":0,"cards_obtained":["Pommel Strike"]},{"damage_healed":0,"gold_gain":0,"player_choice":"Obtained Relic","damage_taken":0,"relics_obtained":["Tiny Chest"],"max_hp_gain":0,"max_hp_loss":0,"event_name":"Addict","floor":24,"gold_loss":85},{"damage_healed":0,"gold_gain":100,"player_choice":"Pray","damage_taken":0,"max_hp_gain":0,"max_hp_loss":0,"event_name":"Golden Shrine","floor":36,"gold_loss":0},{"damage_healed":0,"gold_gain":0,"player_choice":"Fight","damage_taken":0,"max_hp_gain":0,"max_hp_loss":0,"event_name":"MindBloom","floor":42,"gold_loss":0},{"cards_removed":["Iron Wave"],"damage_healed":0,"gold_gain":0,"player_choice":"Removed Attack","damage_taken":0,"max_hp_gain":0,"max_hp_loss":0,"event_name":"Falling","floor":47,"gold_loss":0}],"is_beta":false,"boss_relics":[{"not_picked":["Eternal Feather","Mark of Pain"],"picked":"Fusion Hammer"},{"not_picked":["Tiny House","Black Star"],"picked":"Empty Cage"}],"items_purged_floors":[21,38,46,53],"is_endless":false,"potions_floor_spawned":[4,7,10,11,22,28,31,35,39,40,42],"killed_by":"The Heart","ascension_level":1}