{"path_per_floor":["M","M","M","?","M","E","M","R","T","$","E","R","$","M","R","B",null,"M","M","M","M","?","R","E","?","T","M","M","M","$","?","R","B",null,"M","$","?","?","M","E","R","$","T","E","R","?","?","?","R"],"character_chosen":"THE_SILENT","items_purchased":["Bullet Time","Kunai","Dexterity Potion"],"gold_per_floor":[110,121,133,133,148,181,198,198,198,123,151,151,15,30,30,128,128,148,162,182,199,199,199,230,230,257,271,287,303,55,55,55,156,156,167,18,18,18,31,66,66,16,16,51,51,51,151,151,151,151],"floor_reached":50,"campfire_rested":5,"playtime":2306,"current_hp_per_floor":[70,70,70,70,62,42,41,41,41,41,24,45,45,42,42,34,70,56,35,28,28,51,70,57,41,41,28,8,5,5,5,26,22,70,70,70,70,70,65,21,42,42,42,42,63,63,63,63,63,0],"items_purged":["Strike_G","Defend_G","Defend_G"],"gold":151,"score":555,"play_id":"24bbbd31-780d-43fe-8775-78eb23741f68","local_time":"20180406200033","is_prod":false,"is_daily":false,"is_ascension_mode":false,"campfire_upgraded":3,"timestamp":1523062833,"path_taken":["M","M","M","?","M","E","?","R","T","$","E","R","$","M","R","BOSS","M","M","M","M","?","R","E","?","T","M","M","M","$","?","R","BOSS","M","$","?","?","M","E","R","$","T","E","R","?","?","?","R","BOSS"],"build_version":"2018-04-05v2","purchased_purges":3,"victory":false,"master_deck":["Defend_G","Defend_G","Strike_G","Strike_G","Strike_G","Strike_G","Survivor","Neutralize","Backflip+1","Terror","Acrobatics+1","Flying Knee+1","Bullet Time","A Thousand Cuts","Masterful Stab+1","Flying Knee","Finisher+1","Finisher+1","Dagger Spray+1","Decay","Bullet Time","Acrobatics+1","Caltrops","Outmaneuver","Apotheosis"],"max_hp_per_floor":[70,70,70,70,70,70,70,70,70,70,70,70,70,70,70,70,70,70,70,70,70,70,70,70,70,70,70,70,70,70,70,70,70,70,70,70,70,70,70,70,70,70,70,70,70,70,70,70,70,70],"relics":["Ring of the Snake","Lantern","Pantograph","Vajra","Gremlin Horn","Orrery","Ornamental Fan","Enchiridion","Juzu Bracelet","Kunai","Philosopher\u0027s Stone","Smiling Mask","Bag of Preparation","Unceasing Top"],"card_choices":[{"not_picked":["Blur","Dagger Spray"],"picked":"Backflip","floor":2.0},{"not_picked":["Prepared","Underhanded Strike"],"picked":"Terror","floor":3.0},{"not_picked":["Catalyst","Dagger Throw"],"picked":"Acrobatics","floor":6.0},{"not_picked":["Dash","Caltrops"],"picked":"Flying Knee","floor":7.0},{"not_picked":["Glass Knife","Burst"],"picked":"A Thousand Cuts","floor":16.0},{"not_picked":["Crippling Poison","Setup"],"picked":"Masterful Stab","floor":17.0},{"not_picked":["Slice","Predator"],"picked":"Flying Knee","floor":17.0},{"not_picked":["Setup","Night Terror"],"picked":"Finisher","floor":18.0},{"not_picked":["Cloak And Dagger","Backstab"],"picked":"Finisher","floor":21},{"not_picked":["Accuracy","Eviscerate"],"picked":"Dagger Spray","floor":24},{"not_picked":["Corpse Explosion","Unload"],"picked":"Bullet Time","floor":33},{"not_picked":["Deadly Poison","Quick Slash"],"picked":"Acrobatics","floor":35},{"not_picked":["Wraith Form","Catalyst"],"picked":"Outmaneuver","floor":44},{"not_picked":["Dramatic Entrance","Mind Blast"],"picked":"Apotheosis","floor":48}],"player_experience":94364,"potions_floor_usage":[24,29,33,33,40,50,50,50],"damage_taken":[{"damage":0.0,"enemies":"2 Louse","floor":1.0,"turns":2.0},{"damage":0.0,"enemies":"Small Slimes","floor":2.0,"turns":3.0},{"damage":0.0,"enemies":"Jaw Worm","floor":3.0,"turns":4.0},{"damage":8.0,"enemies":"Gremlin Gang","floor":5.0,"turns":8.0},{"damage":20.0,"enemies":"Gremlin Nob","floor":6.0,"turns":4.0},{"damage":1.0,"enemies":"Looter","floor":7.0,"turns":4.0},{"damage":17.0,"enemies":"Lagavulin","floor":11.0,"turns":6.0},{"damage":3.0,"enemies":"2 Fungi Beasts","floor":14.0,"turns":4.0},{"damage":33.0,"enemies":"Slime Boss","floor":16.0,"turns":13.0},{"damage":14.0,"enemies":"Shell Parasite","floor":18.0,"turns":6.0},{"damage":21.0,"enemies":"2 Thieves","floor":19.0,"turns":4.0},{"damage":7.0,"enemies":"Snecko","floor":20.0,"turns":4.0},{"damage":0,"enemies":"Centurion and Healer","floor":21,"turns":3},{"damage":13,"enemies":"Book of Stabbing","floor":24,"turns":4},{"damage":13,"enemies":"3 Cultists","floor":27,"turns":5},{"damage":20,"enemies":"Cultist and Chosen","floor":28,"turns":5},{"damage":3,"enemies":"Slaver and Parasite","floor":29,"turns":3},{"damage":29,"enemies":"Automaton","floor":33,"turns":9},{"damage":0,"enemies":"3 Shapes","floor":35,"turns":2},{"damage":5,"enemies":"Orb Walker","floor":39,"turns":3},{"damage":44,"enemies":"Giant Head","floor":40,"turns":7},{"damage":0,"enemies":"2 Orb Walkers","floor":44,"turns":3},{"damage":71,"enemies":"Awakened One","floor":50,"turns":6}],"event_choices":[{"event_name":"Living Wall","player_choice":"Grow","floor":4.0,"damage_taken":0.0},{"event_name":"The Library","player_choice":"Heal","floor":22,"damage_taken":0},{"event_name":"Cursed Tome","player_choice":"Obtained Book","floor":25,"damage_taken":0},{"event_name":"Forgotten Altar","player_choice":"Smashed Altar","floor":31,"damage_taken":0},{"event_name":"Mysterious Sphere","player_choice":"Ignore","floor":37,"damage_taken":0},{"event_name":"Transmorgrifier","player_choice":"Transform","floor":38,"damage_taken":0},{"event_name":"The Lab","player_choice":"Got Potions","floor":46,"damage_taken":0},{"event_name":"Golden Shrine","player_choice":"Pray","floor":47,"damage_taken":0},{"event_name":"SensoryStone","player_choice":"Memory 1","floor":48,"damage_taken":0}],"boss_relics":[{"not_picked":["The Specimen","Tiny House"],"picked":"Philosopher\u0027s Stone"}],"potions_floor_spawned":[3,5,11,14,18,19,28,29,39,40],"seed_played":"833171167619988118","killed_by":"Awakened One","ascension_level":0,"is_trial":false}