{"gold_per_floor":[17,37,50,50,50,50,79,99,181,65,84,101,81,93,93,193,193,208,222,242,242,167,167,192,209,209,229,245,2,2,19,19,120,120,131,147,147,52,62,97,97,97,97,108,108,108,108,177,177,177],"floor_reached":51,"playtime":6267,"items_purged":["Strike_R"],"score":732,"play_id":"bcaddb17-e827-455d-9ef0-0f249c10f424","local_time":"20190917013227","is_ascension_mode":false,"campfire_choices":[{"data":"Pommel Strike","floor":6,"key":"SMITH"},{"data":"Barricade","floor":15,"key":"SMITH"},{"data":"Armaments","floor":23,"key":"SMITH"},{"data":"Seeing Red","floor":32,"key":"SMITH"},{"data":"Body Slam","floor":41,"key":"SMITH"},{"floor":46,"key":"REST"},{"data":"Juggernaut","floor":49,"key":"SMITH"}],"neow_cost":"NO_GOLD","seed_source_timestamp":441245439987600,"circlet_count":0,"master_deck":["Strike_R","Defend_R","Defend_R","Defend_R","Defend_R","Pommel Strike+1","Iron Wave","Barricade+1","Armaments+1","Shrug It Off","Metallicize","Seeing Red+1","Juggernaut+1","Impervious","Armaments+1","Infernal Blade+1","Burning Pact+1","Thunderclap+1","Inflame+1","Madness","Madness","Good Instincts","Body Slam+1"],"relics":["Burning Blood","Girya","Question Card","Busted Crown","Bag of Preparation","Bottled Tornado","Bottled Lightning","Astrolabe","Bronze Scales","Unceasing Top","SsserpentHead"],"potions_floor_usage":[50,50,50],"damage_taken":[{"damage":3,"enemies":"Small Slimes","floor":1,"turns":3},{"damage":0,"enemies":"2 Louse","floor":2,"turns":1},{"damage":3,"enemies":"Jaw Worm","floor":3,"turns":4},{"damage":39,"enemies":"Lagavulin","floor":7,"turns":6},{"damage":22,"enemies":"Large Slime","floor":8,"turns":5},{"damage":3,"enemies":"Lots of Slimes","floor":11,"turns":4},{"damage":0,"enemies":"2 Fungi Beasts","floor":12,"turns":3},{"damage":0,"enemies":"Exordium Thugs","floor":13,"turns":4},{"damage":2,"enemies":"Blue Slaver","floor":14,"turns":4},{"damage":28,"enemies":"Hexaghost","floor":16,"turns":10},{"damage":0,"enemies":"Chosen","floor":18,"turns":5},{"damage":2,"enemies":"Shell Parasite","floor":19,"turns":7},{"damage":12,"enemies":"Cultist and Chosen","floor":20,"turns":6},{"damage":35,"enemies":"Book of Stabbing","floor":24,"turns":7},{"damage":0,"enemies":"3 Cultists","floor":25,"turns":6},{"damage":18,"enemies":"Shelled Parasite and Fungi","floor":27,"turns":5},{"damage":6,"enemies":"Snecko","floor":28,"turns":5},{"damage":0,"enemies":"Cultist and Chosen","floor":31,"turns":5},{"damage":0,"enemies":"Automaton","floor":33,"turns":13},{"damage":13,"enemies":"Orb Walker","floor":35,"turns":4},{"damage":0,"enemies":"3 Shapes","floor":36,"turns":5},{"damage":0,"enemies":"Writhing Mass","floor":39,"turns":8},{"damage":19,"enemies":"Reptomancer","floor":40,"turns":10},{"damage":32,"enemies":"Jaw Worm Horde","floor":44,"turns":5},{"damage":28,"enemies":"Transient","floor":45,"turns":5},{"damage":0,"enemies":"4 Shapes","floor":48,"turns":4},{"damage":46,"enemies":"Awakened One","floor":50,"turns":12}],"seed_played":"1353429525660244328","potions_obtained":[{"floor":1,"key":"Weak Potion"},{"floor":8,"key":"Swift Potion"},{"floor":13,"key":"Strength Potion"},{"floor":20,"key":"GamblersBrew"},{"floor":31,"key":"Regen Potion"},{"floor":45,"key":"Ancient Potion"}],"is_trial":false,"path_per_floor":["M","M","M","?","?","R","E","M","T","$","M","M","M","M","R","B",null,"M","M","M","?","$","R","E","M","T","M","M","$","?","M","R","B",null,"M","M","?","$","M","E","R","?","T","M","M","R","?","M","R","B",null],"character_chosen":"IRONCLAD","items_purchased":["Barricade","Armaments","Bottled Lightning","Good Instincts"],"campfire_rested":1,"item_purchase_floors":[10,10,29,38],"current_hp_per_floor":[80,80,80,85,85,85,52,36,36,36,39,45,51,55,55,33,85,85,85,79,79,79,79,50,56,56,44,44,44,44,50,50,56,85,78,84,73,73,79,66,66,66,66,40,18,43,43,49,49,24],"gold":177,"neow_bonus":"REMOVE_TWO","is_prod":false,"is_daily":false,"chose_seed":false,"campfire_upgraded":6,"win_rate":0.0,"timestamp":1568694747,"path_taken":["M","M","M","?","?","R","E","M","T","?","M","M","M","M","R","BOSS","M","M","M","?","$","R","E","M","T","M","?","$","?","M","R","BOSS","M","M","?","$","M","E","R","?","T","M","M","R","?","?","R","BOSS"],"build_version":"2019-07-17","purchased_purges":1,"victory":true,"max_hp_per_floor":[80,80,80,85,85,85,85,85,85,85,85,85,85,85,85,85,85,85,85,85,85,85,85,85,85,85,85,85,85,85,85,85,85,85,85,85,85,85,85,85,85,85,85,85,85,85,85,85,85,85],"card_choices":[{"not_picked":["Uppercut","Perfected Strike"],"picked":"Whirlwind","floor":1},{"not_picked":["Perfected Strike","Thunderclap"],"picked":"Anger","floor":2},{"not_picked":["Clash","Twin Strike"],"picked":"Pommel Strike","floor":3},{"not_picked":["Armaments","Thunderclap","Dark Embrace"],"picked":"SKIP","floor":7},{"not_picked":["Armaments","Entrench"],"picked":"Iron Wave","floor":8},{"not_picked":["Clothesline","Warcry","Clash"],"picked":"Shrug It Off","floor":11},{"not_picked":["Cleave","Headbutt","Pommel Strike"],"picked":"Metallicize","floor":12},{"not_picked":["Intimidate","Clothesline","Thunderclap"],"picked":"Seeing Red","floor":13},{"not_picked":["Seeing Red","Rupture","Carnage"],"picked":"Juggernaut","floor":14},{"not_picked":["Brutality","Reaper","Feed"],"picked":"Impervious","floor":16},{"not_picked":["Rupture","Flex"],"picked":"SKIP","floor":18},{"not_picked":["Iron Wave","Sword Boomerang+1"],"picked":"SKIP","floor":19},{"not_picked":["Headbutt","Cleave"],"picked":"SKIP","floor":20},{"not_picked":["True Grit+1"],"picked":"Armaments+1","floor":24},{"not_picked":["Warcry"],"picked":"Infernal Blade+1","floor":25},{"not_picked":["Dual Wield","Perfected Strike+1"],"picked":"SKIP","floor":27},{"not_picked":["Feel No Pain","Armaments"],"picked":"SKIP","floor":28},{"not_picked":["Armaments","Blood for Blood+1"],"picked":"SKIP","floor":31},{"not_picked":["Fiend Fire"],"picked":"Demon Form","floor":33},{"not_picked":["Sword Boomerang","Fire Breathing+1"],"picked":"SKIP","floor":35},{"not_picked":["Thunderclap+1","Cleave"],"picked":"SKIP","floor":36},{"not_picked":["Flex+1","Armaments"],"picked":"SKIP","floor":39},{"not_picked":["Blood for Blood"],"picked":"Body Slam","floor":40},{"not_picked":["Anger","Sword Boomerang"],"picked":"SKIP","floor":44},{"not_picked":["Sword Boomerang+1","Dual Wield+1"],"picked":"SKIP","floor":45},{"not_picked":["Demon Form","Cleave+1"],"picked":"SKIP","floor":48}],"player_experience":3930,"relics_obtained":[{"floor":7,"key":"Girya"},{"floor":9,"key":"Question Card"},{"floor":24,"key":"Bag of Preparation"},{"floor":26,"key":"Bottled Tornado"},{"floor":40,"key":"Bronze Scales"},{"floor":43,"key":"Unceasing Top"}],"event_choices":[{"damage_healed":0,"gold_gain":0,"player_choice":"Donut","damage_taken":0,"max_hp_gain":5,"max_hp_loss":0,"event_name":"Big Fish","floor":4,"gold_loss":0},{"damage_healed":0,"gold_gain":0,"player_choice":"Ignored","damage_taken":0,"max_hp_gain":0,"max_hp_loss":0,"event_name":"Liars Game","floor":5,"gold_loss":0},{"damage_healed":0,"gold_gain":0,"player_choice":"Bought 0 Potions","damage_taken":0,"max_hp_gain":0,"max_hp_loss":0,"event_name":"The Woman in Blue","floor":21,"gold_loss":0},{"cards_removed":["Bash"],"damage_healed":0,"gold_gain":0,"player_choice":"Purged","damage_taken":0,"max_hp_gain":0,"max_hp_loss":0,"event_name":"Purifier","floor":30,"gold_loss":0},{"damage_healed":0,"gold_gain":0,"player_choice":"Embrace Madness","damage_taken":11,"max_hp_gain":0,"max_hp_loss":0,"event_name":"Winding Halls","floor":37,"gold_loss":0,"cards_obtained":["Madness","Madness"]},{"cards_removed":["Demon Form"],"damage_healed":0,"gold_gain":0,"player_choice":"Removed Power","damage_taken":0,"max_hp_gain":0,"max_hp_loss":0,"event_name":"Falling","floor":42,"gold_loss":0},{"damage_healed":0,"gold_gain":0,"player_choice":"Trade","damage_taken":0,"relics_obtained":["SsserpentHead"],"max_hp_gain":0,"max_hp_loss":0,"event_name":"FaceTrader","floor":47,"gold_loss":0}],"is_beta":false,"boss_relics":[{"not_picked":["Fusion Hammer","White Beast Statue"],"picked":"Busted Crown"},{"not_picked":["Runic Pyramid","Cursed Key"],"picked":"Astrolabe"}],"items_purged_floors":[22],"is_endless":false,"potions_floor_spawned":[1,8,13,16,19,20,31,33,35,39,45],"ascension_level":0}