{"gold_per_floor":[111,36,211,230,230,230,274,274,331,331,20,20,54,69,69,69],"floor_reached":16,"playtime":432,"items_purged":["Strike_G"],"score":170,"play_id":"48f5e812-c274-45e2-b353-bf2ce523915d","local_time":"20190701234911","is_ascension_mode":true,"campfire_choices":[{"data":"Backstab","floor":6,"key":"SMITH"},{"data":"Dash","floor":8,"key":"SMITH"},{"data":"Neutralize","floor":10,"key":"SMITH"},{"data":"Footwork","floor":15,"key":"SMITH"}],"neow_cost":"NONE","seed_source_timestamp":310718563614223,"circlet_count":0,"master_deck":["Strike_G","Strike_G","Strike_G","Strike_G","Defend_G","Defend_G","Defend_G","Defend_G","Defend_G","Survivor","Neutralize+1","Dash+1","Doubt","Backstab+1","Footwork+1","Deflect+1","PiercingWail+1"],"relics":["Ring of the Snake","NeowsBlessing","Golden Idol","Gremlin Horn","Tiny Chest","Toxic Egg 2","Pocketwatch"],"potions_floor_usage":[13,16],"damage_taken":[{"damage":0,"enemies":"Cultist","floor":1,"turns":1},{"damage":0,"enemies":"2 Louse","floor":4,"turns":1},{"damage":0,"enemies":"Gremlin Nob","floor":7,"turns":1},{"damage":12,"enemies":"Lagavulin","floor":13,"turns":10},{"damage":0,"enemies":"Jaw Worm","floor":14,"turns":3},{"damage":38,"enemies":"Hexaghost","floor":16,"turns":16}],"seed_played":"-2707045054747212303","potions_obtained":[{"floor":1,"key":"Poison Potion"},{"floor":14,"key":"Block Potion"}],"is_trial":false,"path_per_floor":["M","$","?","M","?","R","E","R","T","R","$","$","E","M","R","B"],"character_chosen":"THE_SILENT","items_purchased":["Toxic Egg 2","Footwork"],"campfire_rested":0,"item_purchase_floors":[11,11],"current_hp_per_floor":[63,63,63,63,46,46,46,46,46,46,46,46,34,34,34,0],"gold":69,"neow_bonus":"THREE_ENEMY_KILL","is_prod":false,"is_daily":false,"chose_seed":false,"campfire_upgraded":4,"win_rate":0,"timestamp":1562042951,"path_taken":["M","$","?","M","?","R","E","R","T","R","?","$","E","M","R","BOSS"],"build_version":"2019-07-01","purchased_purges":1,"victory":false,"max_hp_per_floor":[70,70,70,70,70,70,70,70,70,70,70,70,70,70,70,70],"card_choices":[{"not_picked":["All Out Attack","PiercingWail"],"picked":"Dash","floor":1},{"not_picked":["Slice","Dagger Spray"],"picked":"Backstab","floor":4},{"not_picked":["Dagger Throw","Acrobatics","Bouncing Flask"],"picked":"SKIP","floor":7},{"not_picked":["Outmaneuver+1","Prepared+1"],"picked":"Deflect+1","floor":13},{"not_picked":["Wraith Form v2","Dagger Spray"],"picked":"PiercingWail+1","floor":14}],"player_experience":345981,"relics_obtained":[{"floor":7,"key":"Gremlin Horn"},{"floor":9,"key":"Tiny Chest"},{"floor":13,"key":"Pocketwatch"}],"event_choices":[{"damage_healed":0,"gold_gain":175,"player_choice":"AGREE","damage_taken":0,"max_hp_gain":0,"max_hp_loss":0,"event_name":"Liars Game","floor":3,"gold_loss":0,"cards_obtained":["Doubt"]},{"damage_healed":0,"gold_gain":0,"player_choice":"Take Damage","damage_taken":17,"relics_obtained":["Golden Idol"],"max_hp_gain":0,"max_hp_loss":0,"event_name":"Golden Idol","floor":5,"gold_loss":0}],"is_beta":false,"boss_relics":[],"items_purged_floors":[2],"is_endless":false,"potions_floor_spawned":[1,14],"killed_by":"Hexaghost","ascension_level":6}