{"gold_per_floor":[119,119,44,9,9,37,55,55,80,80,80,80,55,65,65,65],"floor_reached":16,"playtime":5468,"items_purged":["Strike_R"],"score":192,"play_id":"bf333dbb-c0df-4419-a1e8-31abbf74b683","local_time":"20190917213817","is_ascension_mode":true,"campfire_choices":[{"data":"Shrug It Off","floor":8,"key":"SMITH"},{"data":"Bash","floor":10,"key":"SMITH"},{"floor":15,"key":"REST"}],"neow_cost":"PERCENT_DAMAGE","seed_source_timestamp":545060247388635,"circlet_count":0,"master_deck":["AscendersBane","Strike_R","Strike_R+1","Strike_R","Strike_R","Defend_R+1","Defend_R","Defend_R","Defend_R","Bash+1","Shrug It Off+1","Armaments","Shrug It Off"],"relics":["Burning Blood","Turnip","Omamori","Art of War"],"potions_floor_usage":[7,16],"damage_taken":[{"damage":3,"enemies":"2 Louse","floor":1,"turns":3},{"damage":66,"enemies":"3 Sentries","floor":6,"turns":19},{"damage":0,"enemies":"Small Slimes","floor":7,"turns":6},{"damage":4,"enemies":"Jaw Worm","floor":14,"turns":3},{"damage":43,"enemies":"Hexaghost","floor":16,"turns":9}],"seed_played":"-1433059054846120572","potions_obtained":[{"floor":6,"key":"Regen Potion"},{"floor":14,"key":"LiquidBronze"}],"is_trial":false,"path_per_floor":["M","?","$","?","$","E","M","R","T","R","?","?","$","M","R","B"],"character_chosen":"IRONCLAD","items_purchased":["Armaments"],"campfire_rested":1,"item_purchase_floors":[13],"current_hp_per_floor":[53,58,58,78,78,18,39,39,39,39,15,15,15,17,41,0],"gold":65,"neow_bonus":"ONE_RARE_RELIC","is_prod":false,"is_daily":false,"chose_seed":false,"campfire_upgraded":2,"win_rate":0,"timestamp":1568774297,"path_taken":["M","?","$","?","?","E","?","R","T","R","?","?","?","M","R","BOSS"],"build_version":"2019-07-17","purchased_purges":1,"victory":false,"max_hp_per_floor":[75,80,80,80,80,80,80,80,80,80,80,80,80,80,80,80],"card_choices":[{"not_picked":["Fire Breathing","Rupture"],"picked":"Shrug It Off","floor":1},{"not_picked":["True Grit","Flex","Thunderclap"],"picked":"SKIP","floor":6},{"not_picked":["Heavy Blade","Sword Boomerang","True Grit"],"picked":"SKIP","floor":7},{"not_picked":["Perfected Strike","Clash"],"picked":"Shrug It Off","floor":14}],"player_experience":1332072,"relics_obtained":[{"floor":6,"key":"Omamori"},{"floor":9,"key":"Art of War"}],"event_choices":[{"damage_healed":0,"gold_gain":0,"player_choice":"Donut","damage_taken":0,"max_hp_gain":5,"max_hp_loss":0,"event_name":"Big Fish","floor":2,"gold_loss":0},{"damage_healed":20,"gold_gain":0,"player_choice":"Healed","damage_taken":0,"max_hp_gain":0,"max_hp_loss":0,"event_name":"The Cleric","floor":4,"gold_loss":35},{"damage_healed":0,"gold_gain":0,"player_choice":"Entered Light","damage_taken":24,"max_hp_gain":0,"max_hp_loss":0,"event_name":"Shining Light","floor":11,"gold_loss":0,"cards_upgraded":["Strike_R","Defend_R"]},{"damage_healed":0,"gold_gain":0,"player_choice":"Ignored","damage_taken":0,"max_hp_gain":0,"max_hp_loss":0,"event_name":"Liars Game","floor":12,"gold_loss":0}],"is_beta":false,"boss_relics":[],"items_purged_floors":[3],"is_endless":false,"potions_floor_spawned":[6,14],"killed_by":"Hexaghost","ascension_level":20}