{"gold_per_floor":[144,144,35,80,125,125,170,215,215,65,65,110,155,55,55,55],"floor_reached":16,"playtime":905,"items_purged":["Strike_G","Strike_G"],"score":119,"play_id":"6f3c3412-1343-43b3-abf3-ecc54dc34f4f","local_time":"20181104130756","daily_mods":["Specialized","Vintage","Midas"],"is_ascension_mode":false,"campfire_choices":[{"floor":6,"key":"REST"},{"floor":15,"key":"REST"}],"neow_cost":"","seed_source_timestamp":0,"circlet_count":0,"master_deck":["Defend_G","Defend_G","Defend_G","Defend_G","Defend_G","Strike_G","Strike_G","Strike_G","Neutralize","Cloak And Dagger","Cloak And Dagger","Cloak And Dagger","Cloak And Dagger","Cloak And Dagger","Accuracy"],"special_seed":17839,"relics":["Ring of the Snake","Vajra","Pocketwatch","Happy Flower","Question Card","Paper Crane","Bottled Lightning","Bag of Marbles","GremlinMask","Prayer Wheel","Tingsha"],"potions_floor_usage":[],"damage_taken":[{"damage":1,"enemies":"Jaw Worm","floor":1,"turns":5},{"damage":0,"enemies":"Cultist","floor":4,"turns":4},{"damage":4,"enemies":"Small Slimes","floor":5,"turns":3},{"damage":1,"enemies":"Exordium Thugs","floor":7,"turns":5},{"damage":0,"enemies":"Blue Slaver","floor":8,"turns":2},{"damage":0,"enemies":"2 Fungi Beasts","floor":12,"turns":2},{"damage":2,"enemies":"Exordium Wildlife","floor":13,"turns":4},{"damage":73,"enemies":"Slime Boss","floor":16,"turns":10}],"seed_played":"-2369398875627800595","potions_obtained":[{"floor":1,"key":"Regen Potion"},{"floor":4,"key":"SpeedPotion"},{"floor":12,"key":"SmokeBomb"}],"is_trial":false,"path_per_floor":["M","?","$","M","M","R","M","M","T","$","?","M","M","$","R","B"],"character_chosen":"THE_SILENT","items_purchased":["Accuracy","Bag of Marbles"],"campfire_rested":2,"item_purchase_floors":[3,10],"current_hp_per_floor":[69,69,69,69,65,70,69,69,69,69,69,69,67,67,70,0],"gold":55,"neow_bonus":"","is_prod":false,"is_daily":true,"chose_seed":false,"campfire_upgraded":0,"win_rate":0.0,"timestamp":1541358476,"path_taken":["M","?","$","M","?","R","M","?","T","$","?","M","?","$","R","BOSS"],"build_version":"2018-11-01","purchased_purges":2,"victory":false,"max_hp_per_floor":[70,70,70,70,70,70,70,70,70,70,70,70,70,70,70,70],"card_choices":[],"player_experience":16047,"relics_obtained":[{"floor":1,"key":"Vajra"},{"floor":4,"key":"Pocketwatch"},{"floor":5,"key":"Happy Flower"},{"floor":7,"key":"Question Card"},{"floor":8,"key":"Paper Crane"},{"floor":9,"key":"Bottled Lightning"},{"floor":12,"key":"Prayer Wheel"},{"floor":13,"key":"Tingsha"}],"event_choices":[{"cards_removed":["Survivor"],"damage_healed":0,"gold_gain":0,"player_choice":"Offered Basic","damage_taken":0,"max_hp_gain":0,"max_hp_loss":0,"event_name":"Bonfire Elementals","floor":2,"gold_loss":0},{"damage_healed":0,"gold_gain":0,"player_choice":"Trade","damage_taken":0,"relics_obtained":["GremlinMask"],"max_hp_gain":0,"max_hp_loss":0,"event_name":"FaceTrader","floor":11,"gold_loss":0}],"is_beta":false,"boss_relics":[],"items_purged_floors":[3,14],"is_endless":false,"potions_floor_spawned":[1,4,12,13],"killed_by":"Slime Boss","ascension_level":0}