{"gold_per_floor":[15,15,30,30,45,45,45,58,105,105,124,124,137,153,153,242,242,261,261,261,261,274,274,90,90,90,110,131,131,144,55,55,55],"floor_reached":33,"playtime":1406,"items_purged":["Strike_B+1"],"score":549,"play_id":"376e17e4-f99b-48f8-a070-e06a0dc51d45","local_time":"20190909140440","is_ascension_mode":true,"campfire_choices":[{"data":"Dualcast","floor":6.0,"key":"SMITH"},{"data":"Hologram","floor":10.0,"key":"SMITH"},{"data":"Conserve Battery","floor":12.0,"key":"SMITH"},{"data":"Streamline","floor":15.0,"key":"SMITH"},{"data":"Biased Cognition","floor":23,"key":"SMITH"},{"data":"Capacitor","floor":25,"key":"SMITH"},{"data":"Consume","floor":32,"key":"SMITH"}],"neow_cost":"NO_GOLD","seed_source_timestamp":880634676901700,"circlet_count":0,"master_deck":["AscendersBane","Strike_B+1","Strike_B+1","Defend_B+1","Defend_B+1","Defend_B+1","Zap+1","Dualcast+1","Conserve Battery+1","Hologram+1","Streamline+1","Biased Cognition+1","Leap","Ball Lightning","Capacitor+1","Glacier","Consume+1"],"special_seed":0,"relics":["Cracked Core","Golden Idol","Potion Belt","Philosopher\u0027s Stone","Gremlin Horn"],"potions_floor_usage":[30,33],"damage_taken":[{"damage":2.0,"enemies":"Cultist","floor":1.0,"turns":4.0},{"damage":2.0,"enemies":"Jaw Worm","floor":3.0,"turns":3.0},{"damage":9.0,"enemies":"Small Slimes","floor":5.0,"turns":3.0},{"damage":3.0,"enemies":"Blue Slaver","floor":8.0,"turns":4.0},{"damage":0.0,"enemies":"2 Fungi Beasts","floor":11.0,"turns":3.0},{"damage":1.0,"enemies":"Exordium Thugs","floor":13.0,"turns":4.0},{"damage":13.0,"enemies":"Blue Slaver","floor":14.0,"turns":2.0},{"damage":0.0,"enemies":"Hexaghost","floor":16.0,"turns":9.0},{"damage":7.0,"enemies":"2 Thieves","floor":18.0,"turns":4.0},{"damage":5,"enemies":"Chosen","floor":22,"turns":5},{"damage":18,"enemies":"Sentry and Sphere","floor":27,"turns":5},{"damage":14,"enemies":"Centurion and Healer","floor":28,"turns":9},{"damage":0,"enemies":"Snake Plant","floor":30,"turns":4},{"damage":27,"enemies":"Collector","floor":33,"turns":7}],"seed_played":"9188610791405173564","potions_obtained":[{"floor":1.0,"key":"LiquidBronze"},{"floor":8.0,"key":"EssenceOfSteel"},{"floor":11.0,"key":"Energy Potion"},{"floor":22,"key":"Explosive Potion"},{"floor":28,"key":"Block Potion"}],"is_trial":false,"path_per_floor":["M","?","M","$","M","R","?","M","T","R","M","R","M","M","R","B",null,"M","?","?","?","M","R","$","R","T","M","M","$","M","$","R","B"],"character_chosen":"DEFECT","items_purchased":["Ball Lightning","Capacitor","Consume"],"campfire_rested":0,"item_purchase_floors":[24,24,31],"current_hp_per_floor":[62,62,60,60,51,51,51,48,48,48,48,48,47,34,34,34,57,50,63,63,63,58,58,58,58,58,40,26,26,26,26,26,0],"gold":55,"neow_bonus":"REMOVE_TWO","is_prod":false,"is_daily":false,"chose_seed":false,"campfire_upgraded":7,"win_rate":0,"timestamp":1568063080,"path_taken":["M","?","M","$","M","R","?","M","T","R","M","R","M","M","R","BOSS","M","?","?","?","M","R","$","R","T","M","M","?","M","$","R","BOSS"],"build_version":"2019-07-17","purchased_purges":1,"victory":false,"max_hp_per_floor":[71,64,64,64,64,64,64,64,64,64,64,64,64,64,64,64,64,64,64,64,64,64,64,64,64,64,64,64,64,64,64,64,64],"card_choices":[{"not_picked":["Chaos","Redo"],"picked":"Conserve Battery","floor":1.0},{"not_picked":["Turbo","Compile Driver"],"picked":"Hologram","floor":3.0},{"not_picked":["Gash","Steam Power","White Noise"],"picked":"SKIP","floor":5.0},{"not_picked":["Reprogram","Doom and Gloom","Genetic Algorithm"],"picked":"SKIP","floor":8.0},{"not_picked":["Hologram","Scrape","Barrage"],"picked":"SKIP","floor":11.0},{"not_picked":["Chaos","Rebound"],"picked":"Streamline","floor":13.0},{"not_picked":["Double Energy","Amplify","Steam Power"],"picked":"SKIP","floor":14.0},{"not_picked":["Fission","Rainbow"],"picked":"Biased Cognition","floor":16.0},{"not_picked":["Force Field+1","Storm"],"picked":"Leap","floor":18.0},{"not_picked":["Steam Power","Force Field+1","Streamline"],"picked":"SKIP","floor":22},{"not_picked":["Barrage","Compile Driver"],"picked":"Glacier","floor":27},{"not_picked":["Darkness+1","Streamline","Gash"],"picked":"SKIP","floor":28},{"not_picked":["Darkness","Streamline","Steam Power"],"picked":"SKIP","floor":30}],"player_experience":677232,"relics_obtained":[{"floor":9.0,"key":"Potion Belt"},{"floor":26,"key":"Gremlin Horn"}],"event_choices":[{"damage_healed":0.0,"max_hp_gain":0.0,"max_hp_loss":7.0,"gold_gain":0.0,"event_name":"Golden Idol","player_choice":"Lose Max HP","floor":2.0,"gold_loss":0.0,"damage_taken":0.0,"relics_obtained":["Golden Idol"]},{"damage_healed":0.0,"max_hp_gain":0.0,"max_hp_loss":0.0,"gold_gain":0.0,"event_name":"Living Wall","player_choice":"Grow","floor":7.0,"gold_loss":0.0,"damage_taken":0.0,"cards_upgraded":["Zap"]},{"damage_healed":13,"gold_gain":0,"player_choice":"Heal","damage_taken":0,"max_hp_gain":0,"max_hp_loss":0,"event_name":"The Library","floor":19,"gold_loss":0},{"damage_healed":0,"gold_gain":0,"player_choice":"Simplicity","damage_taken":0,"max_hp_gain":0,"max_hp_loss":0,"event_name":"Back to Basics","floor":20,"gold_loss":0,"cards_upgraded":["Strike_B","Strike_B","Strike_B","Defend_B","Defend_B","Defend_B"]},{"damage_healed":0,"gold_gain":0,"player_choice":"Ignored","damage_taken":0,"max_hp_gain":0,"max_hp_loss":0,"event_name":"Ghosts","floor":21,"gold_loss":0}],"is_beta":false,"boss_relics":[{"not_picked":["Eternal Feather","Lizard Tail"],"picked":"Philosopher\u0027s Stone"}],"items_purged_floors":[24],"is_endless":false,"potions_floor_spawned":[1,8,11,22,28],"killed_by":"Collector","ascension_level":18}