{"gold_per_floor":[112,126,126,138,156,185,1,1,51,63,75,103,103,118,118,214,214,226,239,252,252,271,296,308,156,182,207,132,132,142,206,206,308,308,326,148,168,181,195,223,223,223,223,223,258,65,81,81,81,180,180,198,198,250,260,260,260,58,71,98,116,127,127,146,179,179,281,331,346,357,357,58,75,75,91,91,122,142,161,161,260,7,7,102,102,122,134,134,154,154,168,43,43,76,76,76,76,96,109,109,210,210,225,225,238,255,71,104,12,12,46,58,58,69,83,93,93,195,195,210,228,143,143,163,163,183,282,317,331,361,361,375,375,375,470,470,496,523,535,561,185,236,246,259,289,289,114,130,130,150,150,253,253,269,269,269,281,295,295,295,305,338,338,366,366,380,380,380,480,480,495,420,170,170,181,181,193,193,228,228,245,259,274,292,292,292],"floor_reached":186,"playtime":16886,"items_purged":["Dagger Throw","Blade Dance","Dagger Spray","Pain","Doubt"],"score":5293,"play_id":"ebf25df9-f030-42a1-b2ad-7ce096e02d23","local_time":"20180730233251","daily_mods":["Draft"],"is_ascension_mode":false,"campfire_choices":[{"data":"Footwork","floor":13.0,"key":"SMITH"},{"floor":15.0,"key":"REST"},{"floor":29.0,"key":"REST"},{"floor":32.0,"key":"REST"},{"data":"Accuracy","floor":41.0,"key":"SMITH"},{"data":"Master of Strategy","floor":44.0,"key":"SMITH"},{"data":"Adrenaline","floor":49.0,"key":"SMITH"},{"data":"Accuracy","floor":57.0,"key":"SMITH"},{"data":"Noxious Fumes","floor":63.0,"key":"SMITH"},{"data":"Accuracy","floor":66.0,"key":"SMITH"},{"data":"Envenom","floor":74.0,"key":"SMITH"},{"floor":76.0,"key":"REST"},{"floor":80.0,"key":"REST"},{"floor":83.0,"key":"REST"},{"floor":95.0,"key":"REST"},{"data":"Footwork","floor":100.0,"key":"SMITH"},{"data":"Mind Blast","floor":110.0,"key":"SMITH"},{"data":"Backstab","floor":113.0,"key":"SMITH"},{"data":"Footwork","floor":117.0,"key":"SMITH"},{"floor":125.0,"key":"REST"},{"floor":131.0,"key":"REST"},{"floor":134.0,"key":"REST"},{"data":"Adrenaline","floor":146.0,"key":"SMITH"},{"data":"Mayhem","floor":149.0,"key":"SMITH"},{"floor":151.0,"key":"REST"},{"floor":159,"key":"REST"},{"floor":165,"key":"REST"},{"floor":168,"key":"REST"},{"floor":176,"key":"REST"},{"floor":185,"key":"REST"}],"neow_cost":"","seed_source_timestamp":0,"circlet_count":0,"master_deck":["Footwork+1","Dodge and Roll","Cloak And Dagger","Quick Slash","Footwork+1","Backstab+1","Blur+1","Dagger Spray","Cloak And Dagger","Blur","Flying Knee","Cloak And Dagger","Glass Knife","Apotheosis+1","Footwork+1","Blur","Backflip","Venomology","Glass Knife","Noxious Fumes+1","Accuracy+1","Adrenaline+1","Master of Strategy+1","Finesse+1","Deep Breath+1","Accuracy+1","Accuracy+1","Envenom+1","Well Laid Plans","Well Laid Plans","Dodge and Roll+1","Leg Sweep+1","Mayhem+1","Mind Blast+1","Adrenaline+1","Doppelganger+1","Infinite Blades","Noxious Fumes","Leg Sweep"],"special_seed":17726,"relics":["Ring of the Snake","Matryoshka","Centennial Puzzle","Bag of Marbles","Oddly Smooth Stone","Mummified Hand","Question Card","Potion Belt","Du-Vu Doll","Tiny Chest","Empty Cage","Omamori","Mango","Blood Vial","War Paint","Toy Ornithopter","WristBlade","TwistedFunnel","Tiny House","Nunchaku","Juzu Bracelet","Busted Crown","Lizard Tail","Philosopher\u0027s Stone","Mercury Hourglass","Calling Bell","MawBank","Torii","Letter Opener","Singing Bowl","Incense Burner","Fusion Hammer","Strawberry","Shuriken","Odd Mushroom","Runic Dome","Bottled Lightning"],"potions_floor_usage":[154,157,158,162,162,164,169,169,177,177,177,179,179,182,183,184,184,186,186],"damage_taken":[{"damage":0.0,"enemies":"Jaw Worm","floor":1.0,"turns":3.0},{"damage":0.0,"enemies":"Small Slimes","floor":2.0,"turns":4.0},{"damage":0.0,"enemies":"2 Louse","floor":4.0,"turns":2.0},{"damage":5.0,"enemies":"Blue Slaver","floor":5.0,"turns":4.0},{"damage":15.0,"enemies":"3 Sentries","floor":6.0,"turns":7.0},{"damage":1.0,"enemies":"Exordium Thugs","floor":10.0,"turns":4.0},{"damage":0.0,"enemies":"Exordium Wildlife","floor":11.0,"turns":4.0},{"damage":0.0,"enemies":"Gremlin Nob","floor":12.0,"turns":2.0},{"damage":0.0,"enemies":"2 Fungi Beasts","floor":14.0,"turns":3.0},{"damage":0.0,"enemies":"The Guardian","floor":16.0,"turns":10.0},{"damage":0.0,"enemies":"Spheric Guardian","floor":18.0,"turns":4.0},{"damage":1.0,"enemies":"Chosen","floor":19.0,"turns":4.0},{"damage":5.0,"enemies":"Snake Plant","floor":20.0,"turns":5.0},{"damage":1.0,"enemies":"Cultist and Chosen","floor":22.0,"turns":9.0},{"damage":2.0,"enemies":"Gremlin Leader","floor":23.0,"turns":8.0},{"damage":14.0,"enemies":"Centurion and Healer","floor":24.0,"turns":6.0},{"damage":7.0,"enemies":"Slavers","floor":27.0,"turns":5.0},{"damage":0.0,"enemies":"3 Cultists","floor":30.0,"turns":5.0},{"damage":17.0,"enemies":"Gremlin Leader","floor":31.0,"turns":6.0},{"damage":0.0,"enemies":"Automaton","floor":33.0,"turns":13.0},{"damage":0.0,"enemies":"3 Shapes","floor":35.0,"turns":4.0},{"damage":0.0,"enemies":"Orb Walker","floor":37.0,"turns":4.0},{"damage":4.0,"enemies":"4 Shapes","floor":38.0,"turns":4.0},{"damage":0.0,"enemies":"Spire Growth","floor":39.0,"turns":4.0},{"damage":6.0,"enemies":"Giant Head","floor":40.0,"turns":9.0},{"damage":0.0,"floor":42.0,"turns":5.0},{"damage":18.0,"enemies":"2 Orb Walkers","floor":45.0,"turns":4.0},{"damage":3.0,"enemies":"Sphere and 2 Shapes","floor":47.0,"turns":6.0},{"damage":51.0,"enemies":"Time Eater","floor":50.0,"turns":15.0},{"damage":0.0,"enemies":"Small Slimes","floor":52.0,"turns":1.0},{"damage":0.0,"enemies":"Jaw Worm","floor":54.0,"turns":2.0},{"damage":11.0,"enemies":"Jaw Worm","floor":55.0,"turns":3.0},{"damage":0.0,"enemies":"Cultist","floor":59.0,"turns":2.0},{"damage":8.0,"enemies":"Lagavulin","floor":60.0,"turns":4.0},{"damage":0.0,"enemies":"Red Slaver","floor":61.0,"turns":1.0},{"damage":0.0,"enemies":"Blue Slaver","floor":62.0,"turns":1.0},{"damage":0.0,"enemies":"Gremlin Gang","floor":64.0,"turns":2.0},{"damage":0.0,"enemies":"3 Sentries","floor":65.0,"turns":3.0},{"damage":0.0,"enemies":"Hexaghost","floor":67.0,"turns":5.0},{"damage":6.0,"enemies":"Shell Parasite","floor":69.0,"turns":3.0},{"damage":20.0,"enemies":"2 Thieves","floor":70.0,"turns":2.0},{"damage":14.0,"enemies":"Snecko","floor":73.0,"turns":3.0},{"damage":51.0,"enemies":"Snake Plant","floor":75.0,"turns":3.0},{"damage":55.0,"enemies":"Slavers","floor":77.0,"turns":4.0},{"damage":50.0,"enemies":"Slaver and Parasite","floor":78.0,"turns":4.0},{"damage":4.0,"enemies":"Cultist and Chosen","floor":79.0,"turns":2.0},{"damage":0.0,"enemies":"Collector","floor":84.0,"turns":6.0},{"damage":18.0,"enemies":"3 Darklings","floor":86.0,"turns":4.0},{"damage":0.0,"enemies":"3 Shapes","floor":87.0,"turns":4.0},{"damage":27.0,"enemies":"Transient","floor":89.0,"turns":5.0},{"damage":29.0,"enemies":"Maw","floor":91.0,"turns":6.0},{"damage":36.0,"enemies":"Giant Head","floor":94.0,"turns":8.0},{"damage":23.0,"enemies":"4 Shapes","floor":98.0,"turns":5.0},{"damage":0.0,"enemies":"Spire Growth","floor":99.0,"turns":4.0},{"damage":22.0,"enemies":"Time Eater","floor":101.0,"turns":9.0},{"damage":0.0,"enemies":"2 Louse","floor":103.0,"turns":1.0},{"damage":0.0,"enemies":"Jaw Worm","floor":105.0,"turns":3.0},{"damage":0.0,"enemies":"Cultist","floor":106.0,"turns":2.0},{"damage":4.0,"enemies":"3 Sentries","floor":108.0,"turns":4.0},{"damage":0.0,"enemies":"Lagavulin","floor":111.0,"turns":6.0},{"damage":0.0,"enemies":"3 Louse","floor":112.0,"turns":1.0},{"damage":0.0,"enemies":"Looter","floor":114.0,"turns":1.0},{"damage":0.0,"enemies":"Exordium Thugs","floor":115.0,"turns":3.0},{"damage":0.0,"enemies":"3 Louse","floor":116.0,"turns":1.0},{"damage":4.0,"enemies":"The Guardian","floor":118.0,"turns":7.0},{"damage":22.0,"enemies":"2 Thieves","floor":120.0,"turns":3.0},{"damage":20.0,"enemies":"Chosen","floor":121.0,"turns":3.0},{"damage":24.0,"enemies":"Centurion and Healer","floor":124.0,"turns":2.0},{"damage":0.0,"enemies":"Snake Plant","floor":126.0,"turns":6.0},{"damage":39.0,"enemies":"Slavers","floor":128.0,"turns":4.0},{"damage":0.0,"enemies":"Sentry and Sphere","floor":129.0,"turns":4.0},{"damage":0.0,"enemies":"Gremlin Leader","floor":130.0,"turns":7.0},{"damage":5.0,"enemies":"Snecko","floor":132.0,"turns":5.0},{"damage":0.0,"enemies":"Book of Stabbing","floor":133.0,"turns":1.0},{"damage":0.0,"enemies":"Champ","floor":135.0,"turns":10.0},{"damage":0.0,"enemies":"Orb Walker","floor":137.0,"turns":2.0},{"damage":12.0,"enemies":"3 Darklings","floor":138.0,"turns":3.0},{"damage":9.0,"enemies":"4 Shapes","floor":140.0,"turns":4.0},{"damage":10.0,"floor":142.0,"turns":4.0},{"damage":0.0,"enemies":"Maw","floor":143.0,"turns":7.0},{"damage":42.0,"enemies":"3 Darklings","floor":144.0,"turns":3.0},{"damage":0.0,"enemies":"Nemesis","floor":145.0,"turns":5.0},{"damage":0.0,"enemies":"4 Shapes","floor":148.0,"turns":3.0},{"damage":0.0,"enemies":"Sphere and 2 Shapes","floor":150.0,"turns":4.0},{"damage":40.0,"enemies":"Donu and Deca","floor":152.0,"turns":8.0},{"damage":0,"enemies":"2 Louse","floor":154,"turns":1},{"damage":0,"enemies":"Jaw Worm","floor":157,"turns":1},{"damage":0,"enemies":"Cultist","floor":158,"turns":1},{"damage":1,"enemies":"Exordium Wildlife","floor":161,"turns":2},{"damage":1,"enemies":"3 Sentries","floor":162,"turns":3},{"damage":7,"floor":164,"turns":2},{"damage":5,"enemies":"3 Louse","floor":166,"turns":2},{"damage":2,"enemies":"The Guardian","floor":169,"turns":5},{"damage":28,"enemies":"2 Thieves","floor":171,"turns":3},{"damage":32,"enemies":"Shell Parasite","floor":175,"turns":2},{"damage":0,"enemies":"Centurion and Healer","floor":177,"turns":4},{"damage":45,"enemies":"Book of Stabbing","floor":179,"turns":5},{"damage":10,"enemies":"Chosen and Byrds","floor":181,"turns":4},{"damage":78,"enemies":"Snake Plant","floor":182,"turns":3},{"damage":0,"enemies":"Sentry and Sphere","floor":183,"turns":3},{"damage":6,"enemies":"Centurion and Healer","floor":184,"turns":4},{"damage":53,"enemies":"Automaton","floor":186,"turns":2}],"seed_played":"-415370393551013657","potions_obtained":[{"floor":2.0,"key":"FairyPotion"},{"floor":5.0,"key":"AttackPotion"},{"floor":10.0,"key":"Weak Potion"},{"floor":14.0,"key":"PowerPotion"},{"floor":16.0,"key":"FearPotion"},{"floor":18.0,"key":"LiquidBronze"},{"floor":19.0,"key":"FearPotion"},{"floor":22.0,"key":"Regen Potion"},{"floor":31.0,"key":"AttackPotion"},{"floor":33.0,"key":"Regen Potion"},{"floor":38.0,"key":"LiquidBronze"},{"floor":39.0,"key":"FairyPotion"},{"floor":45.0,"key":"Fruit Juice"},{"floor":47.0,"key":"Fire Potion"},{"floor":60.0,"key":"Ancient Potion"},{"floor":62.0,"key":"FearPotion"},{"floor":68.0,"key":"FairyPotion"},{"floor":69.0,"key":"Ancient Potion"},{"floor":79.0,"key":"PowerPotion"},{"floor":84.0,"key":"Regen Potion"},{"floor":87.0,"key":"Strength Potion"},{"floor":94.0,"key":"AttackPotion"},{"floor":96.0,"key":"Fruit Juice"},{"floor":96.0,"key":"Swift Potion"},{"floor":98.0,"key":"Block Potion"},{"floor":105.0,"key":"Explosive Potion"},{"floor":111.0,"key":"EssenceOfSteel"},{"floor":112.0,"key":"Explosive Potion"},{"floor":114.0,"key":"Strength Potion"},{"floor":116.0,"key":"Strength Potion"},{"floor":121.0,"key":"AttackPotion"},{"floor":124.0,"key":"Strength Potion"},{"floor":129.0,"key":"Swift Potion"},{"floor":130.0,"key":"SkillPotion"},{"floor":140.0,"key":"AttackPotion"},{"floor":142.0,"key":"Energy Potion"},{"floor":152.0,"key":"SmokeBomb"},{"floor":154,"key":"AttackPotion"},{"floor":158,"key":"Swift Potion"},{"floor":162,"key":"SkillPotion"},{"floor":169,"key":"SteroidPotion"},{"floor":175,"key":"AttackPotion"},{"floor":177,"key":"Block Potion"},{"floor":181,"key":"Poison Potion"},{"floor":183,"key":"Swift Potion"}],"is_trial":true,"path_per_floor":["M","M","?","M","M","E","$","?","T","M","M","E","R","M","R","B",null,"M","M","M","?","M","E","M","$","T","E","?","R","M","E","R","B",null,"M","$","M","M","M","E","R","?","T","R","E","$","M","?","R","B",null,"M","?","?","M","?","R","$","M","E","M","M","R","M","E","R","B",null,"M","M","?","$","M","R","M","R","E","M","M","R","?","$","R","B",null,"M","M","?","M","?","M","$","?","E","R","?","?","M","M","R","B",null,"M","?","M","M","$","E","$","R","E","M","R","M","M","M","R","B",null,"M","M","?","?","M","R","M","?","E","M","E","R","M","E","R","B",null,"M","M","?","M","$","?","M","M","E","R","$","M","R","M","R","B",null,"M","$","?","M","M","R","?","M","E","?","?","R","M","?","R","B",null,"M","?","$","?","M","R","M","?","E","?","M","M","M","M","R"],"character_chosen":"THE_SILENT","items_purchased":["Apotheosis","Noxious Fumes","Master of Strategy","Toy Ornithopter","TwistedFunnel","Nunchaku","Juzu Bracelet","Mayhem","Mind Blast","Singing Bowl","Bottled Lightning"],"campfire_rested":16,"item_purchase_floors":[7,25,36,46,58,72,82,107,109,141,173],"current_hp_per_floor":[70,70,70,70,65,50,50,50,50,49,49,49,49,49,70,70,70,70,69,64,64,63,70,56,56,56,49,49,70,70,53,70,70,70,70,70,70,70,70,64,64,78,78,78,62,67,69,64,64,27,89,89,89,89,78,78,78,78,80,74,76,81,81,83,85,85,89,94,88,73,73,73,69,69,20,48,12,9,10,38,38,38,66,71,94,76,94,94,67,91,65,65,65,34,62,62,67,46,54,54,46,99,99,99,99,99,99,95,95,95,97,99,99,99,99,99,99,95,99,77,59,59,39,23,54,56,56,22,24,32,63,63,68,99,104,104,104,92,92,85,85,88,92,57,67,67,67,71,71,78,112,79,116,116,116,116,116,116,116,116,115,115,115,109,116,111,111,116,115,116,88,88,88,88,57,74,78,78,36,55,46,14,16,13,30,0],"gold":292,"neow_bonus":"","is_prod":false,"is_daily":false,"chose_seed":false,"campfire_upgraded":14,"win_rate":0,"timestamp":1533011571,"path_taken":["M","M","?","M","M","E","$","?","T","M","?","E","R","M","R","BOSS","M","M","M","?","M","E","M","$","T","E","?","R","M","E","R","BOSS","M","?","M","M","?","E","R","?","T","R","E","$","M","?","R","BOSS","M","?","?","M","?","R","?","M","E","?","M","R","M","?","R","BOSS","M","M","?","$","?","R","M","R","E","M","M","R","?","?","R","BOSS","M","M","?","M","?","M","?","?","E","R","?","?","M","M","R","BOSS","M","?","M","M","?","E","?","R","E","M","R","M","M","M","R","BOSS","M","M","?","?","M","R","M","?","E","M","E","R","M","E","R","BOSS","M","M","?","M","$","?","M","M","E","R","$","M","R","M","R","BOSS","M","$","?","M","M","R","?","M","E","?","?","R","M","?","R","BOSS","M","?","$","?","M","R","M","?","E","?","M","M","M","M","R","BOSS"],"build_version":"2018-07-26","purchased_purges":5,"victory":false,"max_hp_per_floor":[70,70,70,70,70,70,70,70,70,70,70,70,70,70,70,70,70,70,70,70,70,70,70,70,70,70,70,70,70,70,70,70,70,70,70,70,70,70,70,70,70,84,84,84,84,89,89,89,89,89,89,89,89,89,89,89,89,89,89,89,89,89,89,89,89,89,89,94,94,94,94,94,94,94,94,94,94,94,94,94,94,94,94,94,94,94,94,94,94,94,94,94,94,94,94,94,99,99,99,99,99,99,99,99,99,99,99,99,99,99,99,99,99,99,99,99,99,99,99,99,99,99,104,104,104,104,104,104,104,104,104,104,104,104,104,104,104,104,104,104,104,106,108,110,112,112,112,114,114,116,116,116,116,116,116,116,116,116,116,116,116,116,116,116,116,116,116,116,116,116,116,116,116,116,116,116,116,116,116,116,116,116,116,116,116,116],"card_choices":[{"not_picked":["Prepared","Outmaneuver"],"picked":"Footwork","floor":0.0},{"not_picked":["Prepared","Riddle With Holes"],"picked":"Dodge and Roll","floor":0.0},{"not_picked":["PiercingWail","Deflect"],"picked":"Sucker Punch","floor":0.0},{"not_picked":["Slice","Dagger Spray"],"picked":"Cloak And Dagger","floor":0.0},{"not_picked":["Predator","Bouncing Flask"],"picked":"Quick Slash","floor":0.0},{"not_picked":["Bane","Flying Knee"],"picked":"Footwork","floor":0.0},{"not_picked":["Infinite Blades","Reflex"],"picked":"Backstab","floor":0.0},{"not_picked":["Bane","Cloak And Dagger"],"picked":"Blur","floor":0.0},{"not_picked":["Heel Hook","Outmaneuver"],"picked":"Dagger Spray","floor":0.0},{"not_picked":["Acrobatics","Setup"],"picked":"Dagger Spray","floor":0.0},{"not_picked":["Reflex","Leg Sweep"],"picked":"Quick Slash","floor":0.0},{"not_picked":["Dagger Throw","Sucker Punch"],"picked":"Cloak And Dagger","floor":0.0},{"not_picked":["PiercingWail","Catalyst"],"picked":"Distraction","floor":0.0},{"not_picked":["Slice","Poisoned Stab"],"picked":"Blur","floor":0.0},{"not_picked":["Bane","Choke"],"picked":"Dagger Throw","floor":0.0},{"not_picked":["Eviscerate","Sucker Punch"],"picked":"Flying Knee","floor":1.0},{"not_picked":["Slice","Catalyst","Poisoned Stab"],"picked":"SKIP","floor":2.0},{"not_picked":["Acrobatics","Dagger Throw"],"picked":"Cloak And Dagger","floor":4.0},{"not_picked":["Expertise","Finisher","All Out Attack"],"picked":"SKIP","floor":5.0},{"not_picked":["Doppelganger","Quick Slash"],"picked":"Glass Knife","floor":6.0},{"not_picked":["Concentrate","PiercingWail","Masterful Stab"],"picked":"SKIP","floor":10.0},{"not_picked":["Sucker Punch","PiercingWail"],"picked":"Footwork","floor":11.0},{"not_picked":["Dagger Spray","Masterful Stab"],"picked":"Blur","floor":12.0},{"not_picked":["Bouncing Flask","Distraction"],"picked":"Backflip","floor":14.0},{"not_picked":["Night Terror","Storm of Steel"],"picked":"Venomology","floor":16.0},{"not_picked":["Deadly Poison+1","Dagger Throw","Setup+1"],"picked":"SKIP","floor":18.0},{"not_picked":["Endless Agony","Sucker Punch+1","Blur"],"picked":"SKIP","floor":19.0},{"not_picked":["Bane","Blade Dance+1","Terror"],"picked":"SKIP","floor":20.0},{"not_picked":["Well Laid Plans+1","Masterful Stab+1","Dagger Throw"],"picked":"SKIP","floor":22.0},{"not_picked":["Dodge and Roll+1","Backstab"],"picked":"Glass Knife","floor":23.0},{"not_picked":["Footwork","Endless Agony","Underhanded Strike"],"picked":"SKIP","floor":24.0},{"not_picked":["Deadly Poison","Slice","Underhanded Strike+1"],"picked":"Accuracy","floor":27.0},{"not_picked":["Bane","Predator+1","Backflip"],"picked":"Caltrops","floor":30.0},{"not_picked":["Poisoned Stab+1","Calculated Gamble+1","Flechettes","Predator"],"picked":"SKIP","floor":31.0},{"not_picked":["Envenom","Tools of the Trade","Phantasmal Killer"],"picked":"Adrenaline","floor":33.0},{"not_picked":["Deadly Poison","Outmaneuver+1","Riddle With Holes+1","Underhanded Strike+1"],"picked":"SKIP","floor":35.0},{"not_picked":["Prepared+1","Slice+1","Flying Knee+1","Well Laid Plans"],"picked":"SKIP","floor":37.0},{"not_picked":["Outmaneuver","Slice+1","Dodge and Roll+1","Predator+1"],"picked":"SKIP","floor":38.0},{"not_picked":["Flying Knee+1","Bouncing Flask","Malaise","Underhanded Strike"],"picked":"SKIP","floor":39.0},{"not_picked":["Prepared","Bane+1","Terror"],"picked":"Blade Dance","floor":40.0},{"not_picked":["Flying Knee","Underhanded Strike","Well Laid Plans","Endless Agony+1"],"picked":"SKIP","floor":45.0},{"not_picked":["Dagger Spray+1","Eviscerate+1","Blade Dance+1","PiercingWail+1"],"picked":"SKIP","floor":47.0},{"not_picked":["Forethought","Purity","Deep Breath"],"picked":"Finesse","floor":48.0},{"not_picked":["Good Instincts","Purity","Dramatic Entrance"],"picked":"Deep Breath","floor":48.0},{"not_picked":["Leg Sweep","Poisoned Stab","Quick Slash"],"picked":"Accuracy","floor":52.0},{"not_picked":["Riddle With Holes","Flying Knee","Deflect","Sucker Punch"],"picked":"SKIP","floor":55.0},{"not_picked":["Slice","Acrobatics","Skewer","Caltrops"],"picked":"SKIP","floor":59.0},{"not_picked":["Tactician","A Thousand Cuts","Unload","Dagger Throw"],"picked":"SKIP","floor":60.0},{"not_picked":["Heel Hook","Sucker Punch","Poisoned Stab","Cloak And Dagger"],"picked":"SKIP","floor":61.0},{"not_picked":["Footwork","PiercingWail","Acrobatics","Infinite Blades"],"picked":"SKIP","floor":62.0},{"not_picked":["Predator","Sucker Punch","Cloak And Dagger","Unload"],"picked":"SKIP","floor":64.0},{"not_picked":["Catalyst","Poisoned Stab","Quick Slash"],"picked":"Accuracy","floor":65.0},{"not_picked":["Unload","Burst","A Thousand Cuts"],"picked":"Envenom","floor":67.0},{"not_picked":["Prepared","Poisoned Stab","Cloak And Dagger"],"picked":"Well Laid Plans","floor":69.0},{"not_picked":["Deflect","Catalyst","Finisher"],"picked":"Caltrops","floor":70.0},{"not_picked":["Poisoned Stab","Quick Slash","Tactician","Predator"],"picked":"SKIP","floor":73.0},{"not_picked":["Quick Slash","Prepared","Underhanded Strike"],"picked":"Well Laid Plans","floor":75.0},{"not_picked":["Dash","Sucker Punch","Backstab+1"],"picked":"Dodge and Roll+1","floor":77.0},{"not_picked":["Sucker Punch","Dagger Throw+1","Poisoned Stab"],"picked":"Leg Sweep+1","floor":78.0},{"not_picked":["Corpse Explosion","PiercingWail","All Out Attack","Deadly Poison"],"picked":"SKIP","floor":79.0},{"not_picked":["Cloak And Dagger","Backflip+1"],"picked":"SKIP","floor":86.0},{"not_picked":["Dodge and Roll+1","Cloak And Dagger+1"],"picked":"SKIP","floor":87.0},{"not_picked":["Cloak And Dagger","Slice"],"picked":"SKIP","floor":89.0},{"not_picked":["Dodge and Roll+1","Prepared+1"],"picked":"SKIP","floor":91.0},{"not_picked":["A Thousand Cuts","Underhanded Strike"],"picked":"SKIP","floor":94.0},{"not_picked":["Deflect+1","Acrobatics"],"picked":"SKIP","floor":98.0},{"not_picked":["Bouncing Flask+1","Slice+1"],"picked":"SKIP","floor":99.0},{"not_picked":["Underhanded Strike","Quick Slash"],"picked":"SKIP","floor":103.0},{"not_picked":["Cloak And Dagger","Footwork"],"picked":"SKIP","floor":105.0},{"not_picked":["Burst","Cloak And Dagger"],"picked":"SKIP","floor":106.0},{"not_picked":["Prepared","Dagger Throw"],"picked":"SKIP","floor":108.0},{"not_picked":["Dagger Spray","Distraction"],"picked":"SKIP","floor":111.0},{"not_picked":["Deadly Poison","Dash"],"picked":"SKIP","floor":112.0},{"not_picked":["Riddle With Holes","Eviscerate"],"picked":"SKIP","floor":114.0},{"not_picked":["Flying Knee","Acrobatics"],"picked":"SKIP","floor":115.0},{"not_picked":["Predator","Sucker Punch"],"picked":"SKIP","floor":116.0},{"not_picked":["Poisoned Stab+1","Escape Plan"],"picked":"SKIP","floor":120.0},{"not_picked":["Accuracy","Deadly Poison"],"picked":"SKIP","floor":121.0},{"not_picked":["Tactician","Escape Plan+1"],"picked":"SKIP","floor":124.0},{"not_picked":["Deflect","Crippling Poison+1"],"picked":"SKIP","floor":126.0},{"not_picked":["Acrobatics","Masterful Stab"],"picked":"SKIP","floor":128.0},{"not_picked":["Backflip+1","Reflex"],"picked":"SKIP","floor":129.0},{"not_picked":["Masterful Stab","Catalyst"],"picked":"SKIP","floor":130.0},{"not_picked":["Caltrops","Poisoned Stab"],"picked":"SKIP","floor":132.0},{"not_picked":["After Image"],"picked":"Adrenaline","floor":135.0},{"not_picked":["PiercingWail+1","All Out Attack+1"],"picked":"SKIP","floor":137.0},{"not_picked":["Underhanded Strike+1","Cloak And Dagger+1"],"picked":"SKIP","floor":138.0},{"not_picked":["Deadly Poison","Deflect+1"],"picked":"SKIP","floor":140.0},{"not_picked":["Expertise+1","After Image"],"picked":"Singing Bowl","floor":142.0},{"not_picked":["Dagger Throw+1","Underhanded Strike+1"],"picked":"Singing Bowl","floor":143.0},{"not_picked":["PiercingWail","Dagger Spray+1"],"picked":"Singing Bowl","floor":144.0},{"not_picked":["Catalyst","Sucker Punch+1"],"picked":"Singing Bowl","floor":145.0},{"not_picked":["Deadly Poison+1","Distraction+1"],"picked":"Singing Bowl","floor":148.0},{"not_picked":["PiercingWail","Prepared+1"],"picked":"Singing Bowl","floor":150.0},{"not_picked":["Storm of Steel"],"picked":"Doppelganger","floor":152.0},{"not_picked":["Finisher"],"picked":"Infinite Blades","floor":154},{"not_picked":["PiercingWail"],"picked":"Noxious Fumes","floor":157},{"not_picked":["Well Laid Plans","Quick Slash"],"picked":"Singing Bowl","floor":158},{"not_picked":["Dodge and Roll","Deflect"],"picked":"Singing Bowl","floor":161},{"not_picked":["Endless Agony","Bane"],"picked":"Singing Bowl","floor":162},{"not_picked":["Dagger Spray","Outmaneuver"],"picked":"SKIP","floor":166},{"not_picked":["Endless Agony","Sucker Punch+1"],"picked":"SKIP","floor":171},{"not_picked":["Blur","Deadly Poison"],"picked":"SKIP","floor":175},{"not_picked":["Endless Agony+1","Slice"],"picked":"SKIP","floor":177},{"not_picked":["Dagger Throw+1","Night Terror"],"picked":"SKIP","floor":179},{"not_picked":["Sucker Punch+1","Eviscerate"],"picked":"SKIP","floor":181},{"not_picked":["Reflex"],"picked":"Leg Sweep","floor":182},{"not_picked":["Dodge and Roll","Outmaneuver"],"picked":"SKIP","floor":183},{"not_picked":["Deflect","Distraction"],"picked":"SKIP","floor":184}],"player_experience":295947,"relics_obtained":[{"floor":6.0,"key":"Matryoshka"},{"floor":9.0,"key":"Centennial Puzzle"},{"floor":9.0,"key":"Bag of Marbles"},{"floor":12.0,"key":"Oddly Smooth Stone"},{"floor":23.0,"key":"Mummified Hand"},{"floor":26.0,"key":"Question Card"},{"floor":26.0,"key":"Potion Belt"},{"floor":27.0,"key":"Du-Vu Doll"},{"floor":31.0,"key":"Tiny Chest"},{"floor":40.0,"key":"Omamori"},{"floor":42.0,"key":"Mango"},{"floor":43.0,"key":"Blood Vial"},{"floor":45.0,"key":"War Paint"},{"floor":136.0,"key":"MawBank"},{"floor":136.0,"key":"Torii"},{"floor":136.0,"key":"Letter Opener"},{"floor":142.0,"key":"Incense Burner"},{"floor":164,"key":"Odd Mushroom"}],"event_choices":[{"event_name":"Liars Game","player_choice":"disagreed","floor":3.0,"damage_taken":0.0},{"event_name":"Living Wall","player_choice":"Grow","floor":8.0,"damage_taken":0.0},{"event_name":"Ghosts","player_choice":"Ignored","floor":21.0,"damage_taken":0.0},{"event_name":"Beggar","player_choice":"Gave Gold","floor":28.0,"damage_taken":0.0},{"event_name":"MindBloom","player_choice":"Fight","floor":42.0,"damage_taken":0.0},{"event_name":"SensoryStone","player_choice":"Memory 2","floor":48.0,"damage_taken":0.0},{"event_name":"Transmorgrifier","player_choice":"Skipped","floor":53.0,"damage_taken":0.0},{"event_name":"Golden Wing","player_choice":"Gained Gold","floor":54.0,"damage_taken":0.0},{"event_name":"Liars Game","player_choice":"disagreed","floor":56.0,"damage_taken":0.0},{"event_name":"Vampires","player_choice":"Ignored","floor":71.0,"damage_taken":0.0},{"event_name":"Nest","player_choice":"Stole From Cult","floor":81.0,"damage_taken":0.0},{"event_name":"Falling","player_choice":"Removed Power","floor":88.0,"damage_taken":0.0},{"event_name":"Winding Halls","player_choice":"Writhe","floor":90.0,"damage_taken":0.0},{"event_name":"Mysterious Sphere","player_choice":"Ignore","floor":93.0,"damage_taken":0.0},{"event_name":"The Lab","player_choice":"Got Potions","floor":96.0,"damage_taken":0.0},{"event_name":"Upgrade Shrine","player_choice":"Upgraded","floor":97.0,"damage_taken":0.0},{"event_name":"Wheel of Change","player_choice":"Card Removal","floor":104.0,"damage_taken":0.0},{"event_name":"Addict","player_choice":"Obtained Relic","floor":122.0,"damage_taken":0.0},{"event_name":"Forgotten Altar","player_choice":"Shed Blood","floor":123.0,"damage_taken":0.0},{"event_name":"Nest","player_choice":"Stole From Cult","floor":127.0,"damage_taken":0.0},{"event_name":"Tomb of Lord Red Mask","player_choice":"Ignored","floor":139.0,"damage_taken":0.0},{"event_name":"Mysterious Sphere","player_choice":"Fight","floor":142.0,"damage_taken":0.0},{"event_name":"Big Fish","player_choice":"Box","floor":156,"damage_taken":0},{"event_name":"WeMeetAgain","player_choice":"Potion","floor":160,"damage_taken":0},{"event_name":"Golden Idol","player_choice":"Ignored","floor":163,"damage_taken":0},{"event_name":"Mushrooms","player_choice":"Fought Mushrooms","floor":164,"damage_taken":0},{"event_name":"Upgrade Shrine","player_choice":"Upgraded","floor":167,"damage_taken":0},{"event_name":"Beggar","player_choice":"Gave Gold","floor":172,"damage_taken":0},{"event_name":"Match and Keep!","player_choice":"0 cards matched","floor":174,"damage_taken":0},{"event_name":"Vampires","player_choice":"Ignored","floor":178,"damage_taken":0},{"event_name":"The Library","player_choice":"Heal","floor":180,"damage_taken":0}],"is_beta":true,"boss_relics":[{"not_picked":["HoveringKite","Coffee Dripper","Astrolabe"]},{"not_picked":["Tiny House","Pandora\u0027s Box"],"picked":"Empty Cage"},{"not_picked":["Eternal Feather","Philosopher\u0027s Stone"],"picked":"WristBlade"},{"not_picked":["HoveringKite","Velvet Choker"],"picked":"Tiny House"},{"not_picked":["Cursed Key","Runic Pyramid"],"picked":"Busted Crown"},{"not_picked":["Runic Dome","Snecko Eye"],"picked":"Lizard Tail"},{"not_picked":["Ectoplasm","Runic Dome"],"picked":"Philosopher\u0027s Stone"},{"not_picked":["Sozu","Coffee Dripper"],"picked":"Calling Bell"},{"not_picked":["Ring of the Serpent","Astrolabe"],"picked":"Fusion Hammer"},{"not_picked":["Black Star","Orrery"],"picked":"Runic Dome"}],"items_purged_floors":[25,82,92,141,147],"is_endless":true,"potions_floor_spawned":[2,5,10,14,16,18,19,22,31,33,35,38,39,45,47,54,60,62,64,69,79,84,87,94,98,105,111,112,114,116,121,124,128,129,130,133,140,142,143,152,154,158,162,169,175,177,181,183],"killed_by":"Automaton","ascension_level":0}