{"gold_per_floor":[117,117,131,3,20,55,55,88,115,115],"floor_reached":10,"playtime":553,"items_purged":[],"score":144,"play_id":"c8cb152f-e636-4148-955e-878303023b3e","local_time":"20190901222326","is_ascension_mode":true,"campfire_choices":[{"data":"Defragment","floor":7,"key":"SMITH"}],"neow_cost":"NONE","seed_source_timestamp":1298285944293291,"circlet_count":0,"master_deck":["AscendersBane","Strike_B","Strike_B","Strike_B+1","Strike_B+1","Defend_B","Defend_B","Defend_B","Defend_B","Zap","Dualcast","Defragment+1","Loop","Undo","Tempest","Skim"],"relics":["Cracked Core","PreservedInsect","Smiling Mask","Whetstone","Art of War"],"potions_floor_usage":[6,6],"damage_taken":[{"damage":7,"enemies":"Jaw Worm","floor":1,"turns":4},{"damage":1,"enemies":"Cultist","floor":3,"turns":3},{"damage":10,"enemies":"Small Slimes","floor":5,"turns":6},{"damage":6,"enemies":"Gremlin Nob","floor":6,"turns":3},{"damage":37,"enemies":"3 Sentries","floor":8,"turns":6},{"damage":10,"enemies":"Gremlin Gang","floor":10,"turns":1}],"seed_played":"3442429939100007975","potions_obtained":[{"floor":1,"key":"PowerPotion"},{"floor":3,"key":"SpeedPotion"},{"floor":5,"key":"FocusPotion"},{"floor":8,"key":"AttackPotion"}],"is_trial":false,"path_per_floor":["M","?","M","$","M","E","R","E","T","M"],"character_chosen":"DEFECT","items_purchased":["Loop","Undo"],"campfire_rested":0,"item_purchase_floors":[4,4],"current_hp_per_floor":[57,62,61,61,51,45,45,8,8,0],"gold":115,"neow_bonus":"RANDOM_COMMON_RELIC","is_prod":false,"is_daily":false,"chose_seed":false,"campfire_upgraded":1,"win_rate":0,"timestamp":1567394606,"path_taken":["M","?","M","$","M","E","R","E","T","M"],"build_version":"2019-07-17","purchased_purges":0,"victory":false,"max_hp_per_floor":[71,76,76,76,76,76,76,76,76,76],"card_choices":[{"not_picked":["Sweeping Beam","Turbo"],"picked":"Defragment","floor":1},{"not_picked":["Sweeping Beam","Lockon","Compile Driver"],"picked":"SKIP","floor":3},{"not_picked":["Reprogram","Lockon","Streamline"],"picked":"SKIP","floor":5},{"not_picked":["Go for the Eyes","Hologram"],"picked":"Tempest","floor":6},{"not_picked":["Hologram","Beam Cell"],"picked":"Skim","floor":8}],"player_experience":1046069,"relics_obtained":[{"floor":6,"key":"Smiling Mask"},{"floor":8,"key":"Whetstone"},{"floor":9,"key":"Art of War"}],"event_choices":[{"damage_healed":0,"gold_gain":0,"player_choice":"Donut","damage_taken":0,"max_hp_gain":5,"max_hp_loss":0,"event_name":"Big Fish","floor":2,"gold_loss":0}],"is_beta":false,"boss_relics":[],"items_purged_floors":[],"is_endless":false,"potions_floor_spawned":[1,3,5,8],"killed_by":"Gremlin Gang","ascension_level":18}