{"path_per_floor":["M","M","$","M","M","R","?","M","T","R","?","E","R","M","R","B",null,"M","$","M","M","M","R","E","M","T","?","M","R","M","M","R"],"character_chosen":"IRONCLAD","items_purchased":["Singing Bowl","Champion Belt","Metallicize"],"gold_per_floor":[214,228,8,24,42,42,217,234,257,257,257,291,291,306,306,409,409,424,81,100,118,133,133,158,176,200,200,217,217,231,245,245,245],"floor_reached":33,"campfire_rested":3,"playtime":1701,"current_hp_per_floor":[80,80,80,80,71,71,71,70,70,70,52,35,35,39,64,27,84,58,58,61,59,69,69,52,49,49,49,37,63,56,44,70,0],"items_purged":["Strike_R"],"gold":245,"score":273,"play_id":"dbcd6f5e-81bb-48e8-8b71-59bbe88f2eb3","local_time":"20180403180830","is_prod":false,"is_daily":false,"is_ascension_mode":false,"campfire_upgraded":4,"timestamp":1522796910,"path_taken":["M","M","?","M","M","R","?","M","T","R","?","E","R","M","R","BOSS","M","$","M","M","M","R","E","M","T","?","M","R","M","M","R","BOSS"],"build_version":"2018-03-29v2","purchased_purges":1,"victory":false,"master_deck":["Strike_R","Strike_R","Strike_R","Defend_R","Defend_R","Defend_R","Bash+1","True Grit+1","Cleave","Seeing Red+1","Dropkick","Immolate","Writhe","Infernal Blade+1","Pummel+1","Twin Strike+1","Metallicize+1","Uppercut+1","Impervious","Shrug It Off","Offering","Inflame+1","Pommel Strike"],"max_hp_per_floor":[80,80,80,80,80,80,80,82,82,82,82,82,82,84,84,84,84,84,84,84,86,88,88,88,88,88,88,88,88,88,88,88,88],"relics":["Burning Blood","Singing Bowl","Blood Vial","Vajra","Happy Flower","Astrolabe","Champion Belt","Prayer Wheel","Nloth\u0027s Gift"],"card_choices":[{"not_picked":["Heavy Blade","Burning Pact"],"picked":"True Grit","floor":1},{"not_picked":["Clothesline","Warcry"],"picked":"Cleave","floor":4},{"not_picked":["Warcry","Reaper"],"picked":"Seeing Red","floor":5},{"not_picked":["Warcry","Cleave"],"picked":"Dropkick","floor":12},{"not_picked":["Juggernaut","Barricade"],"picked":"Immolate","floor":16},{"not_picked":["Thunderclap","Clash"],"picked":"Twin Strike","floor":18},{"not_picked":["Whirlwind","Shockwave"],"picked":"Uppercut","floor":20},{"not_picked":["Heavy Blade","Shockwave"],"picked":"Impervious","floor":24},{"not_picked":["Pummel","Heavy Blade"],"picked":"Shrug It Off","floor":25},{"not_picked":["Wild Strike","Anger"],"picked":"Offering","floor":28},{"not_picked":["Pommel Strike","Rampage"],"picked":"Inflame","floor":30},{"not_picked":["Warcry","Berserk"],"picked":"Pommel Strike","floor":31}],"player_experience":76328,"potions_floor_usage":[12,16,16,16,21,22,24,31],"damage_taken":[{"damage":6,"enemies":"Cultist","floor":1,"turns":3},{"damage":0,"enemies":"2 Louse","floor":2,"turns":2},{"damage":2,"enemies":"Small Slimes","floor":4,"turns":4},{"damage":15,"enemies":"Exordium Wildlife","floor":5,"turns":7},{"damage":9,"enemies":"2 Fungi Beasts","floor":8,"turns":5},{"damage":25,"enemies":"Gremlin Nob","floor":12,"turns":4},{"damage":6,"enemies":"Looter","floor":14,"turns":3},{"damage":45,"enemies":"Hexaghost","floor":16,"turns":15},{"damage":32,"enemies":"2 Thieves","floor":18,"turns":4},{"damage":5,"enemies":"3 Byrds","floor":20,"turns":5},{"damage":12,"enemies":"Centurion and Healer","floor":21,"turns":5},{"damage":0,"enemies":"Snecko","floor":22,"turns":4},{"damage":25,"enemies":"Book of Stabbing","floor":24,"turns":5},{"damage":11,"enemies":"Cultist and Chosen","floor":25,"turns":6},{"damage":20,"enemies":"Chosen and Byrds","floor":28,"turns":6},{"damage":15,"enemies":"Centurion and Healer","floor":30,"turns":6},{"damage":20,"enemies":"Sentry and Sphere","floor":31,"turns":4},{"damage":95,"enemies":"Collector","floor":33,"turns":10}],"event_choices":[{"event_name":"Liars Game","player_choice":"agreed","floor":7,"damage_taken":0},{"event_name":"Scrap Ooze","player_choice":"success","floor":11,"damage_taken":18},{"event_name":"N\u0027loth","player_choice":"Traded a Art of War","floor":27,"damage_taken":0}],"boss_relics":[{"not_picked":["Ectoplasm","Pandora\u0027s Box"],"picked":"Astrolabe"}],"potions_floor_spawned":[1,2,12,14,20,21,22,25],"seed_played":"4210529229985547213","killed_by":"Collector","ascension_level":0,"is_trial":false}