{"gold_per_floor":[109,109,184,93,105,105,119,132,208,218,233,243,243,260,260,355,355,372,297,297,312,323,323,323],"floor_reached":24,"playtime":879,"items_purged":[],"score":192,"play_id":"b95b33e9-9236-42fb-ad56-b32271b7584e","local_time":"20190419083318","is_ascension_mode":false,"campfire_choices":[{"data":"Streamline","floor":6,"key":"SMITH"},{"floor":13,"key":"REST"},{"floor":15,"key":"REST"},{"data":"Loop","floor":23,"key":"SMITH"}],"neow_cost":"NONE","seed_source_timestamp":199079067818461,"circlet_count":0,"master_deck":["Strike_B+1","Strike_B","Defend_B","Defend_B","Defend_B","Defend_B+1","Zap+1","Dualcast","Streamline+1","Leap","Coolheaded","Cold Snap","Leap","Echo Form","Gash","Leap","Genetic Algorithm","Steam","Buffer","Self Repair","Aggregate","Darkness","Loop+1"],"relics":["Cracked Core","Bottled Flame","Nuclear Battery"],"potions_floor_usage":[16,19],"damage_taken":[{"damage":0,"enemies":"2 Louse","floor":1,"turns":3},{"damage":8,"enemies":"Small Slimes","floor":5,"turns":3},{"damage":0,"enemies":"Cultist","floor":7,"turns":2},{"damage":8,"enemies":"Lots of Slimes","floor":8,"turns":4},{"damage":12,"enemies":"Looter","floor":10,"turns":3},{"damage":2,"enemies":"3 Louse","floor":11,"turns":2},{"damage":10,"enemies":"Exordium Thugs","floor":12,"turns":4},{"damage":13,"enemies":"Red Slaver","floor":14,"turns":4},{"damage":20,"enemies":"Hexaghost","floor":16,"turns":11},{"damage":27,"enemies":"Spheric Guardian","floor":18,"turns":6},{"damage":18,"enemies":"2 Thieves","floor":19,"turns":5},{"damage":20,"enemies":"Snake Plant","floor":21,"turns":8},{"damage":6,"enemies":"Centurion and Healer","floor":22,"turns":11},{"damage":30,"enemies":"Sentry and Sphere","floor":24,"turns":3}],"seed_played":"8199876086159351463","potions_obtained":[{"floor":5,"key":"Dexterity Potion"},{"floor":7,"key":"Weak Potion"},{"floor":10,"key":"LiquidBronze"},{"floor":16,"key":"PowerPotion"},{"floor":18,"key":"Strength Potion"}],"is_trial":false,"path_per_floor":["M","?","?","$","M","R","M","M","T","M","M","M","R","M","R","B",null,"M","M","?","M","M","R","M"],"character_chosen":"DEFECT","items_purchased":["Leap","Coolheaded"],"campfire_rested":2,"item_purchase_floors":[4,4],"current_hp_per_floor":[75,60,53,53,45,45,45,37,37,25,23,13,35,22,44,24,75,48,37,37,24,25,25,0],"gold":323,"neow_bonus":"UPGRADE_CARD","is_prod":false,"is_daily":false,"chose_seed":false,"campfire_upgraded":2,"win_rate":0.0,"timestamp":1555680798,"path_taken":["M","?","?","$","M","R","M","M","T","M","M","?","R","M","R","BOSS","M","?","?","M","M","R","M"],"build_version":"2019-01-23","purchased_purges":0,"victory":false,"max_hp_per_floor":[75,75,75,75,75,75,75,75,75,75,75,75,75,75,75,75,75,75,75,75,75,75,75,75],"card_choices":[{"not_picked":["Conserve Battery","Turbo"],"picked":"Streamline","floor":1},{"not_picked":["Glacier","Rip and Tear"],"picked":"Cold Snap","floor":5},{"not_picked":["Streamline","Beam Cell"],"picked":"Leap","floor":7},{"not_picked":["Go for the Eyes","Conserve Battery"],"picked":"Echo Form","floor":8},{"not_picked":["Recycle","Compile Driver"],"picked":"Gash","floor":10},{"not_picked":["Static Discharge","Barrage"],"picked":"Leap","floor":11},{"not_picked":["Compile Driver","Amplify"],"picked":"Genetic Algorithm","floor":12},{"not_picked":["Doom and Gloom","Sweeping Beam"],"picked":"Steam","floor":14},{"not_picked":["Multi-Cast","Rainbow"],"picked":"Buffer","floor":16},{"not_picked":["Aggregate+1","Stack+1"],"picked":"Self Repair","floor":18},{"not_picked":["Beam Cell+1","Chaos","Scrape"],"picked":"SKIP","floor":19},{"not_picked":["Leap","Force Field","Turbo"],"picked":"SKIP","floor":21},{"not_picked":["Sweeping Beam+1","Rip and Tear"],"picked":"Loop","floor":22}],"player_experience":65061,"relics_obtained":[{"floor":9,"key":"Bottled Flame"}],"event_choices":[{"damage_healed":0,"gold_gain":0,"player_choice":"Entered Light","damage_taken":15,"max_hp_gain":0,"max_hp_loss":0,"event_name":"Shining Light","floor":2,"gold_loss":0,"cards_upgraded":["Defend_B","Strike_B"]},{"damage_healed":0,"gold_gain":75,"player_choice":"Touch","damage_taken":7,"max_hp_gain":0,"max_hp_loss":0,"event_name":"FaceTrader","floor":3,"gold_loss":0},{"damage_healed":0,"gold_gain":0,"cards_transformed":["Strike_B","Strike_B"],"player_choice":"Became Test Subject","damage_taken":0,"max_hp_gain":0,"max_hp_loss":0,"event_name":"Drug Dealer","floor":20,"gold_loss":0,"cards_obtained":["Aggregate","Darkness"]}],"is_beta":false,"boss_relics":[{"not_picked":["Sozu","Busted Crown"],"picked":"Nuclear Battery"}],"items_purged_floors":[],"is_endless":false,"potions_floor_spawned":[5,7,10,16,18],"killed_by":"Sentry and Sphere","ascension_level":0}