{"path_per_floor":["M","M","M","?","M","R","?","E","T","M","R","M","?","M","R","B",null,"M","?","$","?","M","?","M","R","T","E","R","?","M","M","R","B",null,"M","$","?","M","?","R","E","R","T","E","R","M","E","M","R","B"],"character_chosen":"THE_SILENT","items_purchased":["Apotheosis"],"gold_per_floor":[111,124,134,134,154,154,154,182,182,198,198,208,208,224,224,345,345,345,345,85,85,40,40,40,40,40,40,40,40,40,40,40,40,40,40,40,40,40,40,40,40,40,40,40,40,40,40,40,40,40],"floor_reached":51,"campfire_rested":5,"playtime":4206,"current_hp_per_floor":[70,67,66,59,58,58,63,42,42,41,41,41,23,12,34,23,75,64,64,64,64,60,60,49,49,49,16,53,53,46,43,75,66,75,74,74,65,41,24,71,69,79,79,12,64,64,65,65,77,69],"items_purged":["Strike_G"],"gold":40,"score":732,"play_id":"ce2a5ee9-a041-44e4-bf06-cff72ee21cb3","local_time":"20180324201250","is_prod":false,"is_daily":false,"is_ascension_mode":false,"campfire_upgraded":4,"timestamp":1521940370,"path_taken":["M","?","M","?","M","R","?","E","T","?","R","M","?","M","R","BOSS","M","?","$","?","?","?","M","R","T","E","R","?","M","M","R","BOSS","M","$","?","?","?","R","E","R","T","E","R","M","E","M","R","BOSS"],"build_version":"2018-03-22v2","purchased_purges":1,"victory":true,"master_deck":["Defend_G","Defend_G","Defend_G","Defend_G","Defend_G+1","Strike_G","Survivor","Neutralize+1","Noxious Fumes+1","Masterful Stab","Dagger Throw","Prepared","Envenom","Infinite Blades+1","Flying Knee","Bane","Bullet Time","Backflip","Apotheosis+1","Acrobatics+1","Poisoned Stab","Expertise+1","Dagger Throw+1","After Image+1","Dash+1","Madness","Madness","Acrobatics+1","Backflip+1","Bullet Time+1","Calculated Gamble+1","Blur+1","Infinite Blades+1"],"max_hp_per_floor":[70,70,70,70,70,70,75,75,75,75,75,75,75,75,75,75,75,75,75,75,75,75,75,75,75,75,75,75,75,75,75,75,75,75,75,75,75,75,75,75,85,85,85,85,85,85,85,85,85,85],"relics":["Ring of the Snake","Gambling Chip","Ice Cream","Bloody Idol","Ectoplasm","Shovel","Regal Pillow","Eternal Feather","Ginger","Pear","Vajra","Unceasing Top","Lantern","War Paint"],"card_choices":[{"not_picked":["Bane","Acrobatics"],"picked":"Noxious Fumes","floor":1},{"not_picked":["Infinite Blades","Terror"],"picked":"Masterful Stab","floor":2},{"not_picked":["Underhanded Strike","Blur"],"picked":"Dagger Throw","floor":3},{"not_picked":["Malaise","Poisoned Stab"],"picked":"Prepared","floor":5},{"not_picked":["Infinite Blades","Cloak And Dagger"],"picked":"Envenom","floor":8},{"not_picked":["Heel Hook","Acrobatics"],"picked":"Infinite Blades","floor":10},{"not_picked":["Cloak And Dagger","PiercingWail"],"picked":"Flying Knee","floor":12},{"not_picked":["All Out Attack","Dagger Throw"],"picked":"Bane","floor":14},{"not_picked":["Tools of the Trade","Night Terror"],"picked":"Bullet Time","floor":16},{"not_picked":["Malaise","Cloak And Dagger"],"picked":"Backflip","floor":18},{"not_picked":["Quick Slash","All Out Attack"],"picked":"Acrobatics","floor":22},{"not_picked":["Outmaneuver","Distraction"],"picked":"Poisoned Stab","floor":24},{"not_picked":["Dagger Throw","Escape Plan"],"picked":"Expertise","floor":27},{"not_picked":["Bouncing Flask","PiercingWail"],"picked":"Dagger Throw","floor":30},{"not_picked":["Tools of the Trade","Burst"],"picked":"After Image","floor":33},{"not_picked":["Quick Slash","Blade Dance"],"picked":"Dash","floor":35},{"not_picked":["Caltrops","Dagger Spray"],"picked":"Acrobatics","floor":39},{"not_picked":["Dodge and Roll","Cloak And Dagger"],"picked":"Backflip","floor":41},{"not_picked":["Quick Slash","Prepared"],"picked":"Bullet Time","floor":44},{"not_picked":["Cloak And Dagger","Bouncing Flask"],"picked":"Calculated Gamble","floor":46},{"not_picked":["Distraction","Deflect"],"picked":"Blur","floor":47},{"not_picked":["Quick Slash","Heel Hook"],"picked":"Infinite Blades","floor":48}],"player_experience":57542,"potions_floor_usage":[14,16,16,24,38,41,41,44,47,50,50],"damage_taken":[{"damage":0,"enemies":"Cultist","floor":1,"turns":4},{"damage":3,"enemies":"Small Slimes","floor":2,"turns":4},{"damage":1,"enemies":"Jaw Worm","floor":3,"turns":5},{"damage":1,"enemies":"Red Slaver","floor":5,"turns":4},{"damage":21,"enemies":"3 Sentries","floor":8,"turns":9},{"damage":1,"enemies":"Blue Slaver","floor":10,"turns":4},{"damage":0,"enemies":"Exordium Wildlife","floor":12,"turns":4},{"damage":23,"enemies":"Exordium Thugs","floor":14,"turns":5},{"damage":11,"enemies":"The Guardian","floor":16,"turns":8},{"damage":11,"enemies":"Spheric Guardian","floor":18,"turns":4},{"damage":4,"enemies":"2 Thieves","floor":22,"turns":4},{"damage":11,"enemies":"Snake Plant","floor":24,"turns":5},{"damage":33,"enemies":"Slavers","floor":27,"turns":6},{"damage":7,"enemies":"3 Cultists","floor":30,"turns":6},{"damage":3,"enemies":"Centurion and Healer","floor":31,"turns":4},{"damage":9,"enemies":"Automaton","floor":33,"turns":5},{"damage":1,"enemies":"3 Shapes","floor":35,"turns":9},{"damage":24,"enemies":"3 Darklings","floor":38,"turns":6},{"damage":17,"enemies":"Mysterious Sphere","floor":39,"turns":5},{"damage":12,"enemies":"Giant Head","floor":41,"turns":7},{"damage":82,"enemies":"2 Orb Walkers","floor":44,"turns":7},{"damage":0,"enemies":"4 Shapes","floor":46,"turns":8},{"damage":14,"enemies":"Nemesis","floor":47,"turns":7},{"damage":0,"enemies":"Maw","floor":48,"turns":7},{"damage":8,"enemies":"Donu and Deca","floor":50,"turns":11}],"event_choices":[{"event_name":"Golden Wing","player_choice":"Card Removal","floor":4,"damage_taken":0},{"event_name":"Big Fish","player_choice":"Donut","floor":7,"damage_taken":0},{"event_name":"Golden Idol","player_choice":"Take Damage","floor":13,"damage_taken":0},{"event_name":"Forgotten Altar","player_choice":"Gave Idol","floor":19,"damage_taken":0},{"event_name":"Back to Basics","player_choice":"Elegance","floor":21,"damage_taken":0},{"event_name":"Bonfire Elementals","player_choice":"BASIC","floor":23,"damage_taken":0},{"event_name":"Addict","player_choice":"Ignored","floor":29,"damage_taken":0},{"event_name":"Winding Halls","player_choice":"Embrace Madness","floor":37,"damage_taken":0},{"event_name":"Mysterious Sphere","player_choice":"Fight","floor":39,"damage_taken":0}],"boss_relics":[{"not_picked":["Lizard Tail","Velvet Choker"],"picked":"Ectoplasm"},{"not_picked":["Black Star","Runic Pyramid"],"picked":"Eternal Feather"}],"potions_floor_spawned":[8,10,12,14,18,31,35,38,41,46,47],"seed_played":"5468200265470535680","ascension_level":0,"is_trial":false}