{"gold_per_floor":[115,134,134,144,158,222,71,71,97,127,127,127,145,145,145,243,243,253,253,265,265,265,596,596,225,225,225,244,275,275,292,292,389,389,402,420,420,10,28,28,40,40,40,50,60,60,79,79,79,79],"floor_reached":51,"playtime":4027,"items_purged":["Strike_B"],"score":627,"play_id":"f115a223-f7dd-4765-b071-8c4786fea5c0","local_time":"20190212185615","is_ascension_mode":false,"campfire_choices":[{"data":"Seek","floor":8,"key":"SMITH"},{"data":"Defragment","floor":12,"key":"SMITH"},{"floor":15,"key":"REST"},{"data":"Machine Learning","floor":24,"key":"SMITH"},{"data":"Self Repair","floor":27,"key":"SMITH"},{"data":"Stack","floor":32,"key":"SMITH"},{"data":"Reboot","floor":40,"key":"SMITH"},{"data":"Loop","floor":46,"key":"SMITH"},{"data":"Loop","floor":49,"key":"SMITH"}],"neow_cost":"NONE","seed_source_timestamp":350046556311896,"circlet_count":0,"master_deck":["Strike_B+1","Strike_B+1","Defend_B+1","Defend_B+1","Defend_B+1","Defend_B+1","Zap+1","Dualcast+1","Gash+1","Stack+1","Go for the Eyes+1","Seek+1","Defragment+1","Machine Learning+1","All For One+1","Gash+1","Self Repair+1","Redo+1","Steam Power+1","Electrodynamics+1","Reboot+1","Gash+1","Cold Snap+1","Coolheaded+1","Loop+1","Loop+1"],"relics":["Cracked Core","Regal Pillow","Tiny Chest","PreservedInsect","Orichalcum","Smiling Mask","CultistMask","Black Star","Meat on the Bone","Bronze Scales","Old Coin","Pen Nib","Matryoshka","Boot","Kunai","Red Mask","Bag of Preparation","Ancient Tea Set","Coffee Dripper","Lantern","Bottled Tornado","Mark of the Bloom","Ornamental Fan"],"potions_floor_usage":[6,23,33,50,50],"damage_taken":[{"damage":6,"enemies":"Jaw Worm","floor":1,"turns":3},{"damage":2,"enemies":"2 Louse","floor":2,"turns":4},{"damage":1,"enemies":"Cultist","floor":4,"turns":3},{"damage":0,"enemies":"Red Slaver","floor":5,"turns":4},{"damage":19,"enemies":"Lagavulin","floor":6,"turns":8},{"damage":9,"enemies":"Gremlin Nob","floor":10,"turns":4},{"damage":0,"enemies":"2 Fungi Beasts","floor":13,"turns":3},{"damage":37,"enemies":"Slime Boss","floor":16,"turns":12},{"damage":18,"enemies":"Spheric Guardian","floor":18,"turns":5},{"damage":7,"enemies":"Shell Parasite","floor":20,"turns":7},{"damage":22,"enemies":"Gremlin Leader","floor":23,"turns":6},{"damage":24,"enemies":"Centurion and Healer","floor":28,"turns":4},{"damage":12,"enemies":"Masked Bandits","floor":29,"turns":4},{"damage":7,"enemies":"Snake Plant","floor":31,"turns":3},{"damage":48,"enemies":"Automaton","floor":33,"turns":8},{"damage":24,"enemies":"3 Darklings","floor":35,"turns":3},{"damage":5,"enemies":"Orb Walker","floor":36,"turns":2},{"damage":8,"enemies":"Spire Growth","floor":39,"turns":3},{"damage":0,"enemies":"Maw","floor":41,"turns":6},{"damage":0,"enemies":"4 Shapes","floor":44,"turns":3},{"damage":2,"enemies":"Jaw Worm Horde","floor":45,"turns":2},{"damage":3,"enemies":"Maw","floor":47,"turns":4},{"damage":19,"enemies":"Time Eater","floor":50,"turns":8}],"seed_played":"-6414501669872570959","potions_obtained":[{"floor":1,"key":"SneckoOil"},{"floor":4,"key":"SkillPotion"},{"floor":5,"key":"Ancient Potion"},{"floor":18,"key":"Strength Potion"},{"floor":20,"key":"Weak Potion"},{"floor":31,"key":"Regen Potion"},{"floor":33,"key":"GamblersBrew"},{"floor":41,"key":"PowerPotion"}],"is_trial":false,"path_per_floor":["M","M","?","M","M","E","$","R","T","E","?","R","M","?","R","B",null,"M","T","M","?","T","E","R","$","T","R","M","?","T","M","R","B",null,"M","M","?","$","M","R","M","?","T","M","M","R","M","?","R","B",null],"character_chosen":"DEFECT","items_purchased":["PreservedInsect","Matryoshka","Self Repair","Lantern","Bottled Tornado"],"campfire_rested":1,"item_purchase_floors":[7,25,25,38,38],"current_hp_per_floor":[69,67,72,71,71,52,52,52,52,43,36,36,36,36,75,38,80,62,62,55,55,55,45,45,45,45,45,43,53,53,56,56,45,80,56,61,61,61,63,63,73,73,73,73,71,71,68,68,68,49],"gold":79,"neow_bonus":"RANDOM_COMMON_RELIC","is_prod":false,"is_daily":false,"chose_seed":false,"campfire_upgraded":8,"win_rate":0.0,"timestamp":1550019375,"path_taken":["M","M","?","M","M","E","$","R","T","E","?","R","M","?","R","BOSS","M","?","?","?","?","E","R","$","T","R","M","?","?","M","R","BOSS","M","M","?","$","M","R","M","?","T","M","M","R","M","?","R","BOSS"],"build_version":"2019-01-23","purchased_purges":1,"victory":true,"max_hp_per_floor":[75,75,80,80,80,80,80,80,80,80,80,80,80,80,80,80,80,80,80,80,80,80,80,80,80,80,80,80,80,80,80,80,80,80,80,80,80,80,80,80,80,80,80,80,80,80,80,80,80,80],"card_choices":[{"not_picked":["Chaos","Streamline"],"picked":"Gash","floor":1},{"not_picked":["Barrage","Sweeping Beam"],"picked":"Stack","floor":2},{"not_picked":["Compile Driver","Capacitor"],"picked":"Go for the Eyes","floor":4},{"not_picked":["Storm","White Noise"],"picked":"Go for the Eyes","floor":5},{"not_picked":["Coolheaded","Melter"],"picked":"Seek","floor":6},{"not_picked":["Darkness","Doom and Gloom"],"picked":"Defragment","floor":10},{"not_picked":["Compile Driver","Skim","Steam Power"],"picked":"SKIP","floor":13},{"not_picked":["Seek","Thunder Strike"],"picked":"Machine Learning","floor":16},{"not_picked":["Steam","Compile Driver","Streamline"],"picked":"SKIP","floor":18},{"not_picked":["Force Field","Compile Driver+1"],"picked":"All For One","floor":20},{"not_picked":["Ball Lightning","Sweeping Beam"],"picked":"Gash","floor":23},{"not_picked":["Double Energy","Beam Cell"],"picked":"Redo+1","floor":28},{"not_picked":["Redo","Streamline"],"picked":"Steam Power+1","floor":29},{"not_picked":["Barrage","Go for the Eyes+1"],"picked":"Electrodynamics","floor":31},{"not_picked":["Machine Learning","Electrodynamics"],"picked":"Reboot","floor":33},{"not_picked":["FTL","Hologram+1"],"picked":"Gash+1","floor":35},{"not_picked":["Streamline","Stack"],"picked":"Cold Snap","floor":36},{"not_picked":["Compile Driver+1","Leap","Barrage+1"],"picked":"SKIP","floor":39},{"not_picked":["Steam","Electrodynamics"],"picked":"Coolheaded","floor":41},{"not_picked":["Compile Driver","Coolheaded","Fusion"],"picked":"SKIP","floor":44},{"not_picked":["Coolheaded","Hello World+1"],"picked":"Loop","floor":45},{"not_picked":["Tempest","Cold Snap"],"picked":"Loop","floor":47}],"player_experience":291005,"relics_obtained":[{"floor":6,"key":"Tiny Chest"},{"floor":9,"key":"Orichalcum"},{"floor":10,"key":"Smiling Mask"},{"floor":19,"key":"Meat on the Bone"},{"floor":22,"key":"Bronze Scales"},{"floor":23,"key":"Old Coin"},{"floor":23,"key":"Pen Nib"},{"floor":26,"key":"Boot"},{"floor":26,"key":"Kunai"},{"floor":29,"key":"Red Mask"},{"floor":30,"key":"Bag of Preparation"},{"floor":30,"key":"Ancient Tea Set"},{"floor":43,"key":"Ornamental Fan"}],"event_choices":[{"damage_healed":0,"gold_gain":0,"player_choice":"Donut","damage_taken":0,"max_hp_gain":5,"max_hp_loss":0,"event_name":"Big Fish","floor":3,"gold_loss":0},{"cards_removed":["Strike_B"],"damage_healed":0,"gold_gain":0,"player_choice":"Card Removal","damage_taken":7,"max_hp_gain":0,"max_hp_loss":0,"event_name":"Golden Wing","floor":11,"gold_loss":0},{"damage_healed":0,"gold_gain":0,"player_choice":"Trade","damage_taken":0,"relics_obtained":["CultistMask"],"max_hp_gain":0,"max_hp_loss":0,"event_name":"FaceTrader","floor":14,"gold_loss":0},{"damage_healed":0,"gold_gain":0,"player_choice":"Ignored","damage_taken":0,"max_hp_gain":0,"max_hp_loss":0,"event_name":"Ghosts","floor":21,"gold_loss":0},{"damage_healed":0,"gold_gain":0,"player_choice":"Fought Bandits","damage_taken":0,"max_hp_gain":0,"max_hp_loss":0,"event_name":"Masked Bandits","floor":29,"gold_loss":0},{"cards_removed":["Go for the Eyes"],"damage_healed":0,"gold_gain":0,"player_choice":"Removed Attack","damage_taken":0,"max_hp_gain":0,"max_hp_loss":0,"event_name":"Falling","floor":37,"gold_loss":0},{"damage_healed":0,"gold_gain":0,"player_choice":"Upgrade","damage_taken":0,"relics_obtained":["Mark of the Bloom"],"max_hp_gain":0,"max_hp_loss":0,"event_name":"MindBloom","floor":42,"gold_loss":0,"cards_upgraded":["Strike_B","Strike_B","Defend_B","Defend_B","Defend_B","Defend_B","Zap","Dualcast","Gash","Go for the Eyes","All For One","Gash","Electrodynamics","Cold Snap","Coolheaded"]},{"damage_healed":0,"gold_gain":0,"player_choice":"Memory 1","damage_taken":0,"max_hp_gain":0,"max_hp_loss":0,"event_name":"SensoryStone","floor":48,"gold_loss":0}],"is_beta":false,"boss_relics":[{"not_picked":["Ectoplasm","Runic Dome"],"picked":"Black Star"},{"not_picked":["Inserter","Eternal Feather"],"picked":"Coffee Dripper"}],"items_purged_floors":[25],"is_endless":false,"potions_floor_spawned":[1,4,5,18,20,31,33,41,45],"ascension_level":0}