{"path_per_floor":["M","M","M","M","?","R","M","R","T","M","R","?","M","$","R","B",null,"M","?","M","?","T","R","?","R","T","M","M"],"character_chosen":"DEFECT","items_purchased":["Blaster"],"gold_per_floor":[114,124,135,148,148,148,167,167,167,186,186,186,196,46,46,144,144,154,69,85,85,85,85,85,85,164,177,191,191],"floor_reached":29,"campfire_rested":1,"playtime":1076,"current_hp_per_floor":[71,71,71,54,59,59,57,57,57,48,48,48,45,45,69,39,80,80,80,61,61,61,61,56,56,56,50,33,0],"items_purged":["Strike_B"],"gold":191,"score":242,"play_id":"6bb21fe8-16d4-4751-ab2f-3d7cc8bffb95","local_time":"20180427100207","is_prod":false,"is_daily":false,"chose_seed":false,"is_ascension_mode":false,"campfire_upgraded":4,"timestamp":1524841327,"path_taken":["M","M","M","M","?","R","M","R","T","M","R","?","M","?","R","BOSS","M","?","M","?","?","R","?","R","T","?","M","E"],"build_version":"2018-04-26v2","seed_source_timestamp":148972913028428,"purchased_purges":1,"victory":false,"master_deck":["Defend_B","Defend_B","Defend_B","Defend_B","Zap","Dualcast+1","White Noise+1","Glacier+1","Barrage+1","Beam Cell","Ball Lightning","Ball Lightning","Barrage","Blaster","Fission+1","Tempest","Coolheaded","Bite","Bite","Bite","Bite","Bite","Streamline","Coolheaded"],"max_hp_per_floor":[75,75,75,75,80,80,80,80,80,80,80,80,80,80,80,80,80,80,80,80,80,80,80,56,56,56,56,56,56],"relics":["Cracked Core","Calipers","Nuclear Battery","Girya","Dodecahedron","Smiling Mask"],"card_choices":[{"not_picked":["Ball Lightning","Self Repair"],"picked":"White Noise","floor":1},{"not_picked":["Capacitor","Beam Cell"],"picked":"Glacier","floor":2},{"not_picked":["Skim","Leap"],"picked":"Barrage","floor":3},{"not_picked":["Sweeping Beam","Rip and Tear"],"picked":"Beam Cell","floor":4},{"not_picked":["Loop","Barrage"],"picked":"Ball Lightning","floor":7},{"not_picked":["Barrage","Reboot"],"picked":"Ball Lightning","floor":10},{"not_picked":["Beam Cell","Hello World"],"picked":"Barrage","floor":13},{"not_picked":["Redo","Multi-Cast"],"picked":"Fission","floor":16},{"not_picked":["Cold Snap","Reinforced Body"],"picked":"Tempest","floor":18},{"not_picked":["Gash","Loop"],"picked":"Coolheaded","floor":20},{"not_picked":["White Noise","Doom and Gloom"],"picked":"Streamline","floor":27},{"not_picked":["Melter","Skim"],"picked":"Coolheaded","floor":28}],"player_experience":272720,"potions_floor_usage":[29,29],"damage_taken":[{"damage":4,"enemies":"2 Louse","floor":1,"turns":3},{"damage":0,"enemies":"Small Slimes","floor":2,"turns":4},{"damage":0,"enemies":"Cultist","floor":3,"turns":4},{"damage":17,"enemies":"Exordium Thugs","floor":4,"turns":7},{"damage":2,"enemies":"Blue Slaver","floor":7,"turns":3},{"damage":9,"enemies":"2 Fungi Beasts","floor":10,"turns":3},{"damage":10,"enemies":"Looter","floor":13,"turns":2},{"damage":30,"enemies":"The Guardian","floor":16,"turns":10},{"damage":0,"enemies":"Spheric Guardian","floor":18,"turns":3},{"damage":19,"enemies":"Shell Parasite","floor":20,"turns":6},{"damage":6,"enemies":"3 Cultists","floor":27,"turns":3},{"damage":21,"enemies":"Snake Plant","floor":28,"turns":4},{"damage":37,"enemies":"Slavers","floor":29,"turns":3}],"event_choices":[{"event_name":"Big Fish","player_choice":"Donut","floor":5,"damage_taken":0},{"event_name":"Accursed Blacksmith","player_choice":"Forge","floor":12,"damage_taken":0},{"event_name":"Addict","player_choice":"Obtained Relic","floor":19,"damage_taken":0},{"event_name":"The Mausoleum","player_choice":"No","floor":21,"damage_taken":0},{"event_name":"Vampires","player_choice":"Became a vampire","floor":24,"damage_taken":0}],"boss_relics":[{"not_picked":["Pandora\u0027s Box","Inserter"],"picked":"Nuclear Battery"}],"potions_floor_spawned":[1,4,10,13,16],"seed_played":"3672075914357251740","killed_by":"Slavers","ascension_level":0,"is_trial":false}