{"gold_per_floor":[113,126,201,201,216,249,249,283,283,283,1,1,1,17,17,115,115,133,133,93,93,111,143,162,175,222,50,50,50],"floor_reached":29,"playtime":2079,"items_purged":["Strike_B"],"score":264,"play_id":"07878ba5-add2-4fe4-adbf-c51343489a34","local_time":"20190915105331","is_ascension_mode":true,"campfire_choices":[{"data":"Defend_B","floor":7.0,"key":"PURGE"},{"data":"Zap","floor":10.0,"key":"SMITH"},{"data":"Defend_B","floor":13.0,"key":"PURGE"},{"data":"Scrape","floor":15.0,"key":"SMITH"},{"floor":28,"key":"REST"}],"neow_cost":"NONE","seed_source_timestamp":419911238617798,"circlet_count":0,"master_deck":["Strike_B","Strike_B","Strike_B","Defend_B+1","Defend_B","Zap+1","Dualcast+1","FTL","Glacier","Self Repair","Scrape+1","Core Surge","Machine Learning","Gash","Defragment","Echo Form","Gash+1","Gash","Reboot","Master of Strategy"],"special_seed":0,"relics":["Cracked Core","War Paint","Peace Pipe","Symbiotic Virus","ClockworkSouvenir","Black Star","Nloth\u0027s Gift","Meat on the Bone","Dead Branch","Juzu Bracelet"],"potions_floor_usage":[],"damage_taken":[{"damage":0.0,"enemies":"Small Slimes","floor":1.0,"turns":3.0},{"damage":1.0,"enemies":"Jaw Worm","floor":2.0,"turns":3.0},{"damage":4.0,"enemies":"Cultist","floor":5.0,"turns":4.0},{"damage":7.0,"enemies":"3 Sentries","floor":6.0,"turns":8.0},{"damage":19.0,"enemies":"Lagavulin","floor":8.0,"turns":7.0},{"damage":2.0,"enemies":"Red Slaver","floor":14.0,"turns":2.0},{"damage":20.0,"enemies":"Hexaghost","floor":16.0,"turns":11.0},{"damage":10.0,"enemies":"Chosen","floor":18.0,"turns":3.0},{"damage":22,"enemies":"2 Thieves","floor":22,"turns":4},{"damage":44,"enemies":"Gremlin Leader","floor":23,"turns":7},{"damage":3,"enemies":"3 Cultists","floor":24,"turns":6},{"damage":17,"enemies":"Sentry and Sphere","floor":25,"turns":4},{"damage":46,"enemies":"Book of Stabbing","floor":29,"turns":3}],"seed_played":"2439366174197320091","potions_obtained":[{"floor":1.0,"key":"AttackPotion"},{"floor":14.0,"key":"Block Potion"},{"floor":23,"key":"Energy Potion"},{"floor":25,"key":"Ancient Potion"}],"is_trial":false,"path_per_floor":["M","M","?","?","M","E","R","E","T","R","$","?","R","M","R","B",null,"M","?","$","?","M","E","M","M","T","$","R","E"],"character_chosen":"DEFECT","items_purchased":["ClockworkSouvenir","Defragment","Master of Strategy"],"campfire_rested":1,"item_purchase_floors":[11,20,27],"current_hp_per_floor":[75,74,63,63,59,59,59,47,47,47,47,52,52,57,57,44,80,70,70,70,70,48,11,27,22,22,22,46,0],"gold":50,"neow_bonus":"RANDOM_COMMON_RELIC","is_prod":false,"is_daily":false,"chose_seed":false,"campfire_upgraded":2,"win_rate":0,"timestamp":1568562811,"path_taken":["M","M","?","?","M","E","R","E","T","R","?","?","R","M","R","BOSS","M","?","$","?","?","E","M","M","T","?","R","E"],"build_version":"2019-07-17","purchased_purges":1,"victory":false,"max_hp_per_floor":[75,75,75,75,75,75,75,75,75,75,75,80,80,80,80,80,80,80,80,80,80,80,80,80,80,80,80,80,80],"card_choices":[{"not_picked":["Static Discharge","Lockon"],"picked":"FTL","floor":1.0},{"not_picked":["Conserve Battery","Turbo"],"picked":"Glacier","floor":2.0},{"not_picked":["Hologram","Double Energy"],"picked":"Self Repair","floor":5.0},{"not_picked":["Beam Cell","BootSequence"],"picked":"Scrape","floor":6.0},{"not_picked":["Steam Power","Reprogram","Compile Driver"],"picked":"SKIP","floor":8.0},{"not_picked":["Recycle","Barrage"],"picked":"Core Surge","floor":14.0},{"not_picked":["Rainbow","Buffer"],"picked":"Machine Learning","floor":16.0},{"not_picked":["Sweeping Beam+1","Blizzard"],"picked":"Gash","floor":18.0},{"not_picked":["Capacitor","Compile Driver"],"picked":"Echo Form","floor":22},{"not_picked":["Rip and Tear","Force Field"],"picked":"Gash+1","floor":23},{"not_picked":["Reprogram+1","Recycle"],"picked":"Gash","floor":24},{"not_picked":["Rebound+1","Reinforced Body"],"picked":"Reboot","floor":25}],"player_experience":1265673,"relics_obtained":[{"floor":6.0,"key":"Peace Pipe"},{"floor":8.0,"key":"Symbiotic Virus"},{"floor":23,"key":"Meat on the Bone"},{"floor":23,"key":"Dead Branch"},{"floor":26,"key":"Juzu Bracelet"}],"event_choices":[{"damage_healed":0.0,"max_hp_gain":0.0,"max_hp_loss":0.0,"gold_gain":75.0,"event_name":"World of Goop","player_choice":"Gather Gold","floor":3.0,"gold_loss":0.0,"damage_taken":11.0},{"damage_healed":0.0,"max_hp_gain":0.0,"max_hp_loss":0.0,"gold_gain":0.0,"event_name":"Liars Game","player_choice":"Ignored","floor":4.0,"gold_loss":0.0,"damage_taken":0.0},{"damage_healed":0.0,"max_hp_gain":5.0,"max_hp_loss":0.0,"gold_gain":0.0,"event_name":"Big Fish","player_choice":"Donut","floor":12.0,"gold_loss":0.0,"damage_taken":0.0},{"damage_healed":0,"gold_gain":0,"player_choice":"Inject Mutagens","damage_taken":0,"relics_obtained":["MutagenicStrength"],"max_hp_gain":0,"max_hp_loss":0,"event_name":"Drug Dealer","floor":19,"gold_loss":0},{"damage_healed":0,"gold_gain":0,"player_choice":"Traded Relic","damage_taken":0,"relics_obtained":["Nloth\u0027s Gift"],"max_hp_gain":0,"max_hp_loss":0,"event_name":"N\u0027loth","floor":21,"relics_lost":["MutagenicStrength"],"gold_loss":0}],"is_beta":false,"boss_relics":[{"not_picked":["Calling Bell","Lizard Tail"],"picked":"Black Star"}],"items_purged_floors":[11],"is_endless":false,"potions_floor_spawned":[1,14,23,25],"killed_by":"Book of Stabbing","ascension_level":1}