{"gold_per_floor":[109,125,50,150,160,160,211,211,211,229,229,239,239,255,255,360,360,373,472,484,56,56,85,85,85,85,85,102,133,149,162,162,264,314,332,109,109,109,209,209,242,242,242,257,270,270,286,286,286,286],"floor_reached":51,"playtime":3042,"items_purged":["Strike_G","Defend_G"],"score":755,"play_id":"c39962b6-cb25-46f9-bb62-18b1ef3bcbb8","local_time":"20190919022332","is_ascension_mode":false,"campfire_choices":[{"data":"Cloak And Dagger","floor":6.0,"key":"SMITH"},{"data":"Noxious Fumes","floor":8.0,"key":"SMITH"},{"data":"Neutralize","floor":11.0,"key":"SMITH"},{"data":"Dodge and Roll","floor":15.0,"key":"SMITH"},{"data":"Venomology","floor":25.0,"key":"SMITH"},{"data":"Burst","floor":32.0,"key":"SMITH"},{"data":"Footwork","floor":40.0,"key":"SMITH"},{"data":"Accuracy","floor":49,"key":"SMITH"}],"neow_cost":"NONE","seed_source_timestamp":574491504104900,"circlet_count":0,"master_deck":["Strike_G","Strike_G","Strike_G","Defend_G+1","Defend_G","Defend_G","Defend_G+1","Survivor","Neutralize+1","Cloak And Dagger+1","Noxious Fumes+1","Deadly Poison","Dodge and Roll+1","Glass Knife","Backflip+1","Cloak And Dagger+1","Footwork+1","Venomology+1","Burst+1","Leg Sweep+1","PiercingWail+1","Poisoned Stab","Cloak And Dagger+1","Footwork","Blur","Secret Weapon","Madness","Madness","Accuracy+1"],"special_seed":0,"relics":["Ring of the Snake","Blood Vial","Gremlin Horn","Art of War","Cursed Key","Pantograph","War Paint","Matryoshka","Tiny House","DollysMirror","Pen Nib"],"potions_floor_usage":[45,47,50,50,50],"damage_taken":[{"damage":3.0,"enemies":"Jaw Worm","floor":1.0,"turns":6.0},{"damage":1.0,"enemies":"Cultist","floor":2.0,"turns":4.0},{"damage":0.0,"enemies":"2 Louse","floor":5.0,"turns":3.0},{"damage":1.0,"enemies":"2 Fungi Beasts","floor":10.0,"turns":4.0},{"damage":0.0,"enemies":"Blue Slaver","floor":12.0,"turns":4.0},{"damage":1.0,"enemies":"3 Louse","floor":14.0,"turns":4.0},{"damage":29.0,"enemies":"The Guardian","floor":16.0,"turns":11.0},{"damage":4.0,"enemies":"2 Thieves","floor":18.0,"turns":5.0},{"damage":1.0,"enemies":"Shell Parasite","floor":20.0,"turns":5.0},{"damage":15.0,"enemies":"Book of Stabbing","floor":23.0,"turns":6.0},{"damage":4.0,"enemies":"Centurion and Healer","floor":28.0,"turns":6.0},{"damage":0.0,"enemies":"Gremlin Leader","floor":29.0,"turns":6.0},{"damage":0.0,"enemies":"Chosen and Byrds","floor":30.0,"turns":6.0},{"damage":0.0,"enemies":"Snake Plant","floor":31.0,"turns":6.0},{"damage":30.0,"enemies":"Automaton","floor":33.0,"turns":13.0},{"damage":4.0,"enemies":"3 Darklings","floor":35.0,"turns":7.0},{"damage":0.0,"enemies":"Mind Bloom Boss Battle","floor":39.0,"turns":10.0},{"damage":17.0,"enemies":"Giant Head","floor":41.0,"turns":14.0},{"damage":10.0,"enemies":"Orb Walker","floor":44.0,"turns":5.0},{"damage":5,"enemies":"Spire Growth","floor":45,"turns":6},{"damage":3,"enemies":"Sphere and 2 Shapes","floor":47,"turns":6},{"damage":2,"enemies":"Donu and Deca","floor":50,"turns":11}],"seed_played":"-3583016690440873485","potions_obtained":[{"floor":5.0,"key":"Block Potion"},{"floor":10.0,"key":"Explosive Potion"},{"floor":16.0,"key":"Regen Potion"},{"floor":20.0,"key":"Strength Potion"},{"floor":23.0,"key":"SkillPotion"},{"floor":28.0,"key":"FearPotion"},{"floor":29.0,"key":"LiquidBronze"}],"is_trial":false,"path_per_floor":["M","M","$","?","M","R","T","R","T","M","R","M","?","M","R","B",null,"M","?","M","$","?","E","T","R","T","?","M","E","M","M","R","B",null,"M","$","?","?","?","R","E","?","T","M","M","T","M","?","R","B",null],"character_chosen":"THE_SILENT","items_purchased":["Footwork","Pantograph","DollysMirror","Blur"],"campfire_rested":0,"item_purchase_floors":[21,21,36,36],"current_hp_per_floor":[74,73,73,73,73,73,73,73,73,74,74,76,76,76,76,48,77,73,73,74,74,74,61,61,61,61,47,60,62,64,66,66,52,87,83,83,83,72,87,87,70,70,70,62,59,59,58,58,58,83],"gold":286,"neow_bonus":"TEN_PERCENT_HP_BONUS","is_prod":false,"is_daily":false,"chose_seed":false,"campfire_upgraded":8,"win_rate":0,"timestamp":1568827412,"path_taken":["M","M","$","?","?","R","?","R","T","M","R","M","?","?","R","BOSS","M","?","M","$","?","E","?","R","T","?","?","E","M","M","R","BOSS","M","$","?","?","?","R","E","?","T","M","?","?","M","?","R","BOSS"],"build_version":"2019-09-17","purchased_purges":2,"victory":true,"max_hp_per_floor":[77,77,77,77,77,77,77,77,77,77,77,77,77,77,77,77,77,77,77,77,77,77,77,77,77,77,82,82,82,82,82,82,82,87,87,87,87,87,87,87,87,87,87,87,87,87,87,87,87,87],"card_choices":[{"not_picked":["Prepared","Slice","Concentrate"],"picked":"SKIP","floor":1.0},{"not_picked":["Prepared","Predator"],"picked":"Cloak And Dagger","floor":2.0},{"not_picked":["Eviscerate","Bane"],"picked":"Noxious Fumes","floor":5.0},{"not_picked":["Backflip","Blur"],"picked":"Deadly Poison","floor":10.0},{"not_picked":["Cloak And Dagger","All Out Attack","Acrobatics"],"picked":"SKIP","floor":12.0},{"not_picked":["Slice","Accuracy"],"picked":"Dodge and Roll","floor":14.0},{"not_picked":["Night Terror","A Thousand Cuts"],"picked":"Glass Knife","floor":16.0},{"not_picked":["Prepared+1","Caltrops"],"picked":"Backflip","floor":18.0},{"not_picked":["Flechettes+1","Acrobatics+1"],"picked":"Cloak And Dagger+1","floor":20.0},{"not_picked":["Bane+1","Skewer"],"picked":"Burst","floor":23.0},{"not_picked":["Deflect","Underhanded Strike"],"picked":"Leg Sweep+1","floor":28.0},{"not_picked":["Glass Knife","Acrobatics"],"picked":"PiercingWail+1","floor":29.0},{"not_picked":["Distraction+1","Acrobatics","Cloak And Dagger"],"picked":"SKIP","floor":30.0},{"not_picked":["Deflect","Flying Knee","Heel Hook"],"picked":"SKIP","floor":31.0},{"not_picked":["Backflip","Dagger Spray"],"picked":"Poisoned Stab","floor":34.0},{"not_picked":["Prepared+1","Underhanded Strike+1"],"picked":"Cloak And Dagger+1","floor":35.0},{"not_picked":["Blind","The Bomb"],"picked":"Secret Weapon","floor":37.0},{"not_picked":["Acrobatics+1","Predator"],"picked":"Accuracy","floor":41.0},{"not_picked":["Bane","Slice","Expertise"],"picked":"SKIP","floor":44.0},{"not_picked":["Cloak And Dagger+1","Riddle With Holes+1","Flying Knee"],"picked":"SKIP","floor":45},{"not_picked":["Well Laid Plans","Sucker Punch","Endless Agony+1"],"picked":"SKIP","floor":47}],"player_experience":488299,"relics_obtained":[{"floor":7.0,"key":"Blood Vial"},{"floor":9.0,"key":"Gremlin Horn"},{"floor":23.0,"key":"War Paint"},{"floor":29.0,"key":"Matryoshka"},{"floor":41.0,"key":"Pen Nib"}],"event_choices":[{"damage_healed":0.0,"max_hp_gain":0.0,"max_hp_loss":0.0,"gold_gain":100.0,"event_name":"Wheel of Change","player_choice":"Gold","floor":4.0,"gold_loss":0.0,"damage_taken":0.0},{"damage_healed":0.0,"max_hp_gain":0.0,"max_hp_loss":0.0,"gold_gain":0.0,"event_name":"WeMeetAgain","player_choice":"Gave Potion","floor":13.0,"gold_loss":0.0,"damage_taken":0.0,"relics_obtained":["Art of War"]},{"damage_healed":0.0,"max_hp_gain":0.0,"max_hp_loss":0.0,"gold_gain":99.0,"event_name":"Nest","player_choice":"Stole From Cult","floor":19.0,"gold_loss":0.0,"damage_taken":0.0},{"damage_healed":0.0,"max_hp_gain":0.0,"max_hp_loss":0.0,"gold_gain":0.0,"event_name":"The Library","player_choice":"Read","floor":22.0,"gold_loss":0.0,"damage_taken":0.0,"cards_obtained":["Venomology"]},{"damage_healed":0.0,"max_hp_gain":5.0,"max_hp_loss":0.0,"gold_gain":0.0,"event_name":"Forgotten Altar","player_choice":"Shed Blood","floor":27.0,"gold_loss":0.0,"damage_taken":19.0},{"damage_healed":0.0,"max_hp_gain":0.0,"max_hp_loss":0.0,"gold_gain":0.0,"event_name":"SensoryStone","player_choice":"Memory 1","floor":37.0,"gold_loss":0.0,"damage_taken":0.0},{"damage_healed":0.0,"max_hp_gain":0.0,"max_hp_loss":0.0,"gold_gain":0.0,"event_name":"Winding Halls","player_choice":"Embrace Madness","floor":38.0,"gold_loss":0.0,"damage_taken":11.0,"cards_obtained":["Madness","Madness"]},{"damage_healed":0.0,"max_hp_gain":0.0,"max_hp_loss":0.0,"gold_gain":0.0,"event_name":"MindBloom","player_choice":"Fight","floor":39.0,"gold_loss":0.0,"damage_taken":0.0},{"damage_healed":0.0,"max_hp_gain":0.0,"max_hp_loss":0.0,"gold_gain":0.0,"event_name":"Mysterious Sphere","player_choice":"Ignored","floor":42.0,"gold_loss":0.0,"damage_taken":0.0},{"cards_removed":["Strike_G"],"damage_healed":0,"gold_gain":0,"player_choice":"Removed Attack","damage_taken":0,"max_hp_gain":0,"max_hp_loss":0,"event_name":"Falling","floor":48,"gold_loss":0}],"is_beta":true,"boss_relics":[{"not_picked":["Fusion Hammer","Pandora\u0027s Box"],"picked":"Cursed Key"},{"not_picked":["Sozu","Snecko Eye"],"picked":"Tiny House"}],"items_purged_floors":[3,21],"is_endless":false,"potions_floor_spawned":[5,10,16,20,23,28,29,31,39,45,47],"ascension_level":0}