{"gold_per_floor":[114,126,141,151,163,163,195,195,195,212,226,226,151,183,183,282,282,296,314,314,333,333,333,366,366,390,400,434,451,451,461,461,558,558,568,621,601,615,615,615],"floor_reached":40,"playtime":5581,"items_purged":["Strike_R"],"score":515,"play_id":"9a98df76-a6f2-43b2-af66-29e67029e058","local_time":"20190915093537","is_ascension_mode":false,"campfire_choices":[{"data":"Demon Form","floor":6,"key":"SMITH"},{"data":"Heavy Blade","floor":8,"key":"SMITH"},{"floor":12,"key":"REST"},{"floor":15,"key":"RECALL"},{"data":"Entrench","floor":23,"key":"SMITH"},{"data":"Clothesline","floor":30,"key":"SMITH"},{"floor":32,"key":"REST"}],"neow_cost":"NONE","seed_source_timestamp":556104659795904,"circlet_count":0,"master_deck":["Strike_R","Strike_R","Strike_R","Defend_R","Defend_R","Defend_R","Defend_R","Bash","Twin Strike","Shrug It Off","Heavy Blade+1","Demon Form+1","Barricade+1","Entrench+1","Iron Wave","Writhe","Dark Embrace","Shame","Headbutt+1","Clothesline+1","Clothesline+1","Intimidate","Limit Break","Pommel Strike+1","Entrench+1","Iron Wave"],"relics":["Burning Blood","Regal Pillow","Self Forming Clay","Shuriken","Meat on the Bone","Cursed Key","Ornamental Fan","Dream Catcher","Happy Flower","Mercury Hourglass","Runic Cube","Prayer Wheel"],"potions_floor_usage":[7,11,14,24,24,27,29,35,38,40,40],"damage_taken":[{"damage":6,"enemies":"Cultist","floor":1,"turns":3},{"damage":0,"enemies":"Small Slimes","floor":2,"turns":3},{"damage":4,"enemies":"Jaw Worm","floor":3,"turns":5},{"damage":9,"enemies":"Blue Slaver","floor":4,"turns":4},{"damage":31,"enemies":"Gremlin Gang","floor":5,"turns":7},{"damage":32,"enemies":"3 Sentries","floor":7,"turns":5},{"damage":11,"enemies":"3 Louse","floor":10,"turns":3},{"damage":6,"enemies":"Lots of Slimes","floor":11,"turns":3},{"damage":11,"enemies":"Gremlin Nob","floor":14,"turns":4},{"damage":0,"enemies":"Slime Boss","floor":16,"turns":6},{"damage":33,"enemies":"Spheric Guardian","floor":18,"turns":6},{"damage":7,"enemies":"Shell Parasite","floor":19,"turns":4},{"damage":38,"enemies":"Shelled Parasite and Fungi","floor":21,"turns":7},{"damage":23,"enemies":"Book of Stabbing","floor":24,"turns":6},{"damage":36,"enemies":"Sentry and Sphere","floor":27,"turns":8},{"damage":25,"enemies":"Slavers","floor":28,"turns":9},{"damage":9,"enemies":"3 Cultists","floor":29,"turns":6},{"damage":24,"enemies":"Chosen and Byrds","floor":31,"turns":8},{"damage":43,"enemies":"Champ","floor":33,"turns":13},{"damage":14,"enemies":"3 Darklings","floor":35,"turns":7},{"damage":59,"enemies":"2 Orb Walkers","floor":36,"turns":6},{"damage":9,"enemies":"3 Shapes","floor":38,"turns":7},{"damage":43,"enemies":"Giant Head","floor":40,"turns":7}],"seed_played":"-8822300146510191724","potions_obtained":[{"floor":2,"key":"Poison Potion"},{"floor":7,"key":"Weak Potion"},{"floor":10,"key":"SteroidPotion"},{"floor":19,"key":"BloodPotion"},{"floor":21,"key":"SkillPotion"},{"floor":24,"key":"Ancient Potion"},{"floor":28,"key":"SkillPotion"},{"floor":33,"key":"SkillPotion"},{"floor":35,"key":"Energy Potion"},{"floor":36,"key":"SkillPotion"},{"floor":37,"key":"PowerPotion"}],"is_trial":false,"path_per_floor":["M","M","M","M","M","R","E","R","T","M","M","R","$","E","R","B",null,"M","M","?","M","?","R","E","?","T","M","E","M","R","M","R","B",null,"M","?","?","M","?","E"],"character_chosen":"IRONCLAD","items_purchased":[],"campfire_rested":2,"item_purchase_floors":[],"current_hp_per_floor":[80,80,80,77,52,52,26,26,26,21,21,60,60,55,55,61,80,53,52,52,32,32,32,47,47,47,29,22,31,31,25,64,39,80,72,31,31,40,40,0],"gold":615,"neow_bonus":"RANDOM_COMMON_RELIC","is_prod":false,"is_daily":false,"chose_seed":false,"campfire_upgraded":4,"win_rate":0,"timestamp":1568554537,"path_taken":["M","M","M","M","M","R","E","R","T","M","M","R","?","E","R","BOSS","M","M","?","?","?","R","E","?","T","?","E","M","R","M","R","BOSS","M","?","?","?","?","E"],"build_version":"2019-07-17","purchased_purges":1,"victory":false,"max_hp_per_floor":[80,80,80,80,80,80,80,80,80,80,80,80,80,80,80,80,80,80,80,80,80,80,80,80,80,80,80,80,80,80,80,80,80,80,80,80,80,80,80,80],"card_choices":[{"not_picked":["Hemokinesis","Havoc"],"picked":"Twin Strike","floor":1},{"not_picked":["Clash","Havoc"],"picked":"Shrug It Off","floor":2},{"not_picked":["True Grit","Reckless Charge"],"picked":"Heavy Blade","floor":3},{"not_picked":["Clash","Carnage"],"picked":"Demon Form","floor":4},{"not_picked":["Anger","Armaments","Disarm"],"picked":"SKIP","floor":5},{"not_picked":["Anger","Armaments","Disarm"],"picked":"SKIP","floor":5},{"not_picked":["Warcry","Armaments","Flex"],"picked":"SKIP","floor":7},{"not_picked":["Headbutt","Flame Barrier","Shrug It Off"],"picked":"SKIP","floor":10},{"not_picked":["Headbutt","Havoc","Rage"],"picked":"SKIP","floor":11},{"not_picked":["Inflame","Wild Strike","Headbutt"],"picked":"SKIP","floor":14},{"not_picked":["Brutality","Exhume"],"picked":"Barricade","floor":16},{"not_picked":["Warcry","Body Slam","Disarm+1"],"picked":"SKIP","floor":18},{"not_picked":["Twin Strike","Thunderclap"],"picked":"Entrench","floor":19},{"not_picked":["Combust+1","Rage"],"picked":"Iron Wave","floor":21},{"not_picked":["Battle Trance","Body Slam","Havoc"],"picked":"SKIP","floor":24},{"not_picked":["Corruption","Thunderclap"],"picked":"Headbutt+1","floor":27},{"not_picked":["Brutality","Uppercut","Sword Boomerang"],"picked":"SKIP","floor":28},{"not_picked":["Havoc+1","Iron Wave"],"picked":"Clothesline","floor":29},{"not_picked":["Shrug It Off","Evolve"],"picked":"Clothesline+1","floor":31},{"not_picked":["Hemokinesis","Shrug It Off"],"picked":"Intimidate","floor":32},{"not_picked":["Demon Form","Immolate"],"picked":"Limit Break","floor":33},{"not_picked":["Heavy Blade+1","Ghostly Armor"],"picked":"Pommel Strike+1","floor":35},{"not_picked":["Inflame","Havoc+1"],"picked":"Entrench+1","floor":36},{"not_picked":["Perfected Strike+1","Iron Wave","Flame Barrier"],"picked":"SKIP","floor":38},{"not_picked":["Fire Breathing","Bloodletting+1","Fiend Fire"],"picked":"SKIP","floor":38}],"player_experience":102843,"relics_obtained":[{"floor":7,"key":"Self Forming Clay"},{"floor":9,"key":"Shuriken"},{"floor":14,"key":"Meat on the Bone"},{"floor":24,"key":"Dream Catcher"},{"floor":26,"key":"Happy Flower"},{"floor":28,"key":"Mercury Hourglass"},{"floor":36,"key":"Prayer Wheel"}],"event_choices":[{"damage_healed":0,"gold_gain":0,"player_choice":"Forge","damage_taken":0,"max_hp_gain":0,"max_hp_loss":0,"event_name":"Accursed Blacksmith","floor":20,"gold_loss":0,"cards_upgraded":["Barricade"]},{"damage_healed":0,"gold_gain":0,"player_choice":"Opened","damage_taken":0,"relics_obtained":["Ornamental Fan"],"max_hp_gain":0,"max_hp_loss":0,"event_name":"The Mausoleum","floor":22,"gold_loss":0,"cards_obtained":["Writhe"]},{"damage_healed":0,"gold_gain":0,"player_choice":"1 cards matched","damage_taken":0,"max_hp_gain":0,"max_hp_loss":0,"event_name":"Match and Keep!","floor":25,"gold_loss":0,"cards_obtained":["Dark Embrace"]},{"damage_healed":0,"gold_gain":0,"player_choice":"Fight","damage_taken":0,"max_hp_gain":0,"max_hp_loss":0,"event_name":"Mysterious Sphere","floor":36,"gold_loss":0},{"damage_healed":0,"gold_gain":0,"player_choice":"Bought 1 Potion","damage_taken":0,"max_hp_gain":0,"max_hp_loss":0,"event_name":"The Woman in Blue","floor":37,"gold_loss":0},{"cards_removed":["Strike_R"],"damage_healed":0,"gold_gain":0,"player_choice":"Took Card","damage_taken":0,"max_hp_gain":0,"max_hp_loss":0,"event_name":"NoteForYourself","floor":39,"gold_loss":0,"cards_obtained":["Iron Wave"]}],"is_beta":false,"boss_relics":[{"not_picked":["Calling Bell","Eternal Feather"],"picked":"Cursed Key"},{"not_picked":["Philosopher\u0027s Stone","Mark of Pain"],"picked":"Runic Cube"}],"items_purged_floors":[13],"is_endless":false,"potions_floor_spawned":[2,7,10,19,21,24,28,33,35,36],"killed_by":"Giant Head","ascension_level":0}