{"gold_per_floor":[118,118,139,139,160,195,215,215,240,240,275,52,88,88,88,217,217,231,249,699,699],"floor_reached":21,"playtime":2936,"items_purged":[],"score":197,"play_id":"609e50fe-fbec-4031-aa0b-1f2fb12c7318","local_time":"20190913162353","is_ascension_mode":false,"campfire_choices":[{"data":"Twin Strike","floor":8,"key":"SMITH"},{"data":"Warcry","floor":10,"key":"SMITH"},{"data":"Offering","floor":15,"key":"SMITH"}],"neow_cost":"TEN_PERCENT_HP_LOSS","seed_source_timestamp":410440531122974,"circlet_count":0,"master_deck":["Strike_R","Strike_R","Strike_R","Strike_R","Strike_R","Defend_R","Defend_R","Defend_R","Defend_R","Bash","Twin Strike+1","Warcry+1","Clothesline","Twin Strike+1","Iron Wave+1","Thunderclap+1","Offering+1","Rupture","Headbutt+1","Feed+1","Armaments+1","Warcry+1"],"relics":["Black Blood","Magic Flower","Golden Idol","Letter Opener","Molten Egg 2","Centennial Puzzle","PreservedInsect","Omamori","Strawberry"],"potions_floor_usage":[6,6,16,21,21],"damage_taken":[{"damage":0,"enemies":"Small Slimes","floor":1,"turns":4},{"damage":11,"enemies":"Jaw Worm","floor":3,"turns":3},{"damage":2,"enemies":"2 Louse","floor":5,"turns":4},{"damage":21,"enemies":"Lagavulin","floor":6,"turns":6},{"damage":16,"enemies":"Large Slime","floor":7,"turns":5},{"damage":18,"enemies":"3 Sentries","floor":11,"turns":8},{"damage":3,"enemies":"Lagavulin","floor":13,"turns":5},{"damage":23,"enemies":"Hexaghost","floor":16,"turns":9},{"damage":13,"enemies":"Shell Parasite","floor":18,"turns":6},{"damage":39,"enemies":"2 Thieves","floor":19,"turns":3},{"damage":17,"enemies":"Snake Plant","floor":21,"turns":2}],"seed_played":"-1931205547331531748","potions_obtained":[{"floor":3,"key":"Weak Potion"},{"floor":5,"key":"SteroidPotion"},{"floor":11,"key":"AttackPotion"},{"floor":13,"key":"Block Potion"},{"floor":19,"key":"Dexterity Potion"}],"is_trial":false,"path_per_floor":["M","?","M","T","M","E","M","R","T","R","E","$","E","?","R","B",null,"M","M","?","M"],"character_chosen":"IRONCLAD","items_purchased":["Offering","Rupture"],"campfire_rested":0,"item_purchase_floors":[12,12],"current_hp_per_floor":[72,54,52,52,59,47,40,40,40,40,31,31,37,44,44,30,79,83,65,17,0],"gold":699,"neow_bonus":"ONE_RARE_RELIC","is_prod":false,"is_daily":false,"chose_seed":false,"campfire_upgraded":3,"win_rate":0.0,"timestamp":1568406233,"path_taken":["M","?","M","?","M","E","M","R","T","R","E","$","E","?","R","BOSS","M","M","?","M"],"build_version":"2019-07-17","purchased_purges":0,"victory":false,"max_hp_per_floor":[72,72,72,72,72,72,72,72,72,72,72,72,72,79,79,79,79,83,87,87,87],"card_choices":[{"not_picked":["Iron Wave","Reckless Charge"],"picked":"Twin Strike","floor":1},{"not_picked":["Rage","Pommel Strike"],"picked":"Warcry","floor":3},{"not_picked":["Body Slam","Anger"],"picked":"Clothesline","floor":5},{"not_picked":["Clash","Inflame"],"picked":"Twin Strike","floor":6},{"not_picked":["Twin Strike+1","Rage"],"picked":"Iron Wave+1","floor":7},{"not_picked":["Reckless Charge+1","Uppercut+1"],"picked":"Thunderclap+1","floor":11},{"not_picked":["Dropkick+1","Anger+1"],"picked":"Headbutt+1","floor":13},{"not_picked":["Impervious","Bludgeon+1"],"picked":"Feed+1","floor":16},{"not_picked":["Pommel Strike+1","Rupture"],"picked":"Armaments+1","floor":18},{"not_picked":["True Grit","Iron Wave+1"],"picked":"Warcry+1","floor":19}],"player_experience":31729,"relics_obtained":[{"floor":4,"key":"Letter Opener"},{"floor":6,"key":"Molten Egg 2"},{"floor":9,"key":"Centennial Puzzle"},{"floor":11,"key":"PreservedInsect"},{"floor":13,"key":"Omamori"}],"event_choices":[{"damage_healed":0,"gold_gain":0,"player_choice":"Take Damage","damage_taken":18,"relics_obtained":["Golden Idol"],"max_hp_gain":0,"max_hp_loss":0,"event_name":"Golden Idol","floor":2,"gold_loss":0},{"damage_healed":0,"gold_gain":0,"player_choice":"Box","damage_taken":0,"relics_obtained":["Strawberry"],"max_hp_gain":0,"max_hp_loss":0,"event_name":"Big Fish","floor":14,"gold_loss":0,"cards_obtained":["Regret"]},{"damage_healed":0,"gold_gain":450,"player_choice":"GOLD GOLD GOLD GOLD GOLD ","damage_taken":48,"max_hp_gain":0,"max_hp_loss":0,"event_name":"Knowing Skull","floor":20,"potions_obtained":[],"gold_loss":0,"cards_obtained":[]}],"is_beta":false,"boss_relics":[{"not_picked":["Runic Pyramid","Lizard Tail"],"picked":"Black Blood"}],"items_purged_floors":[],"is_endless":false,"potions_floor_spawned":[3,5,11,13,19],"killed_by":"Snake Plant","ascension_level":0}