{"gold_per_floor":[115,133,133,143,104,131,206,206,206,217,246,260,278,288,288,288],"floor_reached":16,"playtime":907,"items_purged":[],"score":143,"play_id":"25964d0e-f216-4cc7-b8eb-10f4394c5796","local_time":"20190307172202","is_ascension_mode":true,"campfire_choices":[{"floor":8,"key":"REST"},{"floor":15,"key":"REST"}],"neow_cost":"NONE","seed_source_timestamp":757439003456696,"circlet_count":0,"master_deck":["Defend_G","Defend_G","Defend_G","Defend_G","Defend_G","Strike_G","Strike_G","Strike_G","Strike_G","Strike_G","Survivor","Neutralize","Cloak And Dagger","Cloak And Dagger","Deflect","Footwork","Leg Sweep","Dagger Spray","Backflip","Infinite Blades"],"relics":["Ring of the Snake","Pear","Matryoshka","Bag of Marbles","Potion Belt","Oddly Smooth Stone"],"potions_floor_usage":[1,6,6,6,11,13,16],"damage_taken":[{"damage":4,"enemies":"Small Slimes","floor":1,"turns":3},{"damage":2,"enemies":"Jaw Worm","floor":2,"turns":4},{"damage":3,"enemies":"2 Louse","floor":4,"turns":3},{"damage":39,"enemies":"Lagavulin","floor":6,"turns":15},{"damage":10,"enemies":"Large Slime","floor":10,"turns":10},{"damage":20,"enemies":"3 Sentries","floor":11,"turns":15},{"damage":0,"enemies":"2 Fungi Beasts","floor":12,"turns":4},{"damage":5,"enemies":"Exordium Wildlife","floor":13,"turns":4},{"damage":0,"enemies":"3 Louse","floor":14,"turns":3},{"damage":67,"enemies":"Hexaghost","floor":16,"turns":21}],"seed_played":"-3904802562518191601","potions_obtained":[{"floor":0,"key":"LiquidBronze"},{"floor":0,"key":"Weak Potion"},{"floor":0,"key":"FearPotion"},{"floor":2,"key":"Regen Potion"},{"floor":6,"key":"SkillPotion"},{"floor":11,"key":"Weak Potion"},{"floor":13,"key":"Regen Potion"}],"is_trial":false,"path_per_floor":["M","M","?","M","$","E","?","R","T","M","E","M","M","M","R","B"],"character_chosen":"THE_SILENT","items_purchased":["Footwork"],"campfire_rested":2,"item_purchase_floors":[5],"current_hp_per_floor":[66,64,71,68,68,42,31,55,55,45,25,25,20,20,44,0],"gold":288,"neow_bonus":"THREE_SMALL_POTIONS","is_prod":false,"is_daily":false,"chose_seed":false,"campfire_upgraded":0,"win_rate":0,"timestamp":1552000922,"path_taken":["M","M","?","M","?","E","?","R","T","M","E","M","M","?","R","BOSS"],"build_version":"2019-01-23","purchased_purges":0,"victory":false,"max_hp_per_floor":[70,70,80,80,80,80,80,80,80,80,80,80,80,80,80,80],"card_choices":[{"not_picked":["Flying Knee","Skewer"],"picked":"Cloak And Dagger","floor":1},{"not_picked":["Skewer","Eviscerate"],"picked":"Cloak And Dagger","floor":2},{"not_picked":["Slice","Sucker Punch"],"picked":"Deflect","floor":4},{"not_picked":["Flechettes","Riddle With Holes","Catalyst"],"picked":"SKIP","floor":6},{"not_picked":["Expertise","Flying Knee"],"picked":"Leg Sweep","floor":10},{"not_picked":["Doppelganger","Slice"],"picked":"Dagger Spray","floor":11},{"not_picked":["Prepared","Slice","Flying Knee"],"picked":"SKIP","floor":12},{"not_picked":["Slice","Prepared"],"picked":"Backflip","floor":13},{"not_picked":["PiercingWail","Slice"],"picked":"Infinite Blades","floor":14}],"player_experience":335024,"relics_obtained":[{"floor":6,"key":"Matryoshka"},{"floor":9,"key":"Bag of Marbles"},{"floor":9,"key":"Potion Belt"},{"floor":11,"key":"Oddly Smooth Stone"}],"event_choices":[{"damage_healed":0,"gold_gain":0,"player_choice":"Success","damage_taken":3,"relics_obtained":["Pear"],"max_hp_gain":0,"max_hp_loss":0,"event_name":"Scrap Ooze","floor":3,"gold_loss":0},{"damage_healed":0,"gold_gain":75,"player_choice":"Gather Gold","damage_taken":11,"max_hp_gain":0,"max_hp_loss":0,"event_name":"World of Goop","floor":7,"gold_loss":0}],"is_beta":false,"boss_relics":[],"items_purged_floors":[],"is_endless":false,"potions_floor_spawned":[2,6,11,13],"killed_by":"Hexaghost","ascension_level":5}