{"gold_per_floor":[114,129,304,319,187,187,202,202,232,232,232,232,247,277,277,377,377,392,192,192,207,207,237,252,282,294,306,243,270,282,309,321,433,445,472,134,149,149,164,164,179,179,179,194,194,194,224,239,239,239],"floor_reached":51,"playtime":1223,"items_purged":[],"score":817,"play_id":"4bdf3294-9145-4bb8-b84b-79c647508b50","local_time":"20190501100413","daily_mods":["Draft","Vintage","Night Terrors"],"is_ascension_mode":false,"campfire_choices":[{"data":"Whirlwind","floor":6,"key":"SMITH"},{"data":"Twin Strike","floor":8,"key":"SMITH"},{"data":"Metallicize","floor":12,"key":"SMITH"},{"data":"Metallicize","floor":15,"key":"SMITH"},{"data":"Limit Break","floor":27,"key":"SMITH"},{"data":"Flex","floor":32,"key":"SMITH"},{"data":"Whirlwind","floor":40,"key":"SMITH"},{"data":"Flex","floor":42,"key":"SMITH"},{"data":"J.A.X.","floor":45,"key":"SMITH"},{"data":"Twin Strike","floor":49,"key":"SMITH"}],"neow_cost":"","seed_source_timestamp":0,"circlet_count":0,"master_deck":["Thunderclap","Shrug It Off","Sword Boomerang+1","Rampage","Twin Strike+1","Twin Strike+1","Flex+1","Iron Wave","Shrug It Off+1","Twin Strike+1","Whirlwind+1","Metallicize+1","Shrug It Off+1","Clothesline","Flex+1","Metallicize+1","Limit Break+1","J.A.X.+1","Limit Break+1","Whirlwind+1","Limit Break+1"],"special_seed":18017,"relics":["Burning Blood","Gremlin Horn","Omamori","Darkstone Periapt","Kunai","Tiny Chest","Matryoshka","War Paint","Bronze Scales","Busted Crown","Shuriken","Chemical X","Vajra","Nilry\u0027s Codex","Bottled Lightning","Bag of Marbles","MawBank","Potion Belt","Smiling Mask","Blood Vial","Pantograph","Orrery","Happy Flower","DollysMirror","Oddly Smooth Stone","Ginger","Ornamental Fan","Question Card","Centennial Puzzle","Whetstone","Blue Candle","The Courier","Pear"],"potions_floor_usage":[23],"damage_taken":[{"damage":6,"enemies":"Jaw Worm","floor":1,"turns":3},{"damage":0,"enemies":"2 Louse","floor":2,"turns":1},{"damage":2,"enemies":"Small Slimes","floor":4,"turns":2},{"damage":5,"enemies":"Exordium Wildlife","floor":7,"turns":3},{"damage":7,"enemies":"Looter","floor":13,"turns":2},{"damage":10,"enemies":"Gremlin Nob","floor":14,"turns":5},{"damage":40,"enemies":"Hexaghost","floor":16,"turns":9},{"damage":6,"enemies":"Spheric Guardian","floor":18,"turns":3},{"damage":0,"enemies":"3 Byrds","floor":21,"turns":2},{"damage":0,"enemies":"Gremlin Leader","floor":23,"turns":1},{"damage":8,"enemies":"Snake Plant","floor":24,"turns":3},{"damage":18,"enemies":"Book of Stabbing","floor":25,"turns":3},{"damage":3,"enemies":"Snecko","floor":29,"turns":2},{"damage":0,"enemies":"3 Cultists","floor":31,"turns":1},{"damage":10,"enemies":"Collector","floor":33,"turns":4},{"damage":15,"enemies":"3 Shapes","floor":35,"turns":1},{"damage":0,"enemies":"Orb Walker","floor":37,"turns":1},{"damage":3,"enemies":"Transient","floor":39,"turns":5},{"damage":6,"enemies":"4 Shapes","floor":41,"turns":1},{"damage":9,"enemies":"Sphere and 2 Shapes","floor":44,"turns":2},{"damage":6,"enemies":"Giant Head","floor":47,"turns":4},{"damage":3,"enemies":"3 Darklings","floor":48,"turns":1},{"damage":56,"enemies":"Time Eater","floor":50,"turns":5}],"seed_played":"-5970224170056604862","potions_obtained":[{"floor":1,"key":"SteroidPotion"},{"floor":2,"key":"LiquidBronze"},{"floor":13,"key":"FearPotion"},{"floor":24,"key":"Weak Potion"},{"floor":29,"key":"Weak Potion"},{"floor":31,"key":"GamblersBrew"},{"floor":37,"key":"FairyPotion"}],"is_trial":false,"path_per_floor":["M","M","?","M","$","R","M","R","T","$","T","R","M","E","R","B",null,"M","$","?","M","?","E","M","E","T","R","?","M","?","M","R","B",null,"M","$","M","?","M","R","M","R","T","M","R","$","E","M","R","B",null],"character_chosen":"IRONCLAD","items_purchased":["Flex","Metallicize","Chemical X","DollysMirror","Oddly Smooth Stone"],"campfire_rested":0,"item_purchase_floors":[5,5,19,36,36],"current_hp_per_floor":[80,80,80,80,80,80,80,80,80,80,80,80,79,75,75,41,80,80,80,80,80,64,70,68,56,56,56,56,59,59,67,67,76,80,71,71,79,79,80,80,80,80,80,77,77,77,79,90,90,40],"gold":239,"neow_bonus":"","is_prod":false,"is_daily":true,"chose_seed":false,"campfire_upgraded":10,"win_rate":0,"timestamp":1556723053,"path_taken":["M","M","?","M","$","R","M","R","T","$","?","R","M","E","R","BOSS","M","$","?","M","?","E","M","E","T","R","?","?","?","M","R","BOSS","M","?","M","?","M","R","?","R","T","M","R","$","E","M","R","BOSS"],"build_version":"2019-01-23","purchased_purges":0,"victory":true,"max_hp_per_floor":[80,80,80,80,80,80,80,80,80,80,80,80,80,80,80,80,80,80,80,80,80,80,80,80,80,80,80,80,80,80,80,80,80,80,80,80,80,80,80,80,80,80,80,80,80,80,80,90,90,90],"card_choices":[{"not_picked":["Seeing Red","Body Slam"],"picked":"Thunderclap","floor":0.0},{"not_picked":["Flex","Reckless Charge"],"picked":"Shrug It Off","floor":0.0},{"not_picked":["Blood for Blood","Body Slam"],"picked":"Sword Boomerang","floor":0.0},{"not_picked":["Heavy Blade","Shrug It Off"],"picked":"Rampage","floor":0.0},{"not_picked":["Shockwave","Wild Strike"],"picked":"Twin Strike","floor":0.0},{"not_picked":["Sever Soul","Carnage"],"picked":"Twin Strike","floor":0.0},{"not_picked":["True Grit","Disarm"],"picked":"Flex","floor":0.0},{"not_picked":["Clash","Thunderclap"],"picked":"Iron Wave","floor":0.0},{"not_picked":["Twin Strike","Clash"],"picked":"Shrug It Off","floor":0.0},{"not_picked":["Anger","Feel No Pain"],"picked":"Twin Strike","floor":0.0},{"not_picked":["Sever Soul","Warcry"],"picked":"Whirlwind","floor":0.0},{"not_picked":["Searing Blow","Iron Wave"],"picked":"Metallicize","floor":0.0},{"not_picked":["Perfected Strike","Whirlwind"],"picked":"Ghostly Armor","floor":0.0},{"not_picked":["Headbutt","Sever Soul"],"picked":"Shrug It Off","floor":0.0},{"not_picked":["Perfected Strike","Infernal Blade"],"picked":"Clothesline","floor":0.0},{"not_picked":["Warcry","Second Wind","Power Through"],"picked":"SKIP","floor":14},{"not_picked":["Feed","Fiend Fire"],"picked":"Limit Break","floor":16},{"not_picked":["Infernal Blade+1"],"picked":"SKIP","floor":23},{"not_picked":["Heavy Blade+1"],"picked":"SKIP","floor":25},{"not_picked":[],"picked":"Whirlwind","floor":34},{"not_picked":["Dark Embrace","Sever Soul+1"],"picked":"SKIP","floor":47}],"player_experience":110776,"relics_obtained":[{"floor":1,"key":"Gremlin Horn"},{"floor":2,"key":"Omamori"},{"floor":4,"key":"Darkstone Periapt"},{"floor":7,"key":"Kunai"},{"floor":9,"key":"Tiny Chest"},{"floor":11,"key":"Matryoshka"},{"floor":13,"key":"War Paint"},{"floor":14,"key":"Bronze Scales"},{"floor":18,"key":"Shuriken"},{"floor":21,"key":"Vajra"},{"floor":22,"key":"Nilry\u0027s Codex"},{"floor":23,"key":"Bottled Lightning"},{"floor":24,"key":"Bag of Marbles"},{"floor":25,"key":"MawBank"},{"floor":26,"key":"Potion Belt"},{"floor":26,"key":"Smiling Mask"},{"floor":29,"key":"Blood Vial"},{"floor":31,"key":"Pantograph"},{"floor":35,"key":"Happy Flower"},{"floor":37,"key":"Ginger"},{"floor":39,"key":"Ornamental Fan"},{"floor":41,"key":"Question Card"},{"floor":43,"key":"Centennial Puzzle"},{"floor":43,"key":"Whetstone"},{"floor":44,"key":"Blue Candle"},{"floor":47,"key":"The Courier"},{"floor":48,"key":"Pear"}],"event_choices":[{"damage_healed":0,"gold_gain":175,"player_choice":"AGREE","damage_taken":0,"max_hp_gain":0,"max_hp_loss":0,"event_name":"Liars Game","floor":3,"gold_loss":0,"cards_obtained":["Doubt"]},{"damage_healed":0,"gold_gain":0,"player_choice":"Obtain J.A.X.","damage_taken":0,"max_hp_gain":0,"max_hp_loss":0,"event_name":"Drug Dealer","floor":20,"gold_loss":0,"cards_obtained":["J.A.X."]},{"damage_healed":0,"gold_gain":0,"player_choice":"Obtained Book","damage_taken":16,"max_hp_gain":0,"max_hp_loss":0,"event_name":"Cursed Tome","floor":22,"gold_loss":0},{"cards_removed":["Ghostly Armor"],"damage_healed":0,"gold_gain":0,"player_choice":"Gave Gold","damage_taken":0,"max_hp_gain":0,"max_hp_loss":0,"event_name":"Beggar","floor":28,"gold_loss":75},{"damage_healed":0,"gold_gain":0,"player_choice":"Copied","damage_taken":0,"max_hp_gain":0,"max_hp_loss":0,"event_name":"Duplicator","floor":30,"gold_loss":0,"cards_obtained":["Limit Break"]},{"damage_healed":0,"gold_gain":0,"player_choice":"Ignored","damage_taken":0,"max_hp_gain":0,"max_hp_loss":0,"event_name":"SecretPortal","floor":38,"gold_loss":0}],"is_beta":false,"boss_relics":[{"not_picked":["Tiny House","Empty Cage"],"picked":"Busted Crown"},{"not_picked":["Runic Cube","White Beast Statue"],"picked":"Orrery"}],"items_purged_floors":[],"is_endless":false,"potions_floor_spawned":[1,2,13,18,24,29,31,37,44],"ascension_level":0}