{"path_per_floor":["M","T","M","?","M","R","M","E","T","?","M","R","$","M","R","B",null,"M","?","M","?","M","R","M","M","T","E","R","$","?","M","R","B",null,"M","$","M","M","M","R","E","?","T","R","$","?","M","M","R","B"],"character_chosen":"THE_SILENT","items_purchased":["Toxic Egg 2","Quick Slash","Dexterity Potion","Noxious Fumes","Footwork","Block Potion","Regen Potion","Strength Potion"],"gold_per_floor":[111,111,128,128,145,145,165,190,190,290,309,309,17,37,37,139,139,159,159,176,176,191,191,210,227,251,285,285,165,165,180,180,280,280,290,85,105,122,135,135,163,163,217,217,16,16,32,50,50,50],"floor_reached":51,"campfire_rested":6,"playtime":4749,"current_hp_per_floor":[68,68,68,61,61,61,59,53,53,53,53,53,53,53,77,75,80,78,62,58,58,50,74,72,59,59,55,55,55,40,38,63,64,85,66,66,62,63,43,68,14,14,14,39,39,39,41,40,65,37],"items_purged":["Regret","Writhe"],"gold":50,"score":577,"play_id":"e3770808-b8ef-44c5-8d0b-913821a2fddb","is_prod":false,"is_daily":false,"is_ascension_mode":false,"campfire_upgraded":3,"path_taken":["M","?","M","?","M","R","M","E","T","?","M","R","$","M","R","BOSS","M","?","M","?","M","R","M","?","T","E","R","$","?","M","R","BOSS","M","$","?","M","?","R","E","?","T","R","?","?","?","M","R","BOSS"],"build_version":"2018-02-15-PROD1","purchased_purges":2,"victory":true,"master_deck":["Defend_G","Defend_G","Defend_G","Defend_G","Defend_G","Strike_G","Strike_G","Strike_G","Survivor","Poisoned Stab","Poisoned Stab+1","Bane+1","Quick Slash","Backflip","Burst","Quick Slash","Bane","Doppelganger+1","Footwork+1","Noxious Fumes+1","Terror+1","Backflip+1","Noxious Fumes","Noxious Fumes","Sucker Punch","Clumsy","Backflip+1","Footwork","Footwork","Noxious Fumes+1","Blur+1"],"max_hp_per_floor":[70,70,70,70,70,70,70,80,80,80,80,80,80,80,80,80,80,80,80,80,80,80,80,80,80,80,80,80,80,85,85,85,85,85,85,85,85,85,85,85,85,85,85,85,85,85,85,85,85,85],"relics":["Ring of the Snake","Mercury Hourglass","Oddly Smooth Stone","Pear","Kunai","Toxic Egg 2","Velvet Choker","Nilry\u0027s Codex","Ancient Tea Set","Blood Vial","Calling Bell","Lantern","Toolbox","Anchor","Orichalcum","Snake Skull"],"card_choices":[{"not_picked":["Acrobatics","Eviscerate"],"picked":"Poisoned Stab"},{"not_picked":["Flechettes","Prepared"],"picked":"Poisoned Stab"},{"not_picked":["Outmaneuver","Slice"],"picked":"Bane"},{"not_picked":["Prepared","Acrobatics"],"picked":"Quick Slash"},{"not_picked":["Malaise","Backstab"],"picked":"Backflip"},{"not_picked":["Dagger Throw","Backflip"],"picked":"Burst"},{"not_picked":["Deflect","Quick Slash"],"picked":"Bane"},{"not_picked":["Wraith Form","Glass Knife"],"picked":"Doppelganger"},{"not_picked":["Sucker Punch","Poisoned Stab"],"picked":"Footwork"},{"not_picked":["Sucker Punch","Quick Slash"],"picked":"Noxious Fumes"},{"not_picked":["Riddle With Holes","Blade Dance"],"picked":"Terror"},{"not_picked":["Infinite Blades","Slice"],"picked":"Backflip"},{"not_picked":["Dagger Spray","Bouncing Flask"],"picked":"Noxious Fumes"},{"not_picked":["Predator","Heel Hook"],"picked":"Sucker Punch"},{"not_picked":["Outmaneuver","Slice"],"picked":"Backflip"},{"not_picked":["Flying Knee","Dash"],"picked":"Footwork"},{"not_picked":["Infinite Blades","Well Laid Plans"],"picked":"Noxious Fumes"},{"not_picked":["Unload","Flying Knee"],"picked":"Blur"}],"player_experience":24679,"potions_floor_usage":[24,31,33,33,38,39,41,47,50,50,50],"damage_taken":[{"damage":2,"enemies":"Cultist","floor":1,"turns":6},{"damage":0,"enemies":"Jaw Worm","floor":3,"turns":3},{"damage":0,"enemies":"2 Louse","floor":5,"turns":2},{"damage":2,"enemies":"Exordium Wildlife","floor":7,"turns":3},{"damage":16,"enemies":"Gremlin Nob","floor":8,"turns":4},{"damage":0,"enemies":"Large Slime","floor":11,"turns":4},{"damage":0,"enemies":"Lots of Slimes","floor":14,"turns":3},{"damage":2,"enemies":"Slime Boss","floor":16,"turns":8},{"damage":2,"enemies":"Shell Parasite","floor":18,"turns":4},{"damage":4,"enemies":"Spheric Guardian","floor":20,"turns":4},{"damage":8,"enemies":"Chosen and Byrds","floor":22,"turns":6},{"damage":2,"enemies":"Centurion and Healer","floor":24,"turns":6},{"damage":13,"enemies":"3 Cultists","floor":25,"turns":6},{"damage":4,"enemies":"Gremlin Leader","floor":27,"turns":6},{"damage":4,"enemies":"Snecko","floor":31,"turns":6},{"damage":16,"enemies":"Champ","floor":33,"turns":9},{"damage":19,"enemies":"3 Shapes","floor":35,"turns":5},{"damage":6,"enemies":"Orb Walker","floor":37,"turns":4},{"damage":1,"enemies":"3 Darklings","floor":38,"turns":5},{"damage":22,"enemies":"Sphere and 2 Shapes","floor":39,"turns":6},{"damage":56,"enemies":"Giant Head","floor":41,"turns":8},{"damage":12,"enemies":"4 Shapes","floor":47,"turns":4},{"damage":3,"enemies":"Maw","floor":48,"turns":6},{"damage":45,"enemies":"Donu and Deca","floor":50,"turns":9}],"event_choices":[{"event_name":"Scrap Ooze","player_choice":"success","floor":4,"damage_taken":7},{"event_name":"Golden Shrine","player_choice":"Pray","floor":10,"damage_taken":0},{"event_name":"Cursed Tome","player_choice":"Obtained Book","floor":19,"damage_taken":0},{"event_name":"Back to Basics","player_choice":"Elegance","floor":21,"damage_taken":0},{"event_name":"Forgotten Altar","player_choice":"Shed Blood","floor":30,"damage_taken":0},{"event_name":"Accursed Blacksmith","player_choice":"Ignore","floor":42,"damage_taken":0},{"event_name":"Purifier","player_choice":"One Purge","floor":46,"damage_taken":0}],"boss_relics":[{"not_picked":["Black Star","Ectoplasm"],"picked":"Velvet Choker"},{"not_picked":["Sozu","Philosopher\u0027s Stone"],"picked":"Calling Bell"}],"potions_floor_spawned":[3,7,11,18,22,24,31,37,48],"seed_played":"3043500292569764716","ascension_level":0,"is_trial":false}