{"gold_per_floor":[10,29,41,41,52,52,70,70,122,140,140,172,172,191,191,191],"floor_reached":16,"playtime":1331,"items_purged":[],"score":208,"play_id":"75d28b1e-c4bf-400a-96b7-96fcf6d70515","local_time":"20190917002826","is_ascension_mode":true,"campfire_choices":[{"data":"True Grit","floor":6.0,"key":"SMITH"},{"data":"Body Slam","floor":8.0,"key":"SMITH"},{"data":"Body Slam","floor":13.0,"key":"SMITH"},{"data":"Entrench","floor":15.0,"key":"SMITH"}],"neow_cost":"NO_GOLD","seed_source_timestamp":501529377390999,"circlet_count":0,"master_deck":["AscendersBane","Strike_R","Strike_R+1","Strike_R+1","Defend_R","Defend_R","Defend_R","Defend_R","Bash","True Grit+1","Entrench+1","Iron Wave","Body Slam+1","Body Slam+1"],"special_seed":0,"relics":["Burning Blood","Whetstone","Singing Bowl"],"potions_floor_usage":[16],"damage_taken":[{"damage":6.0,"enemies":"Cultist","floor":1.0,"turns":4.0},{"damage":3.0,"enemies":"2 Louse","floor":2.0,"turns":4.0},{"damage":5.0,"enemies":"Small Slimes","floor":3.0,"turns":3.0},{"damage":20.0,"enemies":"3 Louse","floor":5.0,"turns":7.0},{"damage":8.0,"enemies":"Blue Slaver","floor":7.0,"turns":6.0},{"damage":2.0,"enemies":"Large Slime","floor":10.0,"turns":6.0},{"damage":45.0,"enemies":"Lagavulin","floor":12.0,"turns":10.0},{"damage":3.0,"enemies":"Looter","floor":14.0,"turns":3.0},{"damage":34,"enemies":"The Guardian","floor":16,"turns":11}],"seed_played":"-1896912758418211215","potions_obtained":[{"floor":1.0,"key":"Fire Potion"},{"floor":3.0,"key":"SteroidPotion"},{"floor":12.0,"key":"LiquidBronze"}],"is_trial":false,"path_per_floor":["M","M","M","?","M","R","M","R","T","M","?","E","R","M","R","B"],"character_chosen":"IRONCLAD","items_purchased":[],"campfire_rested":0,"item_purchase_floors":[],"current_hp_per_floor":[68,71,72,77,63,63,61,61,61,65,65,26,26,31,31,0],"gold":191,"neow_bonus":"REMOVE_TWO","is_prod":false,"is_daily":false,"chose_seed":false,"campfire_upgraded":4,"win_rate":0,"timestamp":1568698106,"path_taken":["M","?","M","?","M","R","M","R","T","M","?","E","R","M","R","BOSS"],"build_version":"2019-07-17","purchased_purges":0,"victory":false,"max_hp_per_floor":[75,75,75,80,80,80,80,80,80,80,80,80,80,82,82,82],"card_choices":[{"not_picked":["Second Wind","Carnage"],"picked":"True Grit","floor":1.0},{"not_picked":["Anger","Power Through"],"picked":"Entrench","floor":2.0},{"not_picked":["Flex","Bloodletting","Wild Strike"],"picked":"SKIP","floor":3.0},{"not_picked":["Thunderclap","Combust"],"picked":"Iron Wave","floor":5.0},{"not_picked":["Shrug It Off","Thunderclap"],"picked":"Body Slam","floor":7.0},{"not_picked":["Twin Strike","Feel No Pain","Cleave"],"picked":"SKIP","floor":10.0},{"not_picked":["Cleave","Shockwave"],"picked":"Body Slam","floor":12.0},{"not_picked":["Metallicize","Headbutt","Twin Strike"],"picked":"Singing Bowl","floor":14.0}],"player_experience":1305139,"relics_obtained":[{"floor":9.0,"key":"Whetstone"},{"floor":12.0,"key":"Singing Bowl"}],"event_choices":[{"damage_healed":0.0,"max_hp_gain":5.0,"max_hp_loss":0.0,"gold_gain":0.0,"event_name":"Big Fish","player_choice":"Donut","floor":4.0,"gold_loss":0.0,"damage_taken":0.0},{"damage_healed":0.0,"max_hp_gain":0.0,"max_hp_loss":0.0,"gold_gain":0.0,"event_name":"Liars Game","player_choice":"Ignored","floor":11.0,"gold_loss":0.0,"damage_taken":0.0}],"is_beta":false,"boss_relics":[],"items_purged_floors":[],"is_endless":false,"potions_floor_spawned":[1,3,12],"killed_by":"The Guardian","ascension_level":20}