{"gold_per_floor":[117,134,134,134,27,62,75,75,75,75,86,86,119,129,129,228,228,242,255,255,255],"floor_reached":21,"playtime":581,"items_purged":[],"score":214,"play_id":"a93cd79c-da59-4ac6-96a5-14c74c3ab997","local_time":"20190425143845","is_ascension_mode":false,"campfire_choices":[{"data":"Loop","floor":8,"key":"SMITH"},{"data":"Hologram","floor":12,"key":"SMITH"},{"floor":15,"key":"REST"}],"neow_cost":"NONE","seed_source_timestamp":129759329340943,"circlet_count":0,"master_deck":["Zap","Dualcast","Melter","Cold Snap","Defragment","Fusion","Beam Cell","Loop+1","Hologram+1","Capacitor","Leap","Electrodynamics","Gash","White Noise","Beam Cell","Conserve Battery","Hyperbeam","All For One","Amplify","Stack","Streamline"],"relics":["Cracked Core","NeowsBlessing","Gremlin Horn","Question Card","Mercury Hourglass","FaceOfCleric","Pocketwatch","Pandora\u0027s Box"],"potions_floor_usage":[],"damage_taken":[{"damage":0,"enemies":"Small Slimes","floor":1,"turns":1},{"damage":0,"enemies":"2 Louse","floor":2,"turns":1},{"damage":0,"enemies":"3 Sentries","floor":6,"turns":1},{"damage":1,"enemies":"Cultist","floor":7,"turns":4},{"damage":6,"enemies":"2 Fungi Beasts","floor":11,"turns":3},{"damage":31,"enemies":"Gremlin Nob","floor":13,"turns":4},{"damage":9,"enemies":"Looter","floor":14,"turns":4},{"damage":27,"enemies":"Slime Boss","floor":16,"turns":8},{"damage":10,"enemies":"Spheric Guardian","floor":18,"turns":3},{"damage":23,"enemies":"Shell Parasite","floor":19,"turns":4},{"damage":38,"enemies":"Snake Plant","floor":21,"turns":2}],"seed_played":"-2993186215855275938","potions_obtained":[{"floor":2,"key":"AttackPotion"},{"floor":11,"key":"GamblersBrew"},{"floor":16,"key":"Swift Potion"},{"floor":18,"key":"Swift Potion"},{"floor":19,"key":"FocusPotion"}],"is_trial":false,"path_per_floor":["M","M","$","?","$","E","M","R","T","?","M","R","E","M","R","B",null,"M","M","?","M"],"character_chosen":"DEFECT","items_purchased":["Defragment","Fusion"],"campfire_rested":1,"item_purchase_floors":[5,5],"current_hp_per_floor":[75,75,75,72,72,72,71,71,71,71,66,66,36,28,51,25,79,70,48,33,0],"gold":255,"neow_bonus":"THREE_ENEMY_KILL","is_prod":false,"is_daily":false,"chose_seed":false,"campfire_upgraded":2,"win_rate":0.0,"timestamp":1556221125,"path_taken":["M","M","$","?","$","E","M","R","T","?","?","R","E","M","R","BOSS","M","M","?","M"],"build_version":"2019-01-23","purchased_purges":0,"victory":false,"max_hp_per_floor":[75,75,75,75,75,75,75,75,75,75,76,76,77,78,78,79,79,80,81,86,86],"card_choices":[{"not_picked":["Sweeping Beam","Darkness"],"picked":"Melter","floor":1},{"not_picked":["Barrage","Beam Cell"],"picked":"Cold Snap","floor":2},{"not_picked":["Biased Cognition","Turbo"],"picked":"Beam Cell","floor":6},{"not_picked":["Barrage","Defragment","Hologram"],"picked":"Loop","floor":7},{"not_picked":["Sweeping Beam","Chill","Turbo"],"picked":"Hologram","floor":11},{"not_picked":["Rebound","Chaos","Streamline"],"picked":"Capacitor","floor":13},{"not_picked":["Skim","Storm","Melter"],"picked":"Leap","floor":14},{"not_picked":["Rainbow","Buffer","Core Surge"],"picked":"Electrodynamics","floor":16},{"not_picked":["Beam Cell","Tempest","Compile Driver","Heatsinks"],"picked":"SKIP","floor":18},{"not_picked":["Steam Power+1","Turbo","Beam Cell"],"picked":"Streamline","floor":19}],"player_experience":79743,"relics_obtained":[{"floor":6,"key":"Question Card"},{"floor":9,"key":"Mercury Hourglass"},{"floor":13,"key":"Pocketwatch"}],"event_choices":[{"damage_healed":0,"gold_gain":0,"player_choice":"Success","damage_taken":3,"relics_obtained":["Gremlin Horn"],"max_hp_gain":0,"max_hp_loss":0,"event_name":"Scrap Ooze","floor":4,"gold_loss":0},{"damage_healed":0,"gold_gain":0,"player_choice":"Trade","damage_taken":0,"relics_obtained":["FaceOfCleric"],"max_hp_gain":0,"max_hp_loss":0,"event_name":"FaceTrader","floor":10,"gold_loss":0},{"damage_healed":0,"gold_gain":0,"player_choice":"Shed Blood","damage_taken":20,"max_hp_gain":5,"max_hp_loss":0,"event_name":"Forgotten Altar","floor":20,"gold_loss":0}],"is_beta":false,"boss_relics":[{"not_picked":["White Beast Statue","Cursed Key"],"picked":"Pandora\u0027s Box"}],"items_purged_floors":[],"is_endless":false,"potions_floor_spawned":[2,11,16,18,19],"killed_by":"Snake Plant","ascension_level":0}