{"gold_per_floor":[116,133,133,133,56,56,131,131,131,161,161,174,51,51],"floor_reached":14,"playtime":670,"items_purged":[],"score":111,"play_id":"5458bd76-a3d3-4b08-9456-2c69f3625560","local_time":"20190106173103","is_ascension_mode":false,"campfire_choices":[{"data":"Flame Barrier","floor":6,"key":"SMITH"},{"data":"Dual Wield","floor":11,"key":"SMITH"}],"neow_cost":"NONE","seed_source_timestamp":97965050673885,"circlet_count":0,"master_deck":["Strike_R","Strike_R","Strike_R","Strike_R+1","Strike_R","Defend_R","Defend_R","Defend_R+1","Defend_R","Bash","Iron Wave","Shockwave","Flame Barrier+1","Dual Wield+1","Feed","Bloodletting","Warcry"],"relics":["Burning Blood","Regal Pillow","Frozen Egg 2","Strawberry"],"potions_floor_usage":[],"damage_taken":[{"damage":6,"enemies":"Cultist","floor":1,"turns":3},{"damage":3,"enemies":"Small Slimes","floor":2,"turns":4},{"damage":19,"enemies":"3 Sentries","floor":10,"turns":10},{"damage":0,"enemies":"2 Louse","floor":12,"turns":2},{"damage":61,"enemies":"Lagavulin","floor":14,"turns":10}],"seed_played":"-5793603882423103420","potions_obtained":[],"is_trial":false,"path_per_floor":["M","M","?","?","$","R","?","?","T","E","R","M","$","E"],"character_chosen":"IRONCLAD","items_purchased":["Flame Barrier","Bloodletting","Warcry"],"campfire_rested":0,"item_purchase_floors":[5,13,13],"current_hp_per_floor":[88,88,88,70,70,70,59,59,59,53,53,59,59,0],"gold":51,"neow_bonus":"TEN_PERCENT_HP_BONUS","is_prod":false,"is_daily":false,"chose_seed":false,"campfire_upgraded":2,"win_rate":0.0,"timestamp":1546813863,"path_taken":["M","?","?","?","?","R","?","?","T","E","R","?","$","E"],"build_version":"2019-01-03v4","purchased_purges":0,"victory":false,"max_hp_per_floor":[88,88,88,88,88,88,88,88,88,95,95,95,95,95],"card_choices":[{"not_picked":["Clash","Intimidate"],"picked":"Iron Wave","floor":1},{"not_picked":["Sword Boomerang","Perfected Strike"],"picked":"Shockwave","floor":2},{"not_picked":["Cleave","Metallicize+1"],"picked":"Dual Wield","floor":10},{"not_picked":["Anger","Pummel"],"picked":"Feed","floor":12}],"player_experience":4032,"relics_obtained":[{"floor":9,"key":"Frozen Egg 2"},{"floor":10,"key":"Strawberry"}],"event_choices":[{"damage_healed":0,"gold_gain":0,"player_choice":"Box","damage_taken":0,"relics_obtained":["Regal Pillow"],"max_hp_gain":0,"max_hp_loss":0,"event_name":"Big Fish","floor":3,"gold_loss":0,"cards_obtained":["Regret"]},{"damage_healed":0,"gold_gain":0,"player_choice":"Entered Light","damage_taken":18,"max_hp_gain":0,"max_hp_loss":0,"event_name":"Shining Light","floor":4,"gold_loss":0,"cards_upgraded":["Defend_R","Strike_R"]},{"damage_healed":0,"gold_gain":75,"player_choice":"Gather Gold","damage_taken":11,"max_hp_gain":0,"max_hp_loss":0,"event_name":"World of Goop","floor":7,"gold_loss":0},{"cards_removed":["Regret"],"damage_healed":0,"gold_gain":0,"player_choice":"Purged","damage_taken":0,"max_hp_gain":0,"max_hp_loss":0,"event_name":"Purifier","floor":8,"gold_loss":0}],"is_beta":false,"boss_relics":[],"items_purged_floors":[],"is_endless":false,"potions_floor_spawned":[],"killed_by":"Lagavulin","ascension_level":0}