{"gold_per_floor":[115,125,135,210,82,82,111,123,172,172,172,189,189,199,199,300,300,315,315,329,329,329,329,170,170,194,207,107,107,126,1,1,103,103,115,115,63,78,78,78,90,90,90,90,106,106,106],"floor_reached":47,"playtime":2532,"items_purged":["Strike_G","Strike_G","Strike_G"],"score":448,"play_id":"cdced48f-3a9a-4aae-bde9-d27f737ba112","local_time":"20190512215108","is_ascension_mode":false,"campfire_choices":[{"data":"Noxious Fumes","floor":6.0,"key":"SMITH"},{"data":"Adrenaline","floor":10.0,"key":"SMITH"},{"data":"Noxious Fumes","floor":13.0,"key":"SMITH"},{"data":"Noxious Fumes","floor":15.0,"key":"SMITH"},{"floor":23.0,"key":"REST"},{"data":"Leg Sweep","floor":25.0,"key":"SMITH"},{"floor":32.0,"key":"REST"},{"data":"Envenom","floor":40,"key":"SMITH"},{"floor":42,"key":"REST"}],"neow_cost":"NONE","seed_source_timestamp":0,"circlet_count":0,"master_deck":["Defend_G","Defend_G","Defend_G","Defend_G","Defend_G","Strike_G","Survivor","Neutralize","Dodge and Roll","Adrenaline+1","Caltrops","Noxious Fumes+1","Acrobatics","Cloak And Dagger","Backflip","Noxious Fumes+1","Noxious Fumes+1","Corpse Explosion","Well Laid Plans+1","Backstab","Leg Sweep+1","PiercingWail","Envenom+1","Tactician+1","PiercingWail","Bane+1","Deadly Poison+1","Leg Sweep+1"],"special_seed":0,"relics":["Sozu"],"potions_floor_usage":[],"damage_taken":[{"damage":0.0,"enemies":"Small Slimes","floor":1.0,"turns":4.0},{"damage":0.0,"enemies":"2 Louse","floor":2.0,"turns":4.0},{"damage":0.0,"enemies":"Jaw Worm","floor":3.0,"turns":5.0},{"damage":0.0,"enemies":"3 Sentries","floor":7.0,"turns":6.0},{"damage":5.0,"enemies":"3 Louse","floor":8.0,"turns":3.0},{"damage":1.0,"enemies":"Looter","floor":12.0,"turns":3.0},{"damage":1.0,"enemies":"2 Fungi Beasts","floor":14.0,"turns":4.0},{"damage":16.0,"enemies":"Slime Boss","floor":16.0,"turns":9.0},{"damage":20.0,"enemies":"Shell Parasite","floor":18.0,"turns":6.0},{"damage":8.0,"enemies":"Spheric Guardian","floor":20.0,"turns":5.0},{"damage":10.0,"enemies":"Centurion and Healer","floor":27.0,"turns":6.0},{"damage":10.0,"enemies":"Snake Plant","floor":30.0,"turns":5.0},{"damage":9.0,"enemies":"Automaton","floor":33.0,"turns":10.0},{"damage":13,"enemies":"Orb Walker","floor":35,"turns":6},{"damage":13,"enemies":"3 Shapes","floor":38,"turns":5},{"damage":45,"enemies":"Transient","floor":41,"turns":5},{"damage":0,"enemies":"3 Darklings","floor":45,"turns":4},{"damage":39,"enemies":"Spire Growth","floor":47,"turns":5}],"seed_played":"1008696082376715872","potions_obtained":[],"is_trial":false,"path_per_floor":["M","M","M","?","$","R","E","M","T","R","?","M","R","M","R","B",null,"M","?","M","?","?","R","$","R","T","M","$","?","M","$","R","B",null,"M","?","$","M","?","R","M","R","T","?","M","$","M"],"character_chosen":"THE_SILENT","items_purchased":["Noxious Fumes","Acrobatics","Leg Sweep","PiercingWail","PiercingWail"],"campfire_rested":3,"item_purchase_floors":[5,5,24,24,37],"current_hp_per_floor":[70,70,70,59,59,59,59,54,54,54,59,58,58,57,57,41,75,55,41,33,33,33,57,57,57,57,47,47,47,37,37,61,52,80,67,67,67,54,54,54,9,33,33,33,33,33,0],"gold":106,"neow_bonus":"BOSS_RELIC","is_prod":false,"is_daily":false,"chose_seed":false,"campfire_upgraded":6,"win_rate":0,"timestamp":1557723068,"path_taken":["M","M","M","?","$","R","E","M","T","R","?","M","R","M","R","BOSS","M","?","M","?","?","R","?","R","T","M","$","?","?","$","R","BOSS","M","?","$","M","?","R","M","R","T","?","?","$","M"],"build_version":"2019-01-23","purchased_purges":3,"victory":false,"max_hp_per_floor":[70,70,70,70,70,70,70,70,70,70,75,75,75,75,75,75,75,75,80,80,80,80,80,80,80,80,80,80,80,80,80,80,80,80,80,80,80,80,80,80,80,80,80,80,80,80,80],"card_choices":[{"not_picked":["Deflect","Underhanded Strike"],"picked":"Dodge and Roll","floor":1.0},{"not_picked":["Quick Slash","Slice"],"picked":"Adrenaline","floor":2.0},{"not_picked":["Deadly Poison","Underhanded Strike"],"picked":"Caltrops","floor":3.0},{"not_picked":["Dagger Throw","Bullet Time"],"picked":"Cloak And Dagger","floor":7.0},{"not_picked":["Flying Knee","Bane"],"picked":"Backflip","floor":8.0},{"not_picked":["Prepared","Riddle With Holes"],"picked":"Noxious Fumes","floor":12.0},{"not_picked":["Cloak And Dagger","Dagger Spray"],"picked":"Noxious Fumes","floor":14.0},{"not_picked":["Malaise","Burst"],"picked":"Corpse Explosion","floor":16.0},{"not_picked":["Backstab","PiercingWail"],"picked":"Well Laid Plans+1","floor":18.0},{"not_picked":["Outmaneuver","Slice+1"],"picked":"Backstab","floor":20.0},{"not_picked":["Sucker Punch","PiercingWail","Prepared"],"picked":"SKIP","floor":27.0},{"not_picked":["Outmaneuver","Setup","Riddle With Holes+1"],"picked":"SKIP","floor":30.0},{"not_picked":["Unload","Storm of Steel"],"picked":"Envenom","floor":33.0},{"not_picked":["Slice","Caltrops+1"],"picked":"Tactician+1","floor":35},{"not_picked":["Bouncing Flask","Outmaneuver"],"picked":"Bane+1","floor":38},{"not_picked":["Flying Knee+1","Skewer"],"picked":"Deadly Poison+1","floor":41},{"not_picked":["Quick Slash+1","Bane"],"picked":"Leg Sweep+1","floor":45}],"player_experience":486957,"relics_obtained":[],"event_choices":[{"damage_healed":0.0,"max_hp_gain":0.0,"max_hp_loss":0.0,"gold_gain":75.0,"event_name":"World of Goop","player_choice":"Gather Gold","floor":4.0,"gold_loss":0.0,"damage_taken":11.0},{"damage_healed":0.0,"max_hp_gain":5.0,"max_hp_loss":0.0,"gold_gain":0.0,"event_name":"Big Fish","player_choice":"Donut","floor":11.0,"gold_loss":0.0,"damage_taken":0.0},{"damage_healed":0.0,"max_hp_gain":5.0,"max_hp_loss":0.0,"gold_gain":0.0,"event_name":"Forgotten Altar","player_choice":"Shed Blood","floor":19.0,"gold_loss":0.0,"damage_taken":19.0},{"damage_healed":0.0,"max_hp_gain":0.0,"max_hp_loss":0.0,"gold_gain":0.0,"event_name":"Cursed Tome","player_choice":"Ignored","floor":22.0,"gold_loss":0.0,"damage_taken":0.0},{"damage_healed":0.0,"max_hp_gain":0.0,"max_hp_loss":0.0,"gold_gain":0.0,"event_name":"Ghosts","player_choice":"Ignored","floor":29.0,"gold_loss":0.0,"damage_taken":0.0},{"damage_healed":0,"gold_gain":0,"player_choice":"Ignored","damage_taken":0,"max_hp_gain":0,"max_hp_loss":0,"event_name":"Mysterious Sphere","floor":36,"gold_loss":0},{"damage_healed":0,"gold_gain":0,"player_choice":"Ignored","damage_taken":0,"max_hp_gain":0,"max_hp_loss":0,"event_name":"Tomb of Lord Red Mask","floor":39,"gold_loss":0},{"cards_removed":["Strike_G"],"damage_healed":0,"gold_gain":0,"player_choice":"Removed Attack","damage_taken":0,"max_hp_gain":0,"max_hp_loss":0,"event_name":"Falling","floor":44,"gold_loss":0}],"is_beta":false,"boss_relics":[{"not_picked":["Calling Bell","Coffee Dripper","Velvet Choker"]},{"not_picked":[]}],"items_purged_floors":[24,28,31],"is_endless":false,"potions_floor_spawned":[3,7,8,12,18,30,35],"killed_by":"Spire Growth","ascension_level":0}