{"gold_per_floor":[110,122,297,297,307,340,359,359,359,359],"floor_reached":10,"playtime":848,"items_purged":[],"score":68,"play_id":"d3f614b7-2f02-428b-af67-e19ff4c08018","local_time":"20190116220634","is_ascension_mode":false,"campfire_choices":[],"neow_cost":"NONE","seed_source_timestamp":978303269315154,"circlet_count":0,"master_deck":["Strike_B","Strike_B","Strike_B","Strike_B","Defend_B","Defend_B","Defend_B","Zap","Dualcast","Go for the Eyes","Static Discharge","Genetic Algorithm","Doubt","Regret","Gash","Hologram","Chaos"],"relics":["Cracked Core","Bag of Marbles","Molten Egg 2","Mummified Hand"],"potions_floor_usage":[10],"damage_taken":[{"damage":0,"enemies":"2 Louse","floor":1,"turns":2},{"damage":1,"enemies":"Cultist","floor":2,"turns":3},{"damage":4,"enemies":"Small Slimes","floor":5,"turns":3},{"damage":28,"enemies":"Lagavulin","floor":6,"turns":6},{"damage":8,"enemies":"3 Louse","floor":7,"turns":4},{"damage":40,"enemies":"Gremlin Nob","floor":10,"turns":4}],"seed_played":"-8387010184681896423","potions_obtained":[{"floor":7,"key":"PowerPotion"}],"is_trial":false,"path_per_floor":["M","M","?","?","M","E","M","?","T","E"],"character_chosen":"DEFECT","items_purchased":[],"campfire_rested":0,"item_purchase_floors":[],"current_hp_per_floor":[75,74,74,74,70,42,34,34,34,0],"gold":359,"neow_bonus":"TRANSFORM_CARD","is_prod":false,"is_daily":false,"chose_seed":false,"campfire_upgraded":0,"win_rate":0.0,"timestamp":1547694394,"path_taken":["M","M","?","?","M","E","M","?","T","E"],"build_version":"2019-01-10","purchased_purges":0,"victory":false,"max_hp_per_floor":[75,75,75,75,75,75,75,75,75,75],"card_choices":[{"not_picked":["Compile Driver","Go for the Eyes"],"picked":"Static Discharge","floor":1},{"not_picked":["Cold Snap","Streamline"],"picked":"Genetic Algorithm","floor":2},{"not_picked":["Steam Power","Rebound"],"picked":"Gash","floor":5},{"not_picked":["BootSequence","Rebound"],"picked":"Capacitor","floor":6},{"not_picked":["Compile Driver+1","Ball Lightning+1"],"picked":"Hologram","floor":7}],"player_experience":58435,"relics_obtained":[{"floor":6,"key":"Molten Egg 2"},{"floor":9,"key":"Mummified Hand"}],"event_choices":[{"damage_healed":0,"gold_gain":175,"player_choice":"AGREE","damage_taken":0,"max_hp_gain":0,"max_hp_loss":0,"event_name":"Liars Game","floor":3,"gold_loss":0,"cards_obtained":["Doubt"]},{"damage_healed":0,"gold_gain":0,"player_choice":"Box","damage_taken":0,"relics_obtained":["Bag of Marbles"],"max_hp_gain":0,"max_hp_loss":0,"event_name":"Big Fish","floor":4,"gold_loss":0,"cards_obtained":["Regret"]},{"damage_healed":0,"gold_gain":0,"cards_transformed":["Capacitor"],"player_choice":"Transformed","damage_taken":0,"max_hp_gain":0,"max_hp_loss":0,"event_name":"Transmorgrifier","floor":8,"gold_loss":0,"cards_obtained":["Chaos"]}],"is_beta":false,"boss_relics":[],"items_purged_floors":[],"is_endless":false,"potions_floor_spawned":[7],"killed_by":"Gremlin Nob","ascension_level":0}