{"gold_per_floor":[118,137,154,180,198,198,224,243,543,543,569,582,15,14,14,112,112,124,124,142,160,160,192,192,224,224,224,254,266,181,196,196,298,298,317,330,346,364,364,398,416,443,466,73,102,113,79,179,179,179,179,179,31,63,63],"floor_reached":56,"playtime":5220,"items_purged":["Strike_R"],"score":1568,"play_id":"ddcd8236-4526-4300-8289-cce3ce3397c0","local_time":"20190517162438","is_ascension_mode":true,"campfire_choices":[{"data":"Corruption","floor":6,"key":"SMITH"},{"data":"True Grit","floor":10,"key":"SMITH"},{"data":"Flame Barrier","floor":15,"key":"SMITH"},{"data":"Armaments","floor":24,"key":"SMITH"},{"data":"Armaments","floor":27,"key":"SMITH"},{"data":"Inflame","floor":32,"key":"SMITH"},{"floor":49,"key":"RECALL"},{"floor":52,"key":"DIG"}],"neow_cost":"NONE","seed_source_timestamp":18610794312600,"circlet_count":0,"master_deck":["Defend_R","Defend_R","Defend_R","Defend_R","Bash","Corruption+1","True Grit+1","Battle Trance","Flame Barrier+1","Bloodletting","Disarm","Metallicize","Barricade","Clash","Immolate","Armaments+1","Panacea","Combust+1","Fire Breathing","Bite","Bite","Bite","Bite","Bite","Armaments+1","Inflame+1","Ghostly Armor","Sentinel+1","Armaments+1","Demon Form","Feel No Pain","Cleave+1","Feel No Pain","Fire Breathing","Apotheosis","Mind Blast+1","Fiend Fire+1","Uppercut+1","Headbutt+1","Body Slam+1","Sentinel","Shrug It Off","Rage+1"],"relics":["Burning Blood","Bird Faced Urn","Old Coin","Mummified Hand","Medical Kit","Matryoshka","Snecko Eye","Paper Frog","Dodecahedron","Centennial Puzzle","Pen Nib","Shovel","Molten Egg 2","Sozu","Ornamental Fan","Art of War","Boot","Bottled Lightning","Bronze Scales","Juzu Bracelet","StoneCalendar","Blue Candle","Bag of Marbles","Bottled Flame"],"potions_floor_usage":[1,7,7,11,16,18,23,55,55,55],"damage_taken":[{"damage":6,"enemies":"Cultist","floor":1,"turns":3},{"damage":11,"enemies":"Small Slimes","floor":2,"turns":6},{"damage":1,"enemies":"2 Louse","floor":3,"turns":3},{"damage":15,"enemies":"Looter","floor":5,"turns":3},{"damage":16,"enemies":"Lagavulin","floor":7,"turns":9},{"damage":13,"enemies":"2 Fungi Beasts","floor":8,"turns":5},{"damage":47,"enemies":"Gremlin Nob","floor":11,"turns":5},{"damage":6,"enemies":"Blue Slaver","floor":12,"turns":5},{"damage":8,"enemies":"Exordium Thugs","floor":14,"turns":5},{"damage":36,"enemies":"Slime Boss","floor":16,"turns":12},{"damage":9,"enemies":"Spheric Guardian","floor":18,"turns":4},{"damage":0,"enemies":"Shell Parasite","floor":20,"turns":4},{"damage":22,"enemies":"Centurion and Healer","floor":21,"turns":7},{"damage":29,"enemies":"Gremlin Leader","floor":23,"turns":7},{"damage":35,"enemies":"Slavers","floor":25,"turns":6},{"damage":26,"enemies":"Book of Stabbing","floor":28,"turns":6},{"damage":10,"enemies":"Cultist and Chosen","floor":29,"turns":6},{"damage":7,"enemies":"Chosen and Byrds","floor":31,"turns":4},{"damage":9,"enemies":"Collector","floor":33,"turns":6},{"damage":2,"enemies":"3 Darklings","floor":35,"turns":6},{"damage":2,"enemies":"3 Shapes","floor":36,"turns":2},{"damage":14,"enemies":"3 Darklings","floor":37,"turns":5},{"damage":18,"enemies":"Transient","floor":38,"turns":5},{"damage":18,"enemies":"Giant Head","floor":40,"turns":6},{"damage":4,"enemies":"4 Shapes","floor":41,"turns":1},{"damage":10,"enemies":"Nemesis","floor":42,"turns":7},{"damage":1,"enemies":"Giant Head","floor":45,"turns":4},{"damage":3,"enemies":"Spire Growth","floor":46,"turns":3},{"damage":12,"enemies":"Mind Bloom Boss Battle","floor":48,"turns":4},{"damage":48,"enemies":"Time Eater","floor":50,"turns":9},{"damage":46,"enemies":"Shield and Spear","floor":54,"turns":5},{"damage":30,"enemies":"The Heart","floor":55,"turns":7}],"seed_played":"4668181343840728458","potions_obtained":[{"floor":0,"key":"Fruit Juice"},{"floor":0,"key":"Block Potion"},{"floor":0,"key":"Energy Potion"},{"floor":1,"key":"FearPotion"},{"floor":11,"key":"GamblersBrew"},{"floor":12,"key":"Dexterity Potion"},{"floor":16,"key":"SpeedPotion"},{"floor":18,"key":"FearPotion"},{"floor":31,"key":"GamblersBrew"}],"is_trial":false,"path_per_floor":["M","M","M","T","M","R","E","M","T","R","E","M","$","M","R","B",null,"M","?","M","M","?","E","R","E","T","R","E","M","?","M","R","B",null,"M","M","M","M","?","E","M","E","T","$","E","M","$","?","R","B",null,"R","$","E","B",null],"character_chosen":"IRONCLAD","items_purchased":["Medical Kit","Fire Potion","Matryoshka","Bottled Lightning","Bronze Scales","Sentinel","Bag of Marbles"],"campfire_rested":0,"item_purchase_floors":[13,13,13,44,44,47,53],"current_hp_per_floor":[85,80,85,85,76,76,68,65,65,65,28,34,34,38,38,16,85,84,84,85,73,73,84,84,70,70,70,77,85,85,85,85,85,85,85,85,85,85,75,85,85,85,85,85,85,85,85,83,83,64,85,85,85,71,82],"gold":63,"neow_bonus":"THREE_SMALL_POTIONS","is_prod":false,"is_daily":false,"chose_seed":false,"campfire_upgraded":6,"win_rate":0,"timestamp":1558090478,"path_taken":["M","M","M","?","M","R","E","M","T","R","E","M","$","?","R","BOSS","M","?","?","M","?","E","R","E","T","R","E","M","?","M","R","BOSS","M","M","M","M","?","E","M","E","T","$","E","M","$","?","R","BOSS","R","$","E","BOSS"],"build_version":"2019-01-23","purchased_purges":1,"victory":true,"max_hp_per_floor":[85,85,85,85,85,85,85,85,85,85,85,85,85,85,85,85,85,85,85,85,85,85,85,85,85,85,85,85,85,85,85,85,85,85,85,85,85,85,85,85,85,85,85,85,85,85,85,85,85,85,85,85,85,85,85],"card_choices":[{"not_picked":["Perfected Strike","Heavy Blade"],"picked":"Corruption","floor":1},{"not_picked":["Reckless Charge","Thunderclap"],"picked":"True Grit","floor":2},{"not_picked":["Wild Strike","Armaments"],"picked":"Battle Trance","floor":3},{"not_picked":["Fiend Fire","Havoc"],"picked":"Flame Barrier","floor":5},{"not_picked":["Thunderclap","Headbutt"],"picked":"Bloodletting","floor":7},{"not_picked":["Armaments","Sword Boomerang"],"picked":"Disarm","floor":8},{"not_picked":["Bloodletting","Dropkick"],"picked":"Metallicize","floor":11},{"not_picked":["Warcry","Perfected Strike"],"picked":"Barricade","floor":12},{"not_picked":["Pommel Strike","Sword Boomerang"],"picked":"Clash","floor":14},{"not_picked":["Limit Break","Feed"],"picked":"Immolate","floor":16},{"not_picked":["Flex","Iron Wave"],"picked":"Armaments","floor":18},{"not_picked":["Rupture+1","Perfected Strike"],"picked":"Combust+1","floor":20},{"not_picked":["Second Wind","Sword Boomerang"],"picked":"Fire Breathing","floor":21},{"not_picked":["Brutality","Shrug It Off"],"picked":"Armaments","floor":23},{"not_picked":["Fire Breathing+1","Flex"],"picked":"Inflame","floor":25},{"not_picked":["Sword Boomerang+1","Havoc"],"picked":"Ghostly Armor","floor":28},{"not_picked":["Sword Boomerang+1","Clash"],"picked":"Sentinel+1","floor":29},{"not_picked":["Clothesline+1","Warcry"],"picked":"Armaments+1","floor":31},{"not_picked":["Brutality","Limit Break"],"picked":"Demon Form","floor":33},{"not_picked":["Reckless Charge+1","Cleave+1"],"picked":"Feel No Pain","floor":35},{"not_picked":["Armaments","Twin Strike+1"],"picked":"Cleave+1","floor":36},{"not_picked":["Anger+1","Headbutt+1"],"picked":"Feel No Pain","floor":37},{"not_picked":["Shrug It Off","Reaper+1"],"picked":"Fire Breathing","floor":38},{"not_picked":["Flash of Steel+1","Swift Strike+1"],"picked":"Apotheosis","floor":39},{"not_picked":["Dramatic Entrance+1","Finesse"],"picked":"Mind Blast+1","floor":39},{"not_picked":["Thunderclap+1","Cleave+1"],"picked":"Fiend Fire+1","floor":40},{"not_picked":["Rupture+1","Clash+1"],"picked":"Uppercut+1","floor":41},{"not_picked":["Flex","Clash+1"],"picked":"Headbutt+1","floor":42},{"not_picked":["Fire Breathing","Perfected Strike+1","Twin Strike+1"],"picked":"SKIP","floor":45},{"not_picked":["Wild Strike+1","Inflame"],"picked":"Body Slam+1","floor":46},{"not_picked":["Intimidate+1","Wild Strike+1"],"picked":"Shrug It Off","floor":48},{"not_picked":["Cleave+1","Pommel Strike+1"],"picked":"Rage+1","floor":54}],"player_experience":195395,"relics_obtained":[{"floor":4,"key":"Blood Vial"},{"floor":7,"key":"Bird Faced Urn"},{"floor":9,"key":"Old Coin"},{"floor":11,"key":"Mummified Hand"},{"floor":23,"key":"Paper Frog"},{"floor":25,"key":"Dodecahedron"},{"floor":26,"key":"Centennial Puzzle"},{"floor":26,"key":"Pen Nib"},{"floor":28,"key":"Shovel"},{"floor":40,"key":"Ornamental Fan"},{"floor":42,"key":"Art of War"},{"floor":43,"key":"Boot"},{"floor":45,"key":"Juzu Bracelet"},{"floor":48,"key":"StoneCalendar"},{"floor":52,"key":"Blue Candle"},{"floor":54,"key":"Bottled Flame"}],"event_choices":[{"damage_healed":0,"gold_gain":0,"player_choice":"1 cards matched","damage_taken":0,"max_hp_gain":0,"max_hp_loss":0,"event_name":"Match and Keep!","floor":19,"gold_loss":0,"cards_obtained":["Panacea"]},{"damage_healed":0,"gold_gain":0,"player_choice":"Became a vampire (Vial)","damage_taken":0,"max_hp_gain":0,"max_hp_loss":0,"event_name":"Vampires","floor":22,"relics_lost":["Blood Vial"],"gold_loss":0,"cards_obtained":["Bite","Bite","Bite","Bite","Bite"]},{"damage_healed":0,"gold_gain":0,"player_choice":"Obtained Relic","damage_taken":0,"relics_obtained":["Molten Egg 2"],"max_hp_gain":0,"max_hp_loss":0,"event_name":"Addict","floor":30,"gold_loss":85},{"damage_healed":0,"gold_gain":0,"player_choice":"Memory 3","damage_taken":10,"max_hp_gain":0,"max_hp_loss":0,"event_name":"SensoryStone","floor":39,"gold_loss":0},{"damage_healed":0,"gold_gain":0,"player_choice":"Fight","damage_taken":0,"max_hp_gain":0,"max_hp_loss":0,"event_name":"MindBloom","floor":48,"gold_loss":0}],"is_beta":false,"boss_relics":[{"not_picked":["Runic Pyramid","Orrery"],"picked":"Snecko Eye"},{"not_picked":["Pandora\u0027s Box","Eternal Feather"],"picked":"Sozu"}],"items_purged_floors":[13],"is_endless":false,"potions_floor_spawned":[1,11,12,16,18,20,31,36,37,40,42,45,54],"ascension_level":4}