{"gold_per_floor":[113,133,133,146,0,0,17,17,17,17,43,43,57,7,7,112,112,124,124,124,140,40,75,53,53,132,132,144,144,154,168,168,168],"floor_reached":33,"playtime":1199,"items_purged":["Strike_B","Strike_B"],"score":319,"play_id":"52d666e9-2511-49cb-a6ee-717a78684df3","local_time":"20180921004148","is_ascension_mode":true,"campfire_choices":[{"data":"Hologram","floor":6,"key":"SMITH"},{"data":"Defragment","floor":8,"key":"SMITH"},{"data":"Leap","floor":12,"key":"SMITH"},{"data":"Self Repair","floor":15,"key":"SMITH"},{"data":"RitualDagger","floor":27,"key":"SMITH"},{"data":"Hologram","floor":29,"key":"SMITH"},{"data":"Ball Lightning","floor":32,"key":"SMITH"}],"neow_cost":"NONE","seed_source_timestamp":477209668693826,"circlet_count":0,"master_deck":["Strike_B","Defend_B","Defend_B","Zap+1","Dualcast+1","Ball Lightning+1","Hologram+1","Defragment+1","Self Repair+1","Leap+1","Reboot","Machine Learning","Double Energy+1","Hologram+1","RitualDagger+1","Hologram+1"],"relics":["Cracked Core","Cables","Odd Mushroom","Coffee Dripper","Torii","Toxic Egg 2"],"potions_floor_usage":[18,23,23,33],"damage_taken":[{"damage":0,"enemies":"Cultist","floor":1,"turns":3},{"damage":9,"enemies":"2 Louse","floor":2,"turns":2},{"damage":2,"enemies":"Jaw Worm","floor":4,"turns":2},{"damage":1,"enemies":"Looter","floor":7,"turns":2},{"damage":17,"enemies":"The Mushroom Lair","floor":11,"turns":3},{"damage":0,"enemies":"3 Louse","floor":13,"turns":2},{"damage":7,"enemies":"The Guardian","floor":16,"turns":8},{"damage":1,"enemies":"3 Byrds","floor":18,"turns":4},{"damage":16,"enemies":"Shell Parasite","floor":21,"turns":3},{"damage":30,"enemies":"Slavers","floor":23,"turns":5},{"damage":18,"enemies":"Centurion and Healer","floor":28,"turns":4},{"damage":14,"enemies":"Snake Plant","floor":30,"turns":4},{"damage":18,"enemies":"Cultist and Chosen","floor":31,"turns":5},{"damage":29,"enemies":"Collector","floor":33,"turns":6}],"seed_played":"-5217021369455677258","potions_obtained":[{"floor":2,"key":"Strength Potion"},{"floor":4,"key":"Ancient Potion"},{"floor":11,"key":"Poison Potion"},{"floor":16,"key":"Poison Potion"},{"floor":18,"key":"Strength Potion"},{"floor":30,"key":"LiquidBronze"},{"floor":31,"key":"FearPotion"}],"is_trial":false,"path_per_floor":["M","M","?","M","$","R","M","R","T","$","?","R","M","?","R","B",null,"M","?","?","M","$","E","$","?","T","R","M","R","M","M","R"],"character_chosen":"DEFECT","items_purchased":["Defragment","Hologram"],"campfire_rested":0,"item_purchase_floors":[5,24],"current_hp_per_floor":[75,66,66,64,64,64,63,63,63,63,53,53,53,53,53,56,70,75,75,75,69,69,49,49,43,43,43,35,35,31,23,23,0],"gold":168,"neow_bonus":"UPGRADE_CARD","is_prod":false,"is_daily":false,"chose_seed":false,"campfire_upgraded":7,"win_rate":0,"timestamp":1537504908,"path_taken":["M","?","?","M","$","R","M","R","T","?","?","R","M","?","R","BOSS","M","?","?","?","$","E","?","?","T","R","M","R","M","M","R","BOSS"],"build_version":"2018-09-20","purchased_purges":2,"victory":false,"max_hp_per_floor":[75,75,75,75,75,75,75,75,75,75,75,75,75,75,75,75,75,75,75,75,75,75,75,75,75,75,75,75,75,75,75,75,75],"card_choices":[{"not_picked":["Capacitor","Redo"],"picked":"Ball Lightning","floor":1},{"not_picked":["Rebound","Streamline"],"picked":"Hologram","floor":2},{"not_picked":["Chill","Stack","Conserve Battery"],"picked":"SKIP","floor":4},{"not_picked":["Leap","Auto Shields"],"picked":"Self Repair","floor":7},{"not_picked":["Chill","Go for the Eyes"],"picked":"Leap","floor":11},{"not_picked":["Melter","Go for the Eyes"],"picked":"Reboot","floor":13},{"not_picked":["Buffer","Fission"],"picked":"Machine Learning","floor":16},{"not_picked":["Undo","Steam","Stack"],"picked":"SKIP","floor":18},{"not_picked":["Beam Cell","Skim","Doom and Gloom+1"],"picked":"SKIP","floor":21},{"not_picked":["Beam Cell","Sunder"],"picked":"Double Energy+1","floor":23},{"not_picked":["Conserve Battery+1","Streamline","Loop"],"picked":"SKIP","floor":28},{"not_picked":["Stack+1","Cold Snap"],"picked":"Hologram+1","floor":30},{"not_picked":["Capacitor+1","Genetic Algorithm+1","Compile Driver"],"picked":"SKIP","floor":31}],"player_experience":308670,"relics_obtained":[{"floor":9,"key":"Cables"},{"floor":11,"key":"Odd Mushroom"},{"floor":23,"key":"Torii"},{"floor":26,"key":"Toxic Egg 2"}],"event_choices":[{"event_name":"Living Wall","player_choice":"Grow","floor":3,"damage_taken":0},{"event_name":"Mushrooms","player_choice":"Fought Mushrooms","floor":11,"damage_taken":0},{"event_name":"The Cleric","player_choice":"Card Removal","floor":14,"damage_taken":0},{"event_name":"Purifier","player_choice":"One Purge","floor":19,"damage_taken":0},{"event_name":"Back to Basics","player_choice":"Elegance","floor":20,"damage_taken":0},{"event_name":"Nest","player_choice":"Joined the Cult","floor":25,"damage_taken":0}],"is_beta":true,"boss_relics":[{"not_picked":["Tiny House","Lizard Tail"],"picked":"Coffee Dripper"}],"items_purged_floors":[5,22],"is_endless":false,"potions_floor_spawned":[2,4,11,16,18,21,30,31],"killed_by":"Collector","ascension_level":5}