{"gold_per_floor":[116,4,179,191,141,141,151,151,151,72,88,49,49,59,59,155,155,165,165,178,178,277,277,277,277,277,289,316,330,330,330],"floor_reached":31,"playtime":1177,"items_purged":["Doubt"],"score":243,"play_id":"d13eefb6-ed9e-4c1a-9dc7-feed43486ba3","local_time":"20181207184126","is_ascension_mode":false,"campfire_choices":[{"data":"Zap","floor":6,"key":"SMITH"},{"data":"Electrodynamics","floor":8,"key":"SMITH"},{"data":"Dualcast","floor":13,"key":"SMITH"},{"data":"Capacitor","floor":15,"key":"SMITH"},{"data":"Self Repair","floor":23,"key":"SMITH"},{"floor":25,"key":"REST"},{"floor":30,"key":"REST"}],"neow_cost":"CURSE","seed_source_timestamp":362257445702796,"circlet_count":0,"master_deck":["Strike_B","Strike_B","Strike_B","Defend_B","Defend_B","Defend_B","Defend_B","Zap+1","Dualcast+1","Electrodynamics+1","Capacitor+1","Turbo","Self Repair+1","BootSequence","Self Repair","Multi-Cast","Capacitor+1","Go for the Eyes+1","Conserve Battery+1","Double Energy"],"relics":["Cracked Core","Bottled Tornado","Black Star","Molten Egg 2","Thread and Needle","Ancient Tea Set","Art of War"],"potions_floor_usage":[16,16,20,31],"damage_taken":[{"damage":0,"enemies":"Cultist","floor":1,"turns":3},{"damage":1,"enemies":"Jaw Worm","floor":4,"turns":3},{"damage":5,"enemies":"2 Louse","floor":7,"turns":3},{"damage":0,"enemies":"Lots of Slimes","floor":11,"turns":1},{"damage":0,"enemies":"3 Louse","floor":14,"turns":1},{"damage":17,"enemies":"The Guardian","floor":16,"turns":11},{"damage":0,"enemies":"3 Byrds","floor":18,"turns":1},{"damage":37,"enemies":"Shell Parasite","floor":20,"turns":9},{"damage":28,"enemies":"Shelled Parasite and Fungi","floor":27,"turns":8},{"damage":46,"enemies":"Gremlin Leader","floor":28,"turns":11},{"damage":10,"enemies":"Snake Plant","floor":29,"turns":5},{"damage":55,"enemies":"Book of Stabbing","floor":31,"turns":7}],"seed_played":"170943576268281360","potions_obtained":[{"floor":1,"key":"Strength Potion"},{"floor":4,"key":"Fire Potion"},{"floor":7,"key":"Explosive Potion"},{"floor":16,"key":"Poison Potion"},{"floor":18,"key":"Swift Potion"},{"floor":29,"key":"PowerPotion"}],"is_trial":false,"path_per_floor":["M","$","?","M","?","R","M","R","T","$","M","$","R","M","R","B",null,"M","?","M","?","?","R","?","R","T","M","E","M","R","E"],"character_chosen":"DEFECT","items_purchased":["Capacitor","Self Repair","Self Repair"],"campfire_rested":2,"item_purchase_floors":[2,10,12],"current_hp_per_floor":[75,75,75,74,74,74,69,69,69,69,69,69,69,75,75,72,75,75,75,52,38,38,38,38,62,62,51,22,29,53,0],"gold":330,"neow_bonus":"THREE_RARE_CARDS","is_prod":false,"is_daily":false,"chose_seed":false,"campfire_upgraded":5,"win_rate":0,"timestamp":1544226086,"path_taken":["M","$","?","M","?","R","M","R","T","?","M","?","R","M","R","BOSS","M","?","?","?","?","R","?","R","T","M","E","?","R","E"],"build_version":"2018-12-06","purchased_purges":1,"victory":false,"max_hp_per_floor":[75,75,75,75,75,75,75,75,75,75,75,75,75,75,75,75,75,75,75,75,80,80,80,80,80,80,80,80,80,80,80],"card_choices":[{"not_picked":["Meteor Strike","Amplify"],"picked":"Electrodynamics","floor":0},{"not_picked":["Beam Cell","Streamline","Compile Driver"],"picked":"SKIP","floor":1},{"not_picked":["Leap","Sweeping Beam"],"picked":"Turbo","floor":4},{"not_picked":["Redo","Compile Driver","Go for the Eyes"],"picked":"SKIP","floor":7},{"not_picked":["Double Energy","Fission"],"picked":"BootSequence","floor":11},{"not_picked":["Aggregate","Leap","Chaos"],"picked":"SKIP","floor":14},{"not_picked":["Fission","Rainbow"],"picked":"Multi-Cast","floor":16},{"not_picked":["Sweeping Beam","Compile Driver"],"picked":"Capacitor+1","floor":18},{"not_picked":["Self Repair","Beam Cell","Steam Power+1"],"picked":"SKIP","floor":20},{"not_picked":["Steam","Compile Driver+1"],"picked":"Go for the Eyes+1","floor":27},{"not_picked":["Lockon+1","Reprogram"],"picked":"Conserve Battery+1","floor":28},{"not_picked":["Capacitor","Redo+1"],"picked":"Double Energy","floor":29}],"player_experience":407342,"relics_obtained":[{"floor":9,"key":"Bottled Tornado"},{"floor":26,"key":"Thread and Needle"},{"floor":28,"key":"Ancient Tea Set"},{"floor":28,"key":"Art of War"}],"event_choices":[{"damage_healed":0,"gold_gain":175,"player_choice":"AGREE","damage_taken":0,"max_hp_gain":0,"max_hp_loss":0,"event_name":"Liars Game","floor":3,"gold_loss":0,"cards_obtained":["Doubt"]},{"cards_removed":["Doubt"],"damage_healed":0,"gold_gain":0,"player_choice":"Card Removal","damage_taken":0,"max_hp_gain":0,"max_hp_loss":0,"event_name":"The Cleric","floor":5,"gold_loss":50},{"cards_removed":["Strike_B"],"damage_healed":0,"gold_gain":0,"player_choice":"Purged","damage_taken":0,"max_hp_gain":0,"max_hp_loss":0,"event_name":"Purifier","floor":19,"gold_loss":0},{"damage_healed":0,"gold_gain":0,"player_choice":"Shed Blood","damage_taken":19,"max_hp_gain":5,"max_hp_loss":0,"event_name":"Forgotten Altar","floor":21,"gold_loss":0},{"damage_healed":0,"gold_gain":99,"player_choice":"Stole From Cult","damage_taken":0,"max_hp_gain":0,"max_hp_loss":0,"event_name":"Nest","floor":22,"gold_loss":0},{"damage_healed":0,"gold_gain":0,"player_choice":"Gave Potion","damage_taken":0,"relics_obtained":["Molten Egg 2"],"max_hp_gain":0,"max_hp_loss":0,"event_name":"WeMeetAgain","floor":24,"gold_loss":0}],"is_beta":true,"boss_relics":[{"not_picked":["Eternal Feather","Lizard Tail"],"picked":"Black Star"}],"items_purged_floors":[2],"is_endless":false,"potions_floor_spawned":[1,4,7,16,18,29],"killed_by":"Book of Stabbing","ascension_level":0}