{"gold_per_floor":[115,128,128,128,128,128,163,184,236,13,13,47,47,0,0,120,120,141,141,165,165,188,219,219,262,342,342,441,480,493,513,513,637,637,653,653,667,691,293,324,342,342,392,392,406,422,443,458,458,458],"floor_reached":51,"playtime":5264,"items_purged":["Strike_G"],"score":928,"play_id":"b226b671-2c74-435e-b0ab-bfdeb61f4cea","local_time":"20190518143915","is_ascension_mode":true,"campfire_choices":[{"data":"Cloak And Dagger","floor":6,"key":"SMITH"},{"data":"Storm of Steel","floor":15,"key":"SMITH"},{"data":"Adrenaline","floor":24,"key":"SMITH"},{"data":"Leg Sweep","floor":27,"key":"SMITH"},{"data":"Adrenaline","floor":32,"key":"SMITH"},{"data":"Footwork","floor":42,"key":"SMITH"},{"floor":49,"key":"REST"}],"neow_cost":"NONE","seed_source_timestamp":6323969202700,"circlet_count":0,"master_deck":["Survivor","Neutralize+1","Slice+1","Cloak And Dagger+1","Adrenaline+1","Calculated Gamble","Storm of Steel+1","Acrobatics","Blade Dance","Glass Knife","Adrenaline+1","Skewer","Leg Sweep+1","Accuracy","Choke","Accuracy","Masterful Stab+1","Endless Agony+1","Reflex+1","Tactician","Infinite Blades","After Image","Terror+1","Sucker Punch+1","Blade Dance+1","Footwork+1","Secret Technique","Caltrops+1","PiercingWail+1","Dash+1","Blur+1"],"relics":["WristBlade","Golden Idol","Boot","Snake Skull","Omamori","Pantograph","Pandora\u0027s Box","Nilry\u0027s Codex","Happy Flower","Paper Crane","Mummified Hand","Regal Pillow","Sozu","Whetstone","Shuriken"],"potions_floor_usage":[23,31,45,50],"damage_taken":[{"damage":4,"enemies":"Jaw Worm","floor":1,"turns":4},{"damage":4,"enemies":"Small Slimes","floor":2,"turns":4},{"damage":17,"enemies":"Gremlin Nob","floor":7,"turns":4},{"damage":0,"enemies":"2 Louse","floor":8,"turns":1},{"damage":20,"enemies":"Lagavulin","floor":12,"turns":6},{"damage":14,"enemies":"Slime Boss","floor":16,"turns":7},{"damage":0,"enemies":"Spheric Guardian","floor":18,"turns":2},{"damage":2,"enemies":"Chosen","floor":20,"turns":3},{"damage":0,"enemies":"Sentry and Sphere","floor":22,"turns":2},{"damage":2,"enemies":"Book of Stabbing","floor":23,"turns":5},{"damage":4,"enemies":"Gremlin Leader","floor":25,"turns":4},{"damage":0,"enemies":"Book of Stabbing","floor":29,"turns":3},{"damage":0,"enemies":"Snake Plant","floor":30,"turns":2},{"damage":8,"enemies":"Centurion and Healer","floor":31,"turns":3},{"damage":10,"enemies":"Automaton","floor":33,"turns":5},{"damage":0,"enemies":"Orb Walker","floor":35,"turns":2},{"damage":7,"enemies":"3 Darklings","floor":37,"turns":4},{"damage":0,"enemies":"Transient","floor":38,"turns":5},{"damage":13,"enemies":"Reptomancer","floor":40,"turns":5},{"damage":8,"enemies":"Maw","floor":41,"turns":5},{"damage":23,"enemies":"Writhing Mass","floor":45,"turns":4},{"damage":6,"enemies":"Sphere and 2 Shapes","floor":46,"turns":3},{"damage":1,"enemies":"4 Shapes","floor":47,"turns":6},{"damage":16,"enemies":"Jaw Worm Horde","floor":48,"turns":4},{"damage":47,"enemies":"Awakened One","floor":50,"turns":10}],"seed_played":"-2084984821630554650","potions_obtained":[{"floor":7,"key":"Regen Potion"},{"floor":16,"key":"SpeedPotion"},{"floor":18,"key":"SkillPotion"},{"floor":20,"key":"SkillPotion"},{"floor":23,"key":"Strength Potion"},{"floor":33,"key":"Energy Potion"}],"is_trial":false,"path_per_floor":["M","M","?","?","?","R","E","M","T","$","T","E","?","$","R","B",null,"M","?","M","?","M","E","R","E","T","R","?","E","M","M","R","B",null,"M","?","M","M","$","E","M","R","T","?","M","M","M","M","R","B",null],"character_chosen":"THE_SILENT","items_purchased":["Storm of Steel","Blade Dance","Footwork","Whetstone","Secret Technique"],"campfire_rested":1,"item_purchase_floors":[10,14,39,39,39],"current_hp_per_floor":[66,62,62,62,62,62,45,45,45,45,45,25,30,30,30,41,63,63,63,61,45,45,43,43,39,39,39,39,39,39,40,40,55,66,66,80,73,73,73,60,52,52,52,52,29,23,22,6,45,23],"gold":458,"neow_bonus":"BOSS_RELIC","is_prod":false,"is_daily":false,"chose_seed":false,"campfire_upgraded":6,"win_rate":0,"timestamp":1558170555,"path_taken":["M","M","?","?","?","R","E","M","T","$","?","E","?","?","R","BOSS","M","?","M","?","M","E","R","E","T","R","?","E","M","M","R","BOSS","M","?","?","M","?","E","M","R","T","?","M","M","M","?","R","BOSS"],"build_version":"2019-01-23","purchased_purges":1,"victory":true,"max_hp_per_floor":[70,70,70,65,65,65,65,65,65,65,65,65,70,70,70,70,70,70,70,70,70,70,70,70,70,70,70,70,70,70,70,70,70,70,70,80,80,80,80,80,80,80,80,80,80,80,80,80,80,80],"card_choices":[{"not_picked":["Acrobatics","Backflip"],"picked":"Slice","floor":1},{"not_picked":["Bane","Deflect"],"picked":"Cloak And Dagger","floor":2},{"not_picked":["Dagger Spray","Prepared"],"picked":"Adrenaline","floor":7},{"not_picked":["Deflect","Skewer"],"picked":"Calculated Gamble","floor":8},{"not_picked":["Sucker Punch","Dodge and Roll"],"picked":"Acrobatics","floor":12},{"not_picked":["Malaise","Venomology"],"picked":"Corpse Explosion","floor":16},{"not_picked":["Sucker Punch","Quick Slash","Bane"],"picked":"SKIP","floor":18},{"not_picked":["Eviscerate+1","Deflect+1"],"picked":"Endless Agony+1","floor":20},{"not_picked":["Reflex","Catalyst+1","Choke+1"],"picked":"SKIP","floor":22},{"not_picked":["Bane","Dash","Flying Knee"],"picked":"SKIP","floor":23},{"not_picked":["Riddle With Holes","Prepared","Cloak And Dagger"],"picked":"SKIP","floor":25},{"not_picked":["Skewer","Dagger Spray"],"picked":"Reflex+1","floor":29},{"not_picked":["Outmaneuver+1","Deflect"],"picked":"Tactician","floor":30},{"not_picked":["Backflip","Expertise+1"],"picked":"Infinite Blades","floor":31},{"not_picked":["Die Die Die","Grand Finale"],"picked":"After Image","floor":33},{"not_picked":["Calculated Gamble+1","Outmaneuver+1"],"picked":"Terror+1","floor":35},{"not_picked":["Eviscerate","Dagger Spray"],"picked":"Sucker Punch+1","floor":37},{"not_picked":["Dagger Throw+1","Acrobatics"],"picked":"Blade Dance+1","floor":38},{"not_picked":["Terror","Quick Slash"],"picked":"Caltrops+1","floor":40},{"not_picked":["Blur+1","Backflip"],"picked":"PiercingWail+1","floor":41},{"not_picked":["Accuracy+1","Distraction"],"picked":"Dash+1","floor":45},{"not_picked":["Corpse Explosion","Flying Knee","Backstab+1"],"picked":"SKIP","floor":46},{"not_picked":["Dagger Throw+1","Expertise"],"picked":"Blur+1","floor":47},{"not_picked":["Infinite Blades+1","Dagger Throw","Tactician+1"],"picked":"SKIP","floor":48}],"player_experience":206531,"relics_obtained":[{"floor":7,"key":"Boot"},{"floor":9,"key":"Snake Skull"},{"floor":11,"key":"Omamori"},{"floor":12,"key":"Pantograph"},{"floor":21,"key":"Nilry\u0027s Codex"},{"floor":23,"key":"Happy Flower"},{"floor":25,"key":"Paper Crane"},{"floor":26,"key":"Mummified Hand"},{"floor":29,"key":"Regal Pillow"},{"floor":40,"key":"Shuriken"}],"event_choices":[{"damage_healed":0,"gold_gain":0,"player_choice":"Grow","damage_taken":0,"max_hp_gain":0,"max_hp_loss":0,"event_name":"Living Wall","floor":3,"gold_loss":0,"cards_upgraded":["Neutralize"]},{"damage_healed":0,"gold_gain":0,"player_choice":"Lose Max HP","damage_taken":0,"relics_obtained":["Golden Idol"],"max_hp_gain":0,"max_hp_loss":5,"event_name":"Golden Idol","floor":4,"gold_loss":0},{"damage_healed":0,"gold_gain":0,"player_choice":"Ignored","damage_taken":0,"max_hp_gain":0,"max_hp_loss":0,"event_name":"Liars Game","floor":5,"gold_loss":0},{"damage_healed":0,"gold_gain":0,"player_choice":"Donut","damage_taken":0,"max_hp_gain":5,"max_hp_loss":0,"event_name":"Big Fish","floor":13,"gold_loss":0},{"cards_removed":["Grand Finale"],"damage_healed":0,"gold_gain":0,"player_choice":"Elegance","damage_taken":0,"max_hp_gain":0,"max_hp_loss":0,"event_name":"Back to Basics","floor":19,"gold_loss":0},{"damage_healed":0,"gold_gain":0,"player_choice":"Obtained Book","damage_taken":16,"max_hp_gain":0,"max_hp_loss":0,"event_name":"Cursed Tome","floor":21,"gold_loss":0},{"damage_healed":0,"gold_gain":99,"player_choice":"Stole From Cult","damage_taken":0,"max_hp_gain":0,"max_hp_loss":0,"event_name":"Nest","floor":28,"gold_loss":0},{"cards_removed":["Corpse Explosion"],"damage_healed":4,"gold_gain":0,"player_choice":"Offered Rare","damage_taken":0,"max_hp_gain":10,"max_hp_loss":0,"event_name":"Bonfire Elementals","floor":36,"gold_loss":0},{"damage_healed":0,"gold_gain":0,"player_choice":"Got Potions","damage_taken":0,"max_hp_gain":0,"max_hp_loss":0,"event_name":"Lab","floor":44,"gold_loss":0}],"is_beta":false,"boss_relics":[{"not_picked":["Busted Crown","Snecko Eye"],"picked":"Pandora\u0027s Box"},{"not_picked":["Empty Cage","Astrolabe"],"picked":"Sozu"}],"items_purged_floors":[10],"is_endless":false,"potions_floor_spawned":[7,16,18,20,23,30,33,38,40,41,46],"ascension_level":5}