{"gold_per_floor":[118,68,68,28,47,81,81,95,146,146,158,158,158,199,199,324,324,340,340,340,340,32,32,63,63,63,88,88,108,108,8,8,131,131,145,168,293,109,0,0,24,44,99,99,99,20,34,34,34,34],"floor_reached":51,"playtime":2106,"items_purged":["Strike_G","Injury"],"score":756,"play_id":"61e7f651-ae36-4a8b-ba2d-4bbf8490624f","local_time":"20181117120340","is_ascension_mode":true,"campfire_choices":[{"floor":7,"key":"REST"},{"data":"Noxious Fumes","floor":10,"key":"SMITH"},{"data":"Neutralize","floor":13,"key":"SMITH"},{"floor":15,"key":"REST"},{"data":"Acrobatics","floor":23,"key":"SMITH"},{"data":"Offering","floor":25,"key":"SMITH"},{"floor":28,"key":"REST"},{"floor":32,"key":"REST"},{"data":"Phantasmal Killer","floor":40,"key":"SMITH"},{"floor":45,"key":"REST"},{"floor":49,"key":"REST"}],"neow_cost":"PERCENT_DAMAGE","seed_source_timestamp":40483783347330,"circlet_count":0,"master_deck":["Defend_G","Defend_G","Defend_G","Defend_G","Defend_G","Strike_G","Survivor","Neutralize+1","Acrobatics+1","Dagger Spray","Dash","Noxious Fumes+1","Deflect","Adrenaline","Slice+1","Poisoned Stab","Deflect","Offering+1","Slice+1","Bouncing Flask+1","Phantasmal Killer+1","Fusion+1","Blur","Flex+1","Noxious Fumes","Parasite"],"relics":["Ring of the Snake","Snake Skull","Bronze Scales","Golden Idol","Darkstone Periapt","Lizard Tail","MutagenicStrength","PrismaticShard","Bag of Marbles","Ninja Scroll","Sundial","Busted Crown","WingedGreaves","Bag of Preparation","Red Mask","Orichalcum","Blue Candle"],"potions_floor_usage":[6,16,24,47,50,50,50,50],"damage_taken":[{"damage":0,"enemies":"Jaw Worm","floor":1,"turns":6},{"damage":2,"enemies":"Cultist","floor":5,"turns":5},{"damage":23,"enemies":"Gremlin Nob","floor":6,"turns":5},{"damage":0,"enemies":"Small Slimes","floor":8,"turns":2},{"damage":6,"enemies":"Looter","floor":11,"turns":3},{"damage":8,"enemies":"3 Sentries","floor":14,"turns":5},{"damage":20,"enemies":"Hexaghost","floor":16,"turns":10},{"damage":7,"enemies":"3 Byrds","floor":18,"turns":3},{"damage":36,"enemies":"Gremlin Leader","floor":24,"turns":7},{"damage":6,"enemies":"Shell Parasite","floor":27,"turns":1},{"damage":6,"enemies":"3 Cultists","floor":29,"turns":2},{"damage":52,"enemies":"Champ","floor":33,"turns":8},{"damage":6,"enemies":"3 Shapes","floor":35,"turns":1},{"damage":0,"enemies":"Orb Walker","floor":36,"turns":2},{"damage":6,"enemies":"Mind Bloom Boss Battle","floor":37,"turns":3},{"damage":22,"enemies":"4 Shapes","floor":41,"turns":4},{"damage":21,"enemies":"Jaw Worm Horde","floor":42,"turns":3},{"damage":10,"enemies":"Writhing Mass","floor":47,"turns":5},{"damage":98,"enemies":"Awakened One","floor":50,"turns":11}],"seed_played":"2176032856278926311","potions_obtained":[{"floor":4,"key":"Energy Potion"},{"floor":4,"key":"GhostInAJar"},{"floor":4,"key":"EssenceOfSteel"},{"floor":6,"key":"SpeedPotion"},{"floor":11,"key":"GhostInAJar"},{"floor":33,"key":"Block Potion"},{"floor":36,"key":"SmokeBomb"},{"floor":37,"key":"EntropicBrew"}],"is_trial":false,"path_per_floor":["M","?","$","?","M","E","R","M","T","R","M","?","R","E","R","B",null,"M","?","?","?","$","R","E","R","T","M","R","M","T","$","R","B",null,"M","M","?","$","?","R","M","M","T","?","R","$","M","T","R","B",null],"character_chosen":"THE_SILENT","items_purchased":["PrismaticShard","Deflect","Bag of Preparation","Blur","Noxious Fumes"],"campfire_rested":6,"item_purchase_floors":[22,22,38,38,46],"current_hp_per_floor":[63,63,63,63,61,38,63,63,63,63,57,57,57,49,74,54,84,77,77,77,77,77,77,41,41,41,35,60,54,54,54,79,27,84,78,78,72,72,72,72,50,29,29,29,54,54,50,50,77,28],"gold":34,"neow_bonus":"TWENTY_PERCENT_HP_BONUS","is_prod":false,"is_daily":false,"chose_seed":false,"campfire_upgraded":5,"win_rate":0,"timestamp":1542427420,"path_taken":["M","?","$","?","?","E","R","M","T","R","M","?","R","E","R","BOSS","M","?","?","?","$","R","E","R","T","M","R","M","?","$","R","BOSS","M","M","?","$","?","R","M","M","T","?","R","$","?","?","R","BOSS"],"build_version":"2018-11-15","purchased_purges":2,"victory":true,"max_hp_per_floor":[84,84,84,84,84,84,84,84,84,84,84,84,84,84,84,84,84,84,84,84,84,84,84,84,84,84,84,84,84,84,84,84,84,84,84,84,84,84,84,84,84,84,84,84,84,84,90,90,90,90],"card_choices":[{"not_picked":["Dodge and Roll","Prepared"],"picked":"Acrobatics","floor":1},{"not_picked":["Blade Dance","Outmaneuver"],"picked":"Dagger Spray","floor":5},{"not_picked":["Caltrops","Blade Dance"],"picked":"Dash","floor":6},{"not_picked":["Flying Knee","Finisher"],"picked":"Noxious Fumes","floor":8},{"not_picked":["Blade Dance","Dodge and Roll","Dagger Throw"],"picked":"SKIP","floor":11},{"not_picked":["Eviscerate","Cloak And Dagger"],"picked":"Deflect","floor":14},{"not_picked":["Glass Knife","Phantasmal Killer"],"picked":"Adrenaline","floor":16},{"not_picked":["Deflect","Underhanded Strike"],"picked":"Slice+1","floor":18},{"not_picked":["Quick Slash","Clash"],"picked":"Offering","floor":24},{"not_picked":["Streamline","Twin Strike+1"],"picked":"Slice+1","floor":27},{"not_picked":["Forethought","Defragment+1"],"picked":"Bouncing Flask+1","floor":29},{"not_picked":["Unload","Fiend Fire"],"picked":"Phantasmal Killer","floor":33},{"not_picked":["Sucker Punch+1"],"picked":"SKIP","floor":35},{"not_picked":[],"picked":"Fusion+1","floor":36},{"not_picked":["Sword Boomerang"],"picked":"SKIP","floor":41},{"not_picked":[],"picked":"Flex+1","floor":42},{"not_picked":["Dagger Throw"],"picked":"SKIP","floor":47}],"player_experience":443980,"relics_obtained":[{"floor":6,"key":"Snake Skull"},{"floor":9,"key":"Bronze Scales"},{"floor":14,"key":"Darkstone Periapt"},{"floor":24,"key":"Bag of Marbles"},{"floor":26,"key":"Ninja Scroll"},{"floor":30,"key":"Sundial"},{"floor":37,"key":"WingedGreaves"},{"floor":43,"key":"Orichalcum"},{"floor":48,"key":"Blue Candle"}],"event_choices":[{"cards_removed":["Strike_G"],"damage_healed":0,"gold_gain":0,"player_choice":"Card Removal","damage_taken":0,"max_hp_gain":0,"max_hp_loss":0,"event_name":"The Cleric","floor":2,"gold_loss":50},{"damage_healed":0,"gold_gain":0,"player_choice":"Bought 3 Potions","damage_taken":0,"max_hp_gain":0,"max_hp_loss":0,"event_name":"The Woman in Blue","floor":4,"gold_loss":0},{"damage_healed":0,"gold_gain":0,"player_choice":"Take Wound","damage_taken":0,"relics_obtained":["Golden Idol"],"max_hp_gain":0,"max_hp_loss":0,"event_name":"Golden Idol","floor":12,"gold_loss":0,"cards_obtained":["Injury"]},{"cards_removed":["Strike_G"],"damage_healed":0,"gold_gain":0,"player_choice":"Elegance","damage_taken":0,"max_hp_gain":0,"max_hp_loss":0,"event_name":"Back to Basics","floor":19,"gold_loss":0},{"damage_healed":0,"gold_gain":0,"player_choice":"Inject Mutagens","damage_taken":0,"relics_obtained":["MutagenicStrength"],"max_hp_gain":0,"max_hp_loss":0,"event_name":"Drug Dealer","floor":20,"gold_loss":0},{"damage_healed":0,"gold_gain":0,"player_choice":"Read","damage_taken":0,"max_hp_gain":0,"max_hp_loss":0,"event_name":"The Library","floor":21,"gold_loss":0,"cards_obtained":["Poisoned Stab"]},{"damage_healed":0,"gold_gain":0,"player_choice":"Fight","damage_taken":0,"max_hp_gain":0,"max_hp_loss":0,"event_name":"MindBloom","floor":37,"gold_loss":0},{"damage_healed":0,"gold_gain":0,"player_choice":"Paid","damage_taken":0,"relics_obtained":["Red Mask"],"max_hp_gain":0,"max_hp_loss":0,"event_name":"Tomb of Lord Red Mask","floor":39,"gold_loss":109},{"cards_removed":["Strike_G"],"damage_healed":0,"gold_gain":0,"player_choice":"Offered Basic","damage_taken":0,"max_hp_gain":0,"max_hp_loss":0,"event_name":"Bonfire Elementals","floor":44,"gold_loss":0}],"is_beta":false,"boss_relics":[{"not_picked":["Runic Pyramid","Philosopher\u0027s Stone"],"picked":"Lizard Tail"},{"not_picked":["Astrolabe","Cursed Key"],"picked":"Busted Crown"}],"items_purged_floors":[22,31],"is_endless":false,"potions_floor_spawned":[6,11,14,33,36,37],"ascension_level":2}