{"gold_per_floor":[115,290,290,316,316,316,340,359,359,329,372,118,134,134,134,260,260,283,95,365,356,375,375,396,396,696,6,47,47,67,85,85,204,204,227,227,102,115,115,155,168,168,168,168,168,18,18,83,83,83],"floor_reached":51,"playtime":1834,"items_purged":["Strike_G","Strike_G","Writhe","Doubt"],"score":741,"play_id":"f2265094-55ac-48c4-b3a1-1dcd90c0caee","local_time":"20180923214209","is_ascension_mode":false,"campfire_choices":[{"data":"Neutralize","floor":6,"key":"SMITH"},{"floor":15,"key":"REST"},{"floor":23,"key":"REST"},{"data":"Envenom","floor":25,"key":"SMITH"},{"floor":32,"key":"REST"},{"data":"Adrenaline","floor":42,"key":"SMITH"},{"data":"Catalyst","floor":44,"key":"SMITH"},{"floor":49,"key":"REST"}],"neow_cost":"NONE","seed_source_timestamp":724994263786605,"circlet_count":0,"master_deck":["Defend_G","Defend_G","Defend_G","Defend_G","Strike_G","Survivor","Neutralize+1","Blur","Noxious Fumes+1","Envenom+1","Deadly Poison","Catalyst+1","Adrenaline+1","Dash","Bouncing Flask","Poisoned Stab","Deadly Poison","Flash of Steel","Deflect+1","Adrenaline","Discovery","Trip","Finesse","Footwork+1","Dodge and Roll+1"],"relics":["Ring of the Snake","Golden Idol","Snake Skull","Centennial Puzzle","Mercury Hourglass","Tiny Chest","Busted Crown","Juzu Bracelet","Old Coin","ClockworkSouvenir","Bag of Marbles","Vajra","Happy Flower","Empty Cage","Bottled Tornado","Bottled Flame","FaceOfCleric","Calipers"],"potions_floor_usage":[18,18,35,40,48,50,50],"damage_taken":[{"damage":0,"enemies":"Small Slimes","floor":1,"turns":5},{"damage":0,"enemies":"2 Louse","floor":7,"turns":3},{"damage":4,"enemies":"Jaw Worm","floor":8,"turns":6},{"damage":0,"enemies":"Looter","floor":10,"turns":4},{"damage":28,"enemies":"3 Sentries","floor":11,"turns":8},{"damage":0,"enemies":"Blue Slaver","floor":13,"turns":4},{"damage":13,"enemies":"Slime Boss","floor":16,"turns":9},{"damage":5,"enemies":"Spheric Guardian","floor":18,"turns":4},{"damage":4,"enemies":"2 Thieves","floor":21,"turns":4},{"damage":9,"enemies":"Snake Plant","floor":22,"turns":3},{"damage":4,"enemies":"Cultist and Chosen","floor":24,"turns":4},{"damage":7,"enemies":"Gremlin Leader","floor":28,"turns":5},{"damage":5,"enemies":"Snecko","floor":30,"turns":3},{"damage":12,"enemies":"3 Cultists","floor":31,"turns":4},{"damage":28,"enemies":"Automaton","floor":33,"turns":5},{"damage":15,"enemies":"3 Darklings","floor":35,"turns":3},{"damage":0,"enemies":"Orb Walker","floor":38,"turns":2},{"damage":23,"enemies":"2 Orb Walkers","floor":40,"turns":5},{"damage":0,"enemies":"Sphere and 2 Shapes","floor":41,"turns":4},{"damage":11,"enemies":"Mysterious Sphere","floor":48,"turns":4},{"damage":22,"enemies":"Donu and Deca","floor":50,"turns":7}],"seed_played":"-6763969938802113999","potions_obtained":[{"floor":7,"key":"SpeedPotion"},{"floor":16,"key":"Poison Potion"},{"floor":22,"key":"LiquidBronze"},{"floor":31,"key":"Fire Potion"},{"floor":33,"key":"GamblersBrew"},{"floor":38,"key":"GhostInAJar"},{"floor":41,"key":"Dexterity Potion"},{"floor":48,"key":"Fire Potion"}],"is_trial":false,"path_per_floor":["M","?","?","T","?","R","M","M","T","M","E","$","M","?","R","B",null,"M","$","?","M","M","R","M","R","T","$","E","?","M","M","R","B",null,"M","?","$","M","?","E","M","R","T","R","?","$","?","?","R","B"],"character_chosen":"THE_SILENT","items_purchased":["Deadly Poison","Tiny Chest","Bouncing Flask","Juzu Bracelet","Flash of Steel","ClockworkSouvenir","Bag of Marbles","Vajra"],"campfire_rested":4,"item_purchase_floors":[12,12,19,19,27,27,27,27],"current_hp_per_floor":[70,70,53,53,70,70,70,66,66,66,38,38,38,38,59,46,70,65,65,37,33,24,45,41,41,41,41,34,34,29,17,38,10,70,55,70,70,70,60,37,37,37,37,37,37,37,37,27,48,27],"gold":83,"neow_bonus":"REMOVE_CARD","is_prod":false,"is_daily":false,"chose_seed":false,"campfire_upgraded":4,"win_rate":0,"timestamp":1537753329,"path_taken":["M","?","?","?","?","R","?","M","T","M","E","$","M","?","R","BOSS","M","$","?","M","M","R","M","R","T","$","E","?","M","M","R","BOSS","M","?","$","M","?","E","M","R","T","R","?","?","?","?","R","BOSS"],"build_version":"2018-09-20","purchased_purges":4,"victory":true,"max_hp_per_floor":[70,70,70,70,70,70,70,70,70,70,70,70,70,70,70,70,70,70,70,70,70,70,70,70,70,70,70,70,70,70,70,70,70,70,70,70,70,70,70,70,70,70,70,70,70,70,70,71,71,72],"card_choices":[{"not_picked":["Cloak And Dagger","Slice"],"picked":"Blur","floor":1},{"not_picked":["Flying Knee","Sucker Punch","PiercingWail"],"picked":"SKIP","floor":7},{"not_picked":["Deflect","Sucker Punch"],"picked":"Noxious Fumes","floor":8},{"not_picked":["Sucker Punch","Quick Slash","Blade Dance"],"picked":"SKIP","floor":10},{"not_picked":["Eviscerate","Dodge and Roll"],"picked":"Envenom","floor":11},{"not_picked":["Distraction","Poisoned Stab"],"picked":"Catalyst","floor":13},{"not_picked":["Grand Finale","Glass Knife"],"picked":"Adrenaline","floor":16},{"not_picked":[],"picked":"Dash","floor":18},{"not_picked":["Sucker Punch"],"picked":"SKIP","floor":21},{"not_picked":[],"picked":"Poisoned Stab","floor":22},{"not_picked":[],"picked":"Deadly Poison","floor":24},{"not_picked":[],"picked":"Deflect+1","floor":28},{"not_picked":["Dodge and Roll"],"picked":"SKIP","floor":30},{"not_picked":["Sucker Punch+1"],"picked":"SKIP","floor":31},{"not_picked":[],"picked":"Adrenaline","floor":33},{"not_picked":["Predator"],"picked":"SKIP","floor":35},{"not_picked":["Underhanded Strike+1"],"picked":"SKIP","floor":38},{"not_picked":[],"picked":"Discovery","floor":39},{"not_picked":[],"picked":"Trip","floor":39},{"not_picked":[],"picked":"Finesse","floor":39},{"not_picked":[],"picked":"Footwork+1","floor":40},{"not_picked":[],"picked":"Dodge and Roll+1","floor":41}],"player_experience":322382,"relics_obtained":[{"floor":4,"key":"Snake Skull"},{"floor":9,"key":"Centennial Puzzle"},{"floor":11,"key":"Mercury Hourglass"},{"floor":26,"key":"Old Coin"},{"floor":28,"key":"Happy Flower"},{"floor":40,"key":"Bottled Tornado"},{"floor":43,"key":"Bottled Flame"},{"floor":48,"key":"Calipers"}],"event_choices":[{"event_name":"Liars Game","player_choice":"agreed","floor":2,"damage_taken":0},{"event_name":"Golden Idol","player_choice":"Take Damage","floor":3,"damage_taken":0},{"event_name":"Big Fish","player_choice":"Banana","floor":5,"damage_taken":0},{"event_name":"Upgrade Shrine","player_choice":"Upgraded","floor":14,"damage_taken":0},{"event_name":"Knowing Skull","player_choice":"GOLD GOLD GOLD ","floor":20,"damage_taken":0},{"event_name":"Vampires","player_choice":"Ignored","floor":29,"damage_taken":0},{"event_name":"Winding Halls","player_choice":"Writhe","floor":36,"damage_taken":0},{"event_name":"SensoryStone","player_choice":"Memory 3","floor":39,"damage_taken":0},{"event_name":"Tomb of Lord Red Mask","player_choice":"Ignored","floor":45,"damage_taken":0},{"event_name":"FaceTrader","player_choice":"Trade","floor":47,"damage_taken":0},{"event_name":"Mysterious Sphere","player_choice":"Fight","floor":48,"damage_taken":0}],"is_beta":true,"boss_relics":[{"not_picked":["Pandora\u0027s Box","Coffee Dripper"],"picked":"Busted Crown"},{"not_picked":["Snecko Eye","WristBlade"],"picked":"Empty Cage"}],"items_purged_floors":[12,27,37,46],"is_endless":false,"potions_floor_spawned":[7,16,22,31,33,38,41,48],"ascension_level":0}