{"gold_per_floor":[114,114,131,2,12,12,44,44,67,113,125,167,193,52,52,52],"floor_reached":16,"playtime":652,"items_purged":["Strike_B"],"score":151,"play_id":"b4ceb05a-93c7-4e78-aeb8-834939506eaf","local_time":"20181110173830","is_ascension_mode":true,"campfire_choices":[{"data":"Zap","floor":6,"key":"SMITH"},{"floor":8,"key":"REST"},{"floor":11,"key":"REST"},{"floor":15,"key":"REST"}],"neow_cost":"NONE","seed_source_timestamp":516953469109663,"circlet_count":0,"master_deck":["Strike_B","Strike_B","Defend_B","Defend_B","Defend_B","Zap+1","Dualcast","Beam Cell","Reprogram","Steam","Electrodynamics","FTL"],"relics":["Cracked Core","Bag of Marbles","MawBank","Blue Candle","DataDisk"],"potions_floor_usage":[10],"damage_taken":[{"damage":3,"enemies":"Jaw Worm","floor":1,"turns":4},{"damage":0,"enemies":"2 Louse","floor":3,"turns":3},{"damage":7,"enemies":"Small Slimes","floor":5,"turns":3},{"damage":43,"enemies":"Lagavulin","floor":7,"turns":9},{"damage":20,"enemies":"3 Sentries","floor":10,"turns":8},{"damage":9,"enemies":"Gremlin Gang","floor":13,"turns":2},{"damage":50,"enemies":"The Guardian","floor":16,"turns":10}],"seed_played":"7351664343672223682","potions_obtained":[{"floor":3,"key":"FearPotion"},{"floor":5,"key":"PowerPotion"}],"is_trial":false,"path_per_floor":["M","?","M","$","M","R","E","R","T","E","R","?","M","$","R","B"],"character_chosen":"DEFECT","items_purchased":["Steam","DataDisk"],"campfire_rested":3,"item_purchase_floors":[4,14],"current_hp_per_floor":[65,58,58,58,51,51,8,30,30,10,32,32,23,23,45,0],"gold":52,"neow_bonus":"REMOVE_CARD","is_prod":false,"is_daily":false,"chose_seed":false,"campfire_upgraded":1,"win_rate":0,"timestamp":1541889510,"path_taken":["M","?","M","$","M","R","E","R","T","E","R","?","M","$","R","BOSS"],"build_version":"2018-11-08","purchased_purges":1,"victory":false,"max_hp_per_floor":[75,75,75,75,75,75,75,75,75,75,75,75,75,75,75,75],"card_choices":[{"not_picked":["Ball Lightning","Leap"],"picked":"Beam Cell","floor":1},{"not_picked":["Leap","Turbo"],"picked":"Reprogram","floor":3},{"not_picked":["Ball Lightning","Streamline","Rebound"],"picked":"SKIP","floor":5},{"not_picked":["Machine Learning","Compile Driver","Consume"],"picked":"SKIP","floor":7},{"not_picked":["Heatsinks","Leap"],"picked":"Electrodynamics","floor":10},{"not_picked":["Redo","Consume"],"picked":"FTL","floor":13}],"player_experience":348934,"relics_obtained":[{"floor":7,"key":"Bag of Marbles"},{"floor":9,"key":"MawBank"},{"floor":10,"key":"Blue Candle"}],"event_choices":[{"cards_removed":["Defend_B"],"damage_healed":0,"gold_gain":0,"player_choice":"Card Removal","damage_taken":7,"max_hp_gain":0,"max_hp_loss":0,"event_name":"Golden Wing","floor":2,"gold_loss":0},{"damage_healed":0,"gold_gain":30,"player_choice":"Searched \u00271\u0027 times","damage_taken":0,"max_hp_gain":0,"max_hp_loss":0,"event_name":"Dead Adventurer","floor":12,"gold_loss":0}],"is_beta":true,"boss_relics":[],"items_purged_floors":[4],"is_endless":false,"potions_floor_spawned":[3,5],"killed_by":"The Guardian","ascension_level":8}