{"gold_per_floor":[19,34,34,34,44,44,63,97,121,121,131,131,12,28,28,28],"floor_reached":16,"playtime":763,"items_purged":[],"score":102,"play_id":"d24e855f-cb1f-42cc-8636-e1b74262d28c","local_time":"20181109202142","is_ascension_mode":false,"campfire_choices":[{"data":"Survivor","floor":6,"key":"SMITH"},{"floor":10,"key":"REST"},{"data":"Underhanded Strike","floor":12,"key":"SMITH"},{"floor":15,"key":"REST"}],"neow_cost":"NO_GOLD","seed_source_timestamp":21265569605260,"circlet_count":0,"master_deck":["Defend_G","Defend_G","Defend_G","Defend_G+1","Defend_G","Strike_G","Strike_G","Strike_G","Strike_G","Strike_G","Survivor+1","Neutralize","PiercingWail+1","Underhanded Strike+1","Backflip","Underhanded Strike","Terror","Dagger Spray","Well Laid Plans","Leg Sweep","Reflex"],"relics":["Ring of the Snake","War Paint","Lantern"],"potions_floor_usage":[7,8,16],"damage_taken":[{"damage":0,"enemies":"Cultist","floor":1,"turns":5},{"damage":6,"enemies":"Jaw Worm","floor":2,"turns":6},{"damage":2,"enemies":"Small Slimes","floor":5,"turns":4},{"damage":0,"enemies":"2 Fungi Beasts","floor":7,"turns":2},{"damage":28,"enemies":"3 Sentries","floor":8,"turns":11},{"damage":0,"enemies":"Lots of Slimes","floor":11,"turns":6},{"damage":10,"enemies":"Exordium Thugs","floor":14,"turns":4},{"damage":63,"enemies":"Slime Boss","floor":16,"turns":15}],"seed_played":"3605699767803270951","potions_obtained":[{"floor":1,"key":"SpeedPotion"},{"floor":4,"key":"Explosive Potion"},{"floor":4,"key":"Fire Potion"},{"floor":5,"key":"EssenceOfSteel"}],"is_trial":false,"path_per_floor":["M","M","$","?","M","R","M","E","T","R","M","R","$","M","R","B"],"character_chosen":"THE_SILENT","items_purchased":["Well Laid Plans","Leg Sweep"],"campfire_rested":2,"item_purchase_floors":[13,13],"current_hp_per_floor":[84,78,78,78,76,76,76,48,48,73,73,73,73,63,84,21],"gold":28,"neow_bonus":"TWENTY_PERCENT_HP_BONUS","is_prod":false,"is_daily":false,"chose_seed":false,"campfire_upgraded":2,"win_rate":0,"timestamp":1541766102,"path_taken":["M","M","?","?","M","R","M","E","T","R","M","R","$","M","R","BOSS"],"build_version":"2018-11-08","purchased_purges":0,"victory":false,"max_hp_per_floor":[84,84,84,84,84,84,84,84,84,84,84,84,84,84,84,84],"card_choices":[{"not_picked":["Choke","Catalyst"],"picked":"PiercingWail","floor":1},{"not_picked":["Catalyst","Dagger Spray"],"picked":"Underhanded Strike","floor":2},{"not_picked":["Bane","PiercingWail"],"picked":"Backflip","floor":5},{"not_picked":["Cloak And Dagger","Endless Agony"],"picked":"Underhanded Strike","floor":7},{"not_picked":["Backflip","Setup"],"picked":"Terror","floor":8},{"not_picked":["Deadly Poison","Quick Slash"],"picked":"Dagger Spray","floor":11},{"not_picked":["Choke","Crippling Poison"],"picked":"Reflex","floor":14}],"player_experience":427737,"relics_obtained":[{"floor":8,"key":"War Paint"},{"floor":9,"key":"Lantern"}],"event_choices":[{"damage_healed":0,"gold_gain":0,"player_choice":"Got Potions","damage_taken":0,"max_hp_gain":0,"max_hp_loss":0,"event_name":"Lab","floor":4,"gold_loss":0}],"is_beta":false,"boss_relics":[],"items_purged_floors":[],"is_endless":false,"potions_floor_spawned":[1,5],"killed_by":"Slime Boss","ascension_level":0}