{"gold_per_floor":[16,16,34,53,64,91,91,106,160,160,160,172,20,31,31,135,135,153,164,164,164,64,64],"floor_reached":23,"playtime":1111,"items_purged":["Feel No Pain","Searing Blow"],"score":232,"play_id":"929a69ac-d251-48d9-9f49-9fc869679fd9","local_time":"20190512224935","is_ascension_mode":true,"campfire_choices":[{"floor":7,"key":"REST"},{"data":"Clothesline","floor":10,"key":"SMITH"},{"data":"Armaments","floor":15,"key":"SMITH"}],"neow_cost":"NO_GOLD","seed_source_timestamp":179301095763300,"circlet_count":0,"master_deck":["Bash","Clothesline+1","Pommel Strike","Demon Form","Whirlwind","Armaments+1","Feed","Ghostly Armor","Reaper","Shockwave","Metallicize","Shockwave","Rampage+1","Shrug It Off"],"relics":["Burning Blood","Paper Frog","Pandora\u0027s Box"],"potions_floor_usage":[12,14,16,19,23,23],"damage_taken":[{"damage":10,"enemies":"2 Louse","floor":1,"turns":3},{"damage":6,"enemies":"Cultist","floor":3,"turns":3},{"damage":9,"enemies":"Jaw Worm","floor":4,"turns":3},{"damage":14,"enemies":"Red Slaver","floor":5,"turns":4},{"damage":53,"enemies":"Lagavulin","floor":6,"turns":7},{"damage":19,"enemies":"2 Fungi Beasts","floor":8,"turns":4},{"damage":9,"enemies":"Blue Slaver","floor":12,"turns":3},{"damage":12,"enemies":"Exordium Wildlife","floor":14,"turns":5},{"damage":16,"enemies":"Hexaghost","floor":16,"turns":10},{"damage":22,"enemies":"Spheric Guardian","floor":18,"turns":7},{"damage":2,"enemies":"3 Byrds","floor":19,"turns":4},{"damage":85,"enemies":"Book of Stabbing","floor":23,"turns":7}],"seed_played":"529722541540526761","potions_obtained":[{"floor":2,"key":"BloodPotion"},{"floor":2,"key":"GamblersBrew"},{"floor":2,"key":"SteroidPotion"},{"floor":4,"key":"Energy Potion"},{"floor":12,"key":"PowerPotion"},{"floor":14,"key":"SpeedPotion"},{"floor":16,"key":"SteroidPotion"},{"floor":19,"key":"Swift Potion"}],"is_trial":false,"path_per_floor":["M","?","M","M","M","E","R","M","T","R","?","M","$","M","R","B",null,"M","M","?","?","$","E"],"character_chosen":"IRONCLAD","items_purchased":["Whirlwind"],"campfire_rested":1,"item_purchase_floors":[13],"current_hp_per_floor":[76,76,76,73,65,18,42,29,29,29,29,34,34,28,28,18,80,67,74,57,57,57,0],"gold":64,"neow_bonus":"REMOVE_TWO","is_prod":false,"is_daily":false,"chose_seed":false,"campfire_upgraded":2,"win_rate":0,"timestamp":1557715775,"path_taken":["M","?","M","?","M","E","R","M","T","R","?","?","$","M","R","BOSS","M","M","?","?","$","E"],"build_version":"2019-01-23","purchased_purges":2,"victory":false,"max_hp_per_floor":[80,80,80,80,80,80,80,80,80,80,80,80,80,80,80,80,80,83,86,91,91,91,91],"card_choices":[{"not_picked":["Pommel Strike","Dual Wield"],"picked":"Clothesline","floor":1},{"not_picked":["Power Through","Intimidate","Heavy Blade"],"picked":"SKIP","floor":3},{"not_picked":["Thunderclap","Pommel Strike","Corruption"],"picked":"SKIP","floor":4},{"not_picked":["Clash","Flex","Pommel Strike"],"picked":"SKIP","floor":5},{"not_picked":["Clash","Flex"],"picked":"Pommel Strike","floor":5},{"not_picked":["Immolate","Pommel Strike"],"picked":"Demon Form","floor":6},{"not_picked":["Seeing Red","Clash","Sever Soul"],"picked":"SKIP","floor":8},{"not_picked":["Intimidate","Flex","Pommel Strike"],"picked":"SKIP","floor":12},{"not_picked":["Second Wind","Feel No Pain"],"picked":"Armaments","floor":14},{"not_picked":["Reaper","Barricade"],"picked":"Feed","floor":16},{"not_picked":["Iron Wave","Perfected Strike+1","Armaments"],"picked":"SKIP","floor":18},{"not_picked":["Havoc","Clothesline"],"picked":"Rampage+1","floor":19}],"player_experience":275189,"relics_obtained":[{"floor":6,"key":"Paper Frog"}],"event_choices":[{"damage_healed":0,"gold_gain":0,"player_choice":"Got Potions","damage_taken":0,"max_hp_gain":0,"max_hp_loss":0,"event_name":"Lab","floor":2,"gold_loss":0},{"damage_healed":0,"gold_gain":0,"cards_transformed":["Strike_R"],"player_choice":"Transformed","damage_taken":0,"max_hp_gain":0,"max_hp_loss":0,"event_name":"Transmorgrifier","floor":11,"gold_loss":0,"cards_obtained":["Feel No Pain"]},{"damage_healed":0,"gold_gain":0,"player_choice":"Shed Blood","damage_taken":22,"max_hp_gain":5,"max_hp_loss":0,"event_name":"Forgotten Altar","floor":20,"gold_loss":0},{"damage_healed":0,"gold_gain":0,"player_choice":"Read","damage_taken":0,"max_hp_gain":0,"max_hp_loss":0,"event_name":"The Library","floor":21,"gold_loss":0,"cards_obtained":["Shrug It Off"]}],"is_beta":false,"boss_relics":[{"not_picked":["Calling Bell","Runic Pyramid"],"picked":"Pandora\u0027s Box"}],"items_purged_floors":[13,22],"is_endless":false,"potions_floor_spawned":[3,4,12,14,16,19],"killed_by":"Book of Stabbing","ascension_level":4}