{"gold_per_floor":[115,115,40,50,0,0,17,52,100,119,119,119,119,119,119,219,219,237,45,45,59,59,84,96,96,96,21,21,21,31,62,62,167,167,187,187,202,43,0,25,25,56,133,133,133,166,166,166,166,166],"floor_reached":51,"playtime":2217,"items_purged":["Regret"],"score":983,"play_id":"ce7ca5bb-704b-4b47-a5a3-7086609f50ed","local_time":"20180922004654","is_ascension_mode":true,"campfire_choices":[{"data":"Barricade","floor":6,"key":"SMITH"},{"data":"Impervious","floor":11,"key":"SMITH"},{"data":"Armaments","floor":13,"key":"SMITH"},{"data":"1","floor":15,"key":"LIFT"},{"data":"2","floor":25,"key":"LIFT"},{"data":"3","floor":28,"key":"LIFT"},{"data":"Intimidate","floor":32,"key":"SMITH"},{"data":"Offering","floor":41,"key":"SMITH"},{"floor":45,"key":"REST"},{"data":"Offering","floor":47,"key":"SMITH"},{"data":"Rampage","floor":49,"key":"SMITH"}],"neow_cost":"TEN_PERCENT_HP_LOSS","seed_source_timestamp":562887362251171,"circlet_count":0,"master_deck":["Strike_R","Strike_R+1","Strike_R","Defend_R","Defend_R","Bash+1","Barricade+1","Armaments+1","Impervious+1","Intimidate+1","Impervious","Impervious+1","Ghostly Armor+1","Offering+1","Twin Strike","Offering+1","Entrench","Rampage+1","Discovery"],"relics":["Burning Blood","Bronze Scales","Girya","Red Skull","Philosopher\u0027s Stone","DollysMirror","Charon\u0027s Ashes","Magic Flower","Juzu Bracelet","Runic Dome","Red Mask","Bag of Marbles","Anchor","Letter Opener","Pen Nib"],"potions_floor_usage":[8,10,21,50],"damage_taken":[{"damage":7,"enemies":"2 Louse","floor":1,"turns":2},{"damage":0,"enemies":"Small Slimes","floor":4,"turns":3},{"damage":5,"enemies":"Cultist","floor":7,"turns":4},{"damage":21,"enemies":"3 Sentries","floor":8,"turns":9},{"damage":8,"enemies":"3 Louse","floor":10,"turns":5},{"damage":19,"enemies":"The Guardian","floor":16,"turns":13},{"damage":0,"enemies":"Chosen","floor":18,"turns":7},{"damage":0,"enemies":"3 Byrds","floor":21,"turns":2},{"damage":11,"enemies":"Book of Stabbing","floor":23,"turns":7},{"damage":0,"enemies":"Snake Plant","floor":24,"turns":4},{"damage":0,"enemies":"Cultist and Chosen","floor":30,"turns":7},{"damage":10,"enemies":"Gremlin Leader","floor":31,"turns":9},{"damage":0,"enemies":"Automaton","floor":33,"turns":14},{"damage":6,"enemies":"3 Darklings","floor":35,"turns":7},{"damage":6,"enemies":"3 Shapes","floor":37,"turns":4},{"damage":40,"enemies":"2 Orb Walkers","floor":40,"turns":6},{"damage":12,"enemies":"Giant Head","floor":42,"turns":7},{"damage":6,"enemies":"2 Orb Walkers","floor":46,"turns":5},{"damage":18,"enemies":"Time Eater","floor":50,"turns":12}],"seed_played":"-1977292845346995970","potions_obtained":[{"floor":1,"key":"SteroidPotion"},{"floor":4,"key":"Fire Potion"},{"floor":8,"key":"BloodPotion"},{"floor":10,"key":"LiquidBronze"},{"floor":30,"key":"EntropicBrew"},{"floor":33,"key":"SteroidPotion"},{"floor":42,"key":"SpeedPotion"}],"is_trial":false,"path_per_floor":["M","?","$","M","?","R","M","E","T","M","R","?","R","?","R","B",null,"M","$","?","M","?","E","M","R","T","?","R","?","M","E","R","B",null,"M","?","M","$","?","E","R","E","T","?","R","E","R","?","R","B"],"character_chosen":"IRONCLAD","items_purchased":["DollysMirror","Entrench","Rampage"],"campfire_rested":1,"item_purchase_floors":[19,38,38],"current_hp_per_floor":[71,71,71,72,72,72,72,57,57,55,55,55,55,41,41,28,72,72,72,72,72,72,67,72,72,72,72,72,59,68,67,67,76,77,77,77,77,77,77,46,46,43,43,43,64,67,67,67,67,69],"gold":166,"neow_bonus":"THREE_RARE_CARDS","is_prod":false,"is_daily":false,"chose_seed":false,"campfire_upgraded":7,"win_rate":0,"timestamp":1537591614,"path_taken":["M","?","$","M","?","R","M","E","T","?","R","?","R","?","R","BOSS","M","$","?","M","?","E","?","R","T","?","R","?","?","E","R","BOSS","M","?","M","$","?","E","R","E","T","?","R","E","R","?","R","BOSS"],"build_version":"2018-09-20","purchased_purges":1,"victory":true,"max_hp_per_floor":[72,72,72,72,72,72,72,72,72,72,72,72,72,72,72,72,72,72,72,72,72,72,72,72,72,72,72,72,77,77,77,77,77,77,77,77,77,77,77,77,77,77,77,73,73,73,73,73,73,73],"card_choices":[{"not_picked":["Double Tap","Demon Form"],"picked":"Barricade","floor":0},{"not_picked":["Rupture","Clothesline","Headbutt"],"picked":"SKIP","floor":1},{"not_picked":["Twin Strike","Flex"],"picked":"Armaments","floor":4},{"not_picked":["Havoc","Clothesline","Rampage"],"picked":"SKIP","floor":7},{"not_picked":["Havoc","Warcry","Heavy Blade"],"picked":"SKIP","floor":8},{"not_picked":["Shrug It Off","Cleave"],"picked":"Impervious","floor":10},{"not_picked":["Juggernaut","Demon Form"],"picked":"Impervious","floor":16},{"not_picked":["Armaments+1","Havoc","Perfected Strike+1"],"picked":"SKIP","floor":18},{"not_picked":["Headbutt","Perfected Strike+1","Thunderclap+1"],"picked":"SKIP","floor":21},{"not_picked":["Havoc+1","Twin Strike"],"picked":"Ghostly Armor+1","floor":23},{"not_picked":["Havoc","Iron Wave","Searing Blow+1"],"picked":"SKIP","floor":24},{"not_picked":["Iron Wave","Dual Wield","Thunderclap+1"],"picked":"SKIP","floor":30},{"not_picked":["Havoc","True Grit","Warcry"],"picked":"SKIP","floor":31},{"not_picked":["Limit Break","Exhume"],"picked":"Offering","floor":33},{"not_picked":["Seeing Red","Clash+1"],"picked":"Twin Strike","floor":35},{"not_picked":["Pommel Strike+1","Havoc+1","Thunderclap+1"],"picked":"SKIP","floor":37},{"not_picked":["Blood for Blood","Rampage","Limit Break"],"picked":"SKIP","floor":40},{"not_picked":["Second Wind+1","Cleave+1","Reckless Charge"],"picked":"SKIP","floor":42},{"not_picked":["Fire Breathing","Seeing Red","Metallicize+1"],"picked":"SKIP","floor":46},{"not_picked":["HandOfGreed","Mind Blast"],"picked":"Discovery","floor":48}],"player_experience":312282,"relics_obtained":[{"floor":8,"key":"Girya"},{"floor":9,"key":"Red Skull"},{"floor":23,"key":"Charon\u0027s Ashes"},{"floor":26,"key":"Magic Flower"},{"floor":31,"key":"Juzu Bracelet"},{"floor":40,"key":"Bag of Marbles"},{"floor":42,"key":"Anchor"},{"floor":43,"key":"Letter Opener"},{"floor":46,"key":"Pen Nib"}],"event_choices":[{"event_name":"Big Fish","player_choice":"Box","floor":2,"damage_taken":0},{"event_name":"The Cleric","player_choice":"Card Removal","floor":5,"damage_taken":0},{"event_name":"Transmorgrifier","player_choice":"Transform","floor":12,"damage_taken":0},{"event_name":"Shining Light","player_choice":"Entered Light","floor":14,"damage_taken":0},{"event_name":"Back to Basics","player_choice":"Elegance","floor":22,"damage_taken":0},{"event_name":"Beggar","player_choice":"Gave Gold","floor":27,"damage_taken":0},{"event_name":"Forgotten Altar","player_choice":"Shed Blood","floor":29,"damage_taken":0},{"event_name":"Duplicator","player_choice":"One dupe","floor":36,"damage_taken":0},{"event_name":"Tomb of Lord Red Mask","player_choice":"Paid","floor":39,"damage_taken":0},{"event_name":"Winding Halls","player_choice":"Max HP","floor":44,"damage_taken":0},{"event_name":"SensoryStone","player_choice":"Memory 1","floor":48,"damage_taken":0}],"is_beta":true,"boss_relics":[{"not_picked":["Runic Pyramid","Black Star"],"picked":"Philosopher\u0027s Stone"},{"not_picked":["Mark of Pain","Black Blood"],"picked":"Runic Dome"}],"items_purged_floors":[3],"is_endless":false,"potions_floor_spawned":[1,4,8,10,30,33,37,42,46],"ascension_level":1}