{"gold_per_floor":[119,119,129,129,52,80,80,93,93,93,104,124,124,144,144,245,245,255,266,279,279,299,299,299],"floor_reached":24,"playtime":824,"items_purged":[],"score":290,"play_id":"6040c3b8-a100-4987-8d16-51b6f74fddb9","local_time":"20181111200903","is_ascension_mode":true,"campfire_choices":[{"data":"Zap","floor":7,"key":"SMITH"},{"data":"Rainbow","floor":10,"key":"SMITH"},{"data":"Redo","floor":13,"key":"SMITH"},{"floor":15,"key":"REST"},{"floor":23,"key":"REST"}],"neow_cost":"NONE","seed_source_timestamp":612215529180254,"circlet_count":0,"master_deck":["Strike_B","Strike_B","Strike_B","Defend_B","Defend_B","Defend_B","Defend_B","Zap+1","Dualcast","Rainbow+1","Redo+1","Auto Shields","Defragment","Double Energy","Cold Snap","Seek","Multi-Cast","Conserve Battery","Ball Lightning+1","Self Repair"],"relics":["Cracked Core","Du-Vu Doll","Bottled Lightning","Sozu","Cables"],"potions_floor_usage":[19,24,24],"damage_taken":[{"damage":0,"enemies":"Jaw Worm","floor":1,"turns":4},{"damage":0,"enemies":"Cultist","floor":3,"turns":4},{"damage":15,"enemies":"Lagavulin","floor":6,"turns":7},{"damage":1,"enemies":"2 Louse","floor":8,"turns":2},{"damage":13,"enemies":"Gremlin Gang","floor":11,"turns":4},{"damage":0,"enemies":"3 Louse","floor":12,"turns":3},{"damage":4,"enemies":"Looter","floor":14,"turns":3},{"damage":23,"enemies":"Hexaghost","floor":16,"turns":11},{"damage":24,"enemies":"2 Thieves","floor":18,"turns":4},{"damage":15,"enemies":"3 Byrds","floor":19,"turns":3},{"damage":8,"enemies":"Snecko","floor":20,"turns":5},{"damage":1,"enemies":"3 Cultists","floor":22,"turns":5},{"damage":42,"enemies":"Gremlin Leader","floor":24,"turns":4}],"seed_played":"213699847104881220","potions_obtained":[{"floor":3,"key":"Strength Potion"},{"floor":6,"key":"LiquidBronze"},{"floor":11,"key":"LiquidBronze"}],"is_trial":false,"path_per_floor":["M","?","M","?","$","E","R","M","T","R","M","M","R","M","R","B",null,"M","M","M","?","M","R","E"],"character_chosen":"DEFECT","items_purchased":["Defragment"],"campfire_rested":2,"item_purchase_floors":[5],"current_hp_per_floor":[68,68,68,68,68,53,53,52,52,52,39,39,39,35,57,34,65,41,26,18,18,17,39,0],"gold":299,"neow_bonus":"ONE_RANDOM_RARE_CARD","is_prod":false,"is_daily":false,"chose_seed":false,"campfire_upgraded":3,"win_rate":0,"timestamp":1541984943,"path_taken":["M","?","?","?","?","E","R","M","T","R","M","M","R","M","R","BOSS","M","M","M","?","M","R","E"],"build_version":"2018-11-08","purchased_purges":0,"victory":false,"max_hp_per_floor":[75,75,75,75,75,75,75,75,75,75,75,75,75,75,75,75,75,75,75,75,75,75,75,75],"card_choices":[{"not_picked":["Hologram","Stack"],"picked":"Redo","floor":1},{"not_picked":["Gash","Stack"],"picked":"Auto Shields","floor":3},{"not_picked":["Undo","Hyperbeam"],"picked":"Double Energy","floor":6},{"not_picked":["Leap","Beam Cell","Streamline"],"picked":"SKIP","floor":8},{"not_picked":["Skim","Hello World"],"picked":"Cold Snap","floor":11},{"not_picked":["Gash","Stack"],"picked":"Redo","floor":12},{"not_picked":["Force Field","Self Repair"],"picked":"Seek","floor":14},{"not_picked":["Buffer","Seek"],"picked":"Multi-Cast","floor":16},{"not_picked":["Cold Snap","Beam Cell"],"picked":"Conserve Battery","floor":18},{"not_picked":["Beam Cell","Double Energy"],"picked":"Ball Lightning+1","floor":19},{"not_picked":["Scrape+1","Sweeping Beam","Turbo"],"picked":"SKIP","floor":20},{"not_picked":["Redo","Cold Snap+1"],"picked":"Self Repair","floor":22}],"player_experience":360139,"relics_obtained":[{"floor":6,"key":"Du-Vu Doll"},{"floor":9,"key":"Bottled Lightning"}],"event_choices":[{"cards_removed":["Strike_B"],"damage_healed":0,"gold_gain":0,"player_choice":"Offered Basic","damage_taken":0,"max_hp_gain":0,"max_hp_loss":0,"event_name":"Bonfire Elementals","floor":2,"gold_loss":0},{"damage_healed":0,"gold_gain":0,"player_choice":"Ignored","damage_taken":0,"max_hp_gain":0,"max_hp_loss":0,"event_name":"Liars Game","floor":4,"gold_loss":0},{"cards_removed":["Redo"],"damage_healed":0,"gold_gain":0,"player_choice":"Gave Card","damage_taken":0,"relics_obtained":["Cables"],"max_hp_gain":0,"max_hp_loss":0,"event_name":"WeMeetAgain","floor":21,"gold_loss":0}],"is_beta":true,"boss_relics":[{"not_picked":["Runic Pyramid","Cursed Key"],"picked":"Sozu"}],"items_purged_floors":[],"is_endless":false,"potions_floor_spawned":[3,6,11,19,20],"killed_by":"Gremlin Leader","ascension_level":9}