{"gold_per_floor":[110,110,75,250,33,33,33,50,50,63,77,94,94,110,110,211,211,223,223,66,66,66,66,99,99,151,151,151,162,179,198,198,299,299,317,317,317,617,617],"floor_reached":39,"playtime":1650,"items_purged":["Doubt"],"score":445,"play_id":"b7bcb3c1-bedd-402f-8c8e-305b6c3eb9f8","local_time":"20181209232141","is_ascension_mode":true,"campfire_choices":[{"data":"Envenom","floor":6,"key":"SMITH"},{"data":"Neutralize","floor":13,"key":"SMITH"},{"data":"Dodge and Roll","floor":15,"key":"SMITH"},{"data":"Sucker Punch","floor":23,"key":"SMITH"},{"floor":25,"key":"REST"},{"floor":27,"key":"REST"},{"floor":32,"key":"REST"}],"neow_cost":"NONE","seed_source_timestamp":9053060381599,"circlet_count":0,"master_deck":["Defend_G","Defend_G","Defend_G","Defend_G","Strike_G","Strike_G","Survivor","Neutralize+1","Envenom+1","Dodge and Roll+1","Calculated Gamble","Malaise","Sucker Punch+1","Envenom","Terror","A Thousand Cuts","Blur","Noxious Fumes","Prepared","Catalyst","Bane","Reflex","PiercingWail","Acrobatics+1","Tactician+1","Night Terror","Outmaneuver+1"],"relics":["Ring of the Snake","Mercury Hourglass","Paper Crane","Velvet Choker","Potion Belt","Blood Vial","Runic Pyramid"],"potions_floor_usage":[14,16,16,18,33],"damage_taken":[{"damage":3,"enemies":"2 Louse","floor":1,"turns":3},{"damage":0,"enemies":"Cultist","floor":8,"turns":3},{"damage":0,"enemies":"Small Slimes","floor":10,"turns":2},{"damage":3,"enemies":"Blue Slaver","floor":11,"turns":3},{"damage":0,"enemies":"3 Louse","floor":12,"turns":4},{"damage":14,"enemies":"Gremlin Gang","floor":14,"turns":4},{"damage":17,"enemies":"Slime Boss","floor":16,"turns":10},{"damage":5,"enemies":"Spheric Guardian","floor":18,"turns":6},{"damage":56,"enemies":"Slavers","floor":24,"turns":8},{"damage":6,"enemies":"3 Byrds","floor":29,"turns":4},{"damage":15,"enemies":"Shelled Parasite and Fungi","floor":30,"turns":6},{"damage":21,"enemies":"3 Cultists","floor":31,"turns":6},{"damage":19,"enemies":"Automaton","floor":33,"turns":10},{"damage":41,"enemies":"3 Darklings","floor":35,"turns":6},{"damage":56,"enemies":"3 Shapes","floor":39,"turns":3}],"seed_played":"6651434754156641230","potions_obtained":[{"floor":10,"key":"GamblersBrew"},{"floor":12,"key":"Poison Potion"},{"floor":14,"key":"Explosive Potion"},{"floor":16,"key":"Swift Potion"},{"floor":30,"key":"LiquidBronze"},{"floor":33,"key":"Poison Potion"}],"is_trial":false,"path_per_floor":["M","?","?","?","$","R","?","M","T","M","M","M","R","M","R","B",null,"M","?","$","?","?","R","E","R","T","R","?","M","M","M","R","B",null,"M","?","?","?","M"],"character_chosen":"THE_SILENT","items_purchased":["Envenom","Noxious Fumes","Prepared","Catalyst"],"campfire_rested":3,"item_purchase_floors":[5,20,20,20],"current_hp_per_floor":[67,55,70,70,70,70,70,70,70,70,67,67,67,53,53,36,70,65,65,65,65,65,65,9,30,30,51,51,47,34,15,36,19,70,29,29,29,29,0],"gold":617,"neow_bonus":"REMOVE_CARD","is_prod":false,"is_daily":false,"chose_seed":false,"campfire_upgraded":4,"win_rate":0,"timestamp":1544426501,"path_taken":["M","?","?","?","$","R","?","?","T","M","M","M","R","M","R","BOSS","M","?","$","?","?","R","E","R","T","R","?","?","M","M","R","BOSS","M","?","?","?","M"],"build_version":"2018-12-06","purchased_purges":1,"victory":false,"max_hp_per_floor":[70,70,70,70,70,70,70,70,70,70,70,70,70,70,70,70,70,70,70,70,70,70,70,70,70,70,70,70,70,70,70,70,70,70,70,70,70,70,70],"card_choices":[{"not_picked":["Underhanded Strike","Flying Knee"],"picked":"Poisoned Stab","floor":1},{"not_picked":["Heel Hook","Flying Knee"],"picked":"Dodge and Roll","floor":8},{"not_picked":["Heel Hook","Calculated Gamble","Outmaneuver"],"picked":"SKIP","floor":10},{"not_picked":["Heel Hook","Outmaneuver"],"picked":"Calculated Gamble","floor":10},{"not_picked":["Quick Slash","Prepared"],"picked":"Malaise","floor":11},{"not_picked":["Heel Hook","Flying Knee","Masterful Stab"],"picked":"SKIP","floor":12},{"not_picked":["All Out Attack","Slice"],"picked":"Sucker Punch","floor":14},{"not_picked":["Glass Knife","Die Die Die"],"picked":"Envenom","floor":16},{"not_picked":["Acrobatics+1","Flying Knee"],"picked":"Terror","floor":18},{"not_picked":["Backflip","Quick Slash"],"picked":"Reflex","floor":24},{"not_picked":["Dodge and Roll","Terror"],"picked":"PiercingWail","floor":29},{"not_picked":["Cloak And Dagger","Deadly Poison"],"picked":"Acrobatics+1","floor":30},{"not_picked":["Dagger Throw","Well Laid Plans"],"picked":"Tactician+1","floor":31},{"not_picked":["Glass Knife","Burst"],"picked":"Night Terror","floor":33},{"not_picked":["Masterful Stab","Setup+1"],"picked":"Outmaneuver+1","floor":35}],"player_experience":541814,"relics_obtained":[{"floor":9,"key":"Paper Crane"},{"floor":24,"key":"Potion Belt"},{"floor":26,"key":"Blood Vial"}],"event_choices":[{"damage_healed":0,"gold_gain":0,"player_choice":"Success","damage_taken":12,"relics_obtained":["Mercury Hourglass"],"max_hp_gain":0,"max_hp_loss":0,"event_name":"Scrap Ooze","floor":2,"gold_loss":0},{"damage_healed":17,"gold_gain":0,"player_choice":"Healed","damage_taken":0,"max_hp_gain":0,"max_hp_loss":0,"event_name":"The Cleric","floor":3,"gold_loss":35},{"damage_healed":0,"gold_gain":175,"player_choice":"AGREE","damage_taken":0,"max_hp_gain":0,"max_hp_loss":0,"event_name":"Liars Game","floor":4,"gold_loss":0,"cards_obtained":["Doubt"]},{"damage_healed":0,"gold_gain":0,"player_choice":"Upgraded","damage_taken":0,"max_hp_gain":0,"max_hp_loss":0,"event_name":"Upgrade Shrine","floor":7,"gold_loss":0,"cards_upgraded":["Poisoned Stab"]},{"damage_healed":0,"gold_gain":0,"cards_transformed":["Strike_G","Defend_G"],"player_choice":"Became Test Subject","damage_taken":0,"max_hp_gain":0,"max_hp_loss":0,"event_name":"Drug Dealer","floor":19,"gold_loss":0,"cards_obtained":["A Thousand Cuts","Blur"]},{"damage_healed":0,"gold_gain":0,"player_choice":"Ignored","damage_taken":0,"max_hp_gain":0,"max_hp_loss":0,"event_name":"Cursed Tome","floor":21,"gold_loss":0},{"damage_healed":0,"gold_gain":0,"player_choice":"Read","damage_taken":0,"max_hp_gain":0,"max_hp_loss":0,"event_name":"The Library","floor":22,"gold_loss":0,"cards_obtained":["Bane"]},{"cards_removed":["Strike_G"],"damage_healed":0,"gold_gain":0,"player_choice":"Offered Basic","damage_taken":0,"max_hp_gain":0,"max_hp_loss":0,"event_name":"Bonfire Elementals","floor":28,"gold_loss":0},{"cards_removed":["Poisoned Stab"],"damage_healed":0,"gold_gain":0,"player_choice":"Removed Attack","damage_taken":0,"max_hp_gain":0,"max_hp_loss":0,"event_name":"Falling","floor":36,"gold_loss":0},{"damage_healed":0,"gold_gain":0,"player_choice":"Ignored","damage_taken":0,"max_hp_gain":0,"max_hp_loss":0,"event_name":"Mysterious Sphere","floor":37,"gold_loss":0},{"damage_healed":0,"gold_gain":300,"player_choice":"Gold","damage_taken":0,"max_hp_gain":0,"max_hp_loss":0,"event_name":"Wheel of Change","floor":38,"gold_loss":0}],"is_beta":false,"boss_relics":[{"not_picked":["Coffee Dripper","Runic Dome"],"picked":"Velvet Choker"},{"not_picked":["Black Star","Eternal Feather"],"picked":"Runic Pyramid"}],"items_purged_floors":[5],"is_endless":false,"potions_floor_spawned":[10,12,14,16,30,33],"killed_by":"3 Shapes","ascension_level":3}