{"gold_per_floor":[212,25,43,118,132,132,164,164,164,164,199,214,264,11,11,85,85,100,112,132,132,148,148,177,102,156,156,156,182,182,182,182,182],"floor_reached":33,"playtime":4842,"items_purged":["Strike_R"],"score":534,"play_id":"fa101c3b-0569-4b05-a24d-cfbf35916573","local_time":"20190419093024","is_ascension_mode":true,"campfire_choices":[{"data":"Bash","floor":6.0,"key":"SMITH"},{"data":"Disarm","floor":8.0,"key":"SMITH"},{"data":"Pummel","floor":10.0,"key":"SMITH"},{"data":"Dark Shackles","floor":15.0,"key":"SMITH"},{"data":"Armaments","floor":23,"key":"SMITH"},{"data":"True Grit","floor":27,"key":"SMITH"},{"data":"Shrug It Off","floor":30,"key":"SMITH"},{"data":"Spot Weakness","floor":32,"key":"SMITH"}],"neow_cost":"NONE","seed_source_timestamp":0,"circlet_count":0,"master_deck":["AscendersBane","Strike_R","Strike_R","Strike_R","Strike_R","Defend_R","Defend_R","Defend_R","Defend_R","Bash+1","Clothesline","Pummel+1","Iron Wave","Disarm+1","Feed","Dark Shackles+1","Brutality","Shrug It Off+1","Spot Weakness+1","Armaments+1","True Grit+1","Spot Weakness+1"],"special_seed":0,"relics":["Burning Blood","Vajra","Dead Branch","Pocketwatch","Du-Vu Doll","Oddly Smooth Stone","Eternal Feather","Enchiridion","Bottled Flame","Regal Pillow","Omamori","Strawberry"],"potions_floor_usage":[22,24,29,33],"damage_taken":[{"damage":2.0,"enemies":"Jaw Worm","floor":1.0,"turns":4.0},{"damage":9.0,"enemies":"Small Slimes","floor":3.0,"turns":4.0},{"damage":0.0,"enemies":"Cultist","floor":5.0,"turns":3.0},{"damage":20.0,"enemies":"Lagavulin","floor":7.0,"turns":5.0},{"damage":13.0,"enemies":"Gremlin Nob","floor":11.0,"turns":4.0},{"damage":6.0,"enemies":"Exordium Wildlife","floor":12.0,"turns":4.0},{"damage":23.0,"enemies":"The Guardian","floor":16.0,"turns":13.0},{"damage":4,"enemies":"Chosen","floor":18,"turns":5},{"damage":5,"enemies":"3 Byrds","floor":19,"turns":6},{"damage":22,"enemies":"Snecko","floor":20,"turns":6},{"damage":23,"enemies":"3 Cultists","floor":22,"turns":5},{"damage":9,"enemies":"Book of Stabbing","floor":24,"turns":5},{"damage":17,"enemies":"Slavers","floor":29,"turns":8},{"damage":82,"enemies":"Automaton","floor":33,"turns":10}],"seed_played":"1287691811654228645","potions_obtained":[{"floor":1.0,"key":"Explosive Potion"},{"floor":3.0,"key":"Energy Potion"},{"floor":12.0,"key":"FairyPotion"},{"floor":16.0,"key":"PowerPotion"},{"floor":19,"key":"SteroidPotion"},{"floor":22,"key":"SteroidPotion"},{"floor":24,"key":"GamblersBrew"}],"is_trial":false,"path_per_floor":["M","$","M","?","M","R","E","R","T","R","E","M","?","$","R","B",null,"M","M","M","?","M","R","E","$","T","R","?","E","R","?","R","B"],"character_chosen":"IRONCLAD","items_purchased":["Vajra","Pummel","Oddly Smooth Stone","Dark Shackles"],"campfire_rested":0,"item_purchase_floors":[2,2,14,14],"current_hp_per_floor":[72,72,69,58,64,64,50,50,50,50,43,46,39,39,39,25,67,72,76,60,39,25,37,34,34,34,46,46,45,57,57,69,0],"gold":182,"neow_bonus":"HUNDRED_GOLD","is_prod":false,"is_daily":false,"chose_seed":false,"campfire_upgraded":8,"win_rate":0,"timestamp":1555680624,"path_taken":["M","$","M","?","M","R","E","R","T","R","E","M","?","$","R","BOSS","M","M","?","?","M","R","E","$","T","R","?","E","R","?","R","BOSS"],"build_version":"2019-01-23","purchased_purges":1,"victory":false,"max_hp_per_floor":[75,75,75,75,75,75,75,75,75,75,75,78,78,78,78,81,81,84,87,87,87,90,90,90,90,90,90,90,100,100,100,100,100],"card_choices":[{"not_picked":["Dual Wield","Iron Wave"],"picked":"Clothesline","floor":1.0},{"not_picked":["Armaments","Wild Strike","Clash"],"picked":"SKIP","floor":3.0},{"not_picked":["Pommel Strike","Wild Strike"],"picked":"Iron Wave","floor":5.0},{"not_picked":["Offering","Wild Strike"],"picked":"Disarm","floor":7.0},{"not_picked":["Heavy Blade","Uppercut"],"picked":"Feed","floor":11.0},{"not_picked":["Body Slam","Rage","Clash"],"picked":"SKIP","floor":12.0},{"not_picked":["Exhume","Bludgeon"],"picked":"Brutality","floor":16.0},{"not_picked":["Carnage","Headbutt"],"picked":"Shrug It Off","floor":18},{"not_picked":["Body Slam","Flex","Rampage"],"picked":"SKIP","floor":19},{"not_picked":["Shrug It Off","True Grit"],"picked":"Spot Weakness","floor":20},{"not_picked":["Iron Wave","Clash"],"picked":"Armaments","floor":22},{"not_picked":["Flex","Berserk"],"picked":"True Grit","floor":24},{"not_picked":["Clothesline","Warcry"],"picked":"Spot Weakness+1","floor":29}],"player_experience":2129081,"relics_obtained":[{"floor":7.0,"key":"Dead Branch"},{"floor":9.0,"key":"Pocketwatch"},{"floor":11.0,"key":"Du-Vu Doll"},{"floor":21,"key":"Enchiridion"},{"floor":24,"key":"Bottled Flame"},{"floor":26,"key":"Regal Pillow"},{"floor":29,"key":"Strawberry"}],"event_choices":[{"damage_healed":0.0,"max_hp_gain":0.0,"max_hp_loss":0.0,"gold_gain":75.0,"event_name":"World of Goop","player_choice":"Gather Gold","floor":4.0,"gold_loss":0.0,"damage_taken":11.0},{"damage_healed":0.0,"max_hp_gain":0.0,"max_hp_loss":0.0,"gold_gain":50.0,"event_name":"FaceTrader","player_choice":"Touch","floor":13.0,"gold_loss":0.0,"damage_taken":7.0},{"damage_healed":0,"gold_gain":0,"player_choice":"Obtained Book","damage_taken":21,"max_hp_gain":0,"max_hp_loss":0,"event_name":"Cursed Tome","floor":21,"gold_loss":0},{"damage_healed":0,"gold_gain":0,"player_choice":"Opened","damage_taken":0,"relics_obtained":["Omamori"],"max_hp_gain":0,"max_hp_loss":0,"event_name":"The Mausoleum","floor":28,"gold_loss":0,"cards_obtained":["Writhe"]},{"cards_removed":["Writhe"],"damage_healed":0,"gold_gain":0,"player_choice":"Removed Curses","damage_taken":0,"max_hp_gain":0,"max_hp_loss":0,"event_name":"Fountain of Cleansing","floor":31,"gold_loss":0}],"is_beta":false,"boss_relics":[{"not_picked":["Orrery","Philosopher\u0027s Stone"],"picked":"Eternal Feather"}],"items_purged_floors":[25],"is_endless":false,"potions_floor_spawned":[1,3,12,16,19,20,22,24],"killed_by":"Automaton","ascension_level":15}