{"gold_per_floor":[115,132,132,132,147,158,158,158,158,186,206,106,106,106,106,207,207,217,227,227,227,247,247],"floor_reached":23,"playtime":1846,"items_purged":["Parasite"],"score":201,"play_id":"d1c4871e-d8dd-4657-9b31-b69d1ee7f2b9","local_time":"20190521204459","is_ascension_mode":true,"campfire_choices":[{"data":"Zap","floor":8,"key":"SMITH"},{"floor":13,"key":"RECALL"},{"floor":15,"key":"REST"}],"neow_cost":"PERCENT_DAMAGE","seed_source_timestamp":298374630076136,"circlet_count":0,"master_deck":["Strike_B","Defend_B","Defend_B","Defend_B","Zap+1","Dualcast","Self Repair","Cold Snap","Genetic Algorithm","Buffer","Loop","Ball Lightning","Creative AI","Self Repair","Tempest+1","Turbo+1"],"relics":["Cracked Core","Ice Cream","Gambling Chip","Regal Pillow","Fusion Hammer","Ancient Tea Set"],"potions_floor_usage":[10,19,22,23],"damage_taken":[{"damage":0,"enemies":"2 Louse","floor":1,"turns":1},{"damage":6,"enemies":"Jaw Worm","floor":2,"turns":3},{"damage":0,"enemies":"Small Slimes","floor":5,"turns":4},{"damage":17,"enemies":"Exordium Wildlife","floor":6,"turns":6},{"damage":21,"enemies":"Lagavulin","floor":10,"turns":9},{"damage":6,"enemies":"2 Fungi Beasts","floor":11,"turns":3},{"damage":12,"enemies":"The Guardian","floor":16,"turns":11},{"damage":21,"enemies":"3 Byrds","floor":18,"turns":5},{"damage":15,"enemies":"Shell Parasite","floor":19,"turns":5},{"damage":12,"enemies":"Snake Plant","floor":22,"turns":5},{"damage":95,"enemies":"Slavers","floor":23,"turns":4}],"seed_played":"1843455846886993186","potions_obtained":[{"floor":1,"key":"Energy Potion"},{"floor":2,"key":"Regen Potion"},{"floor":5,"key":"FearPotion"},{"floor":10,"key":"Ancient Potion"},{"floor":19,"key":"Block Potion"}],"is_trial":false,"path_per_floor":["M","M","?","?","M","M","?","R","T","E","M","$","R","?","R","B",null,"M","M","?","?","M","E"],"character_chosen":"DEFECT","items_purchased":["Ball Lightning"],"campfire_rested":1,"item_purchase_floors":[12],"current_hp_per_floor":[54,55,60,53,60,50,70,70,70,56,50,50,50,43,77,72,77,63,62,62,62,64,0],"gold":247,"neow_bonus":"REMOVE_TWO","is_prod":false,"is_daily":false,"chose_seed":false,"campfire_upgraded":1,"win_rate":0,"timestamp":1558496699,"path_taken":["M","M","?","?","M","M","?","R","T","E","M","$","R","?","R","BOSS","M","M","?","?","?","E"],"build_version":"2019-01-23","purchased_purges":1,"victory":false,"max_hp_per_floor":[75,75,80,80,80,80,80,80,80,80,80,77,77,77,77,77,77,77,77,77,77,77,77],"card_choices":[{"not_picked":["Gash","Conserve Battery"],"picked":"Self Repair","floor":1},{"not_picked":["Coolheaded","Redo"],"picked":"Cold Snap","floor":2},{"not_picked":["Steam","Stack","Compile Driver"],"picked":"SKIP","floor":5},{"not_picked":["Chaos","Hologram"],"picked":"Genetic Algorithm","floor":6},{"not_picked":["Storm","Rebound"],"picked":"Buffer","floor":10},{"not_picked":["Force Field","Coolheaded"],"picked":"Loop","floor":11},{"not_picked":["Reboot","Multi-Cast"],"picked":"Creative AI","floor":16},{"not_picked":["Sunder","Ball Lightning"],"picked":"Self Repair","floor":18},{"not_picked":["Go for the Eyes+1","BootSequence+1"],"picked":"Tempest+1","floor":19},{"not_picked":["Conserve Battery","Gash"],"picked":"Turbo+1","floor":22}],"player_experience":39835,"relics_obtained":[{"floor":9,"key":"Ice Cream"},{"floor":10,"key":"Gambling Chip"}],"event_choices":[{"damage_healed":0,"gold_gain":0,"player_choice":"Donut","damage_taken":0,"max_hp_gain":5,"max_hp_loss":0,"event_name":"Big Fish","floor":3,"gold_loss":0},{"cards_removed":["Strike_B"],"damage_healed":0,"gold_gain":0,"player_choice":"Card Removal","damage_taken":7,"max_hp_gain":0,"max_hp_loss":0,"event_name":"Golden Wing","floor":4,"gold_loss":0},{"damage_healed":20,"gold_gain":0,"player_choice":"Healed and dodged fight","damage_taken":0,"max_hp_gain":0,"max_hp_loss":0,"event_name":"Mushrooms","floor":7,"gold_loss":0,"cards_obtained":["Parasite"]},{"damage_healed":0,"gold_gain":0,"player_choice":"Success","damage_taken":7,"relics_obtained":["Regal Pillow"],"max_hp_gain":0,"max_hp_loss":0,"event_name":"Scrap Ooze","floor":14,"gold_loss":0},{"cards_removed":["Strike_B"],"damage_healed":0,"gold_gain":0,"player_choice":"Elegance","damage_taken":0,"max_hp_gain":0,"max_hp_loss":0,"event_name":"Back to Basics","floor":20,"gold_loss":0},{"damage_healed":0,"gold_gain":0,"player_choice":"Gave Potion","damage_taken":0,"relics_obtained":["Ancient Tea Set"],"max_hp_gain":0,"max_hp_loss":0,"event_name":"WeMeetAgain","floor":21,"gold_loss":0}],"is_beta":false,"boss_relics":[{"not_picked":["Cursed Key","Tiny House"],"picked":"Fusion Hammer"}],"items_purged_floors":[12],"is_endless":false,"potions_floor_spawned":[1,2,5,10,19],"killed_by":"Slavers","ascension_level":1}