{"gold_per_floor":[114,127,127,146,146,146,180,180,205,205,222,238,5,34,34,129,129,140,155,80,80,93,93,11,27,27,39,65,79,79,92,92,194,194,214,214,214,63,73,104,104,152,152,165,184,184,194,194,194,194],"floor_reached":51,"playtime":2661,"items_purged":[],"score":1037,"play_id":"18c02b43-4b07-4eca-8b57-c181b322c319","local_time":"20190125171724","is_ascension_mode":true,"campfire_choices":[{"data":"Rampage","floor":6.0,"key":"SMITH"},{"floor":10.0,"key":"REST"},{"data":"Shrug It Off","floor":15.0,"key":"SMITH"},{"data":"Disarm","floor":23.0,"key":"SMITH"},{"data":"Metallicize","floor":30.0,"key":"SMITH"},{"data":"Uppercut","floor":32.0,"key":"SMITH"},{"floor":41.0,"key":"REST"},{"floor":49,"key":"REST"}],"neow_cost":"NONE","seed_source_timestamp":75192495760099,"circlet_count":0,"master_deck":["AscendersBane","Strike_R+1","Strike_R","Strike_R+1","Defend_R","Defend_R","Bash+1","Rampage+1","Battle Trance+1","Pommel Strike+1","Headbutt+1","Shrug It Off+1","Dual Wield+1","Evolve","Feed","Shrug It Off","Disarm+1","Metallicize+1","Uppercut+1","Brutality","Reckless Charge+1","Disarm+1","Double Tap+1"],"special_seed":0,"relics":["Burning Blood","Lantern","Bronze Scales","Bag of Preparation","War Paint","Velvet Choker","Self Forming Clay","Vajra","Astrolabe","Anchor","Regal Pillow","Happy Flower","Toxic Egg 2"],"potions_floor_usage":[46,50,50],"damage_taken":[{"damage":2.0,"enemies":"Jaw Worm","floor":1.0,"turns":3.0},{"damage":4.0,"enemies":"Small Slimes","floor":2.0,"turns":4.0},{"damage":0.0,"enemies":"2 Louse","floor":4.0,"turns":3.0},{"damage":35.0,"enemies":"3 Sentries","floor":7.0,"turns":9.0},{"damage":10.0,"enemies":"Lots of Slimes","floor":11.0,"turns":3.0},{"damage":6.0,"enemies":"Looter","floor":12.0,"turns":3.0},{"damage":20.0,"enemies":"Lagavulin","floor":14.0,"turns":5.0},{"damage":42.0,"enemies":"Hexaghost","floor":16.0,"turns":7.0},{"damage":30.0,"enemies":"Shell Parasite","floor":18.0,"turns":6.0},{"damage":17.0,"enemies":"2 Thieves","floor":19.0,"turns":3.0},{"damage":10.0,"enemies":"Centurion and Healer","floor":22.0,"turns":6.0},{"damage":27.0,"enemies":"Snecko","floor":25.0,"turns":7.0},{"damage":4.0,"enemies":"Shelled Parasite and Fungi","floor":27.0,"turns":3.0},{"damage":4.0,"enemies":"Snake Plant","floor":29.0,"turns":4.0},{"damage":2.0,"enemies":"Chosen and Byrds","floor":31.0,"turns":4.0},{"damage":23.0,"enemies":"Collector","floor":33.0,"turns":7.0},{"damage":22.0,"enemies":"3 Darklings","floor":35.0,"turns":5.0},{"damage":10.0,"enemies":"Orb Walker","floor":39.0,"turns":3.0},{"damage":53.0,"enemies":"Reptomancer","floor":40.0,"turns":6.0},{"damage":34.0,"enemies":"Sphere and 2 Shapes","floor":44.0,"turns":5.0},{"damage":8.0,"enemies":"4 Shapes","floor":45.0,"turns":8.0},{"damage":0,"enemies":"3 Darklings","floor":46,"turns":1},{"damage":15,"enemies":"Sphere and 2 Shapes","floor":47,"turns":5},{"damage":62,"enemies":"Awakened One","floor":50,"turns":14}],"seed_played":"-806597433080848719","potions_obtained":[{"floor":1.0,"key":"FearPotion"},{"floor":2.0,"key":"SpeedPotion"},{"floor":11.0,"key":"Ancient Potion"},{"floor":12.0,"key":"BloodPotion"},{"floor":18.0,"key":"SmokeBomb"},{"floor":25.0,"key":"Energy Potion"},{"floor":31.0,"key":"SteroidPotion"},{"floor":33.0,"key":"Swift Potion"},{"floor":35.0,"key":"Ancient Potion"},{"floor":40.0,"key":"Explosive Potion"},{"floor":47,"key":"Dexterity Potion"}],"is_trial":false,"path_per_floor":["M","M","?","M","?","R","E","?","T","R","M","M","$","E","R","B",null,"M","M","?","?","M","R","$","M","T","M","T","M","R","M","R","B",null,"M","?","?","$","M","E","R","T","T","M","M","M","M","?","R","B",null],"character_chosen":"IRONCLAD","items_purchased":["Evolve","Bag of Preparation","Metallicize","Anchor"],"campfire_rested":3,"item_purchase_floors":[13,13,24,38],"current_hp_per_floor":[76,78,62,68,68,68,39,39,39,63,59,59,59,45,45,17,64,40,32,32,59,58,58,58,40,40,42,42,44,44,51,51,34,78,65,65,65,65,61,14,57,57,57,29,30,36,27,27,71,15],"gold":194,"neow_bonus":"UPGRADE_CARD","is_prod":false,"is_daily":false,"chose_seed":false,"campfire_upgraded":5,"win_rate":0,"timestamp":1548454644,"path_taken":["M","M","?","M","?","R","E","?","T","R","M","M","$","E","R","BOSS","M","?","?","?","M","R","$","M","T","M","?","M","R","?","R","BOSS","M","?","?","$","?","E","R","?","T","M","?","M","M","?","R","BOSS"],"build_version":"2019-01-23","purchased_purges":0,"victory":true,"max_hp_per_floor":[80,80,80,80,80,80,80,80,80,80,80,80,80,80,80,80,80,80,83,83,83,86,86,86,89,89,89,89,89,89,92,92,92,92,95,95,95,95,95,95,95,95,95,95,98,98,98,98,98,98],"card_choices":[{"not_picked":["True Grit","Flame Barrier"],"picked":"Rampage","floor":1.0},{"not_picked":["Rage","Body Slam"],"picked":"Battle Trance","floor":2.0},{"not_picked":["Sword Boomerang","Seeing Red"],"picked":"Pommel Strike","floor":4.0},{"not_picked":["Havoc","Anger"],"picked":"Headbutt","floor":7.0},{"not_picked":["Sever Soul","Power Through"],"picked":"Shrug It Off","floor":11.0},{"not_picked":["Havoc","Wild Strike"],"picked":"Dual Wield","floor":12.0},{"not_picked":["Reaper","Power Through","Seeing Red"],"picked":"SKIP","floor":14.0},{"not_picked":["Reaper","Bludgeon"],"picked":"Feed","floor":16.0},{"not_picked":["Evolve","Bloodletting","Dropkick+1"],"picked":"SKIP","floor":18.0},{"not_picked":["Clothesline","Wild Strike"],"picked":"Shrug It Off","floor":19.0},{"not_picked":["Body Slam","Spot Weakness"],"picked":"Disarm","floor":22.0},{"not_picked":["Bloodletting","Body Slam+1","Sentinel"],"picked":"SKIP","floor":25.0},{"not_picked":["Limit Break","Sword Boomerang+1","Fire Breathing"],"picked":"SKIP","floor":27.0},{"not_picked":["Body Slam","Bloodletting","Havoc"],"picked":"SKIP","floor":29.0},{"not_picked":["Wild Strike","Clash"],"picked":"Uppercut","floor":31.0},{"not_picked":["Fiend Fire","Bludgeon"],"picked":"Brutality","floor":33.0},{"not_picked":["True Grit","Perfected Strike+1","Sentinel"],"picked":"SKIP","floor":35.0},{"not_picked":["Anger+1","Warcry","Havoc"],"picked":"SKIP","floor":39.0},{"not_picked":["Searing Blow","Armaments+1","Rampage"],"picked":"SKIP","floor":40.0},{"not_picked":["Intimidate+1","Anger","Clothesline"],"picked":"SKIP","floor":44.0},{"not_picked":["Sword Boomerang+1","Clothesline","Dual Wield+1"],"picked":"SKIP","floor":45.0},{"not_picked":["Reckless Charge","Wild Strike","Dropkick+1"],"picked":"SKIP","floor":47}],"player_experience":530579,"relics_obtained":[{"floor":7.0,"key":"Lantern"},{"floor":9.0,"key":"Bronze Scales"},{"floor":14.0,"key":"War Paint"},{"floor":26.0,"key":"Self Forming Clay"},{"floor":28.0,"key":"Vajra"},{"floor":40.0,"key":"Regal Pillow"},{"floor":42.0,"key":"Happy Flower"},{"floor":43.0,"key":"Toxic Egg 2"}],"event_choices":[{"damage_healed":0.0,"max_hp_gain":0.0,"max_hp_loss":0.0,"gold_gain":0.0,"event_name":"Shining Light","player_choice":"Entered Light","floor":3.0,"gold_loss":0.0,"damage_taken":16.0,"cards_upgraded":["Strike_R","Strike_R"]},{"damage_healed":0.0,"max_hp_gain":0.0,"max_hp_loss":0.0,"gold_gain":0.0,"event_name":"Living Wall","player_choice":"Grow","floor":5.0,"gold_loss":0.0,"damage_taken":0.0,"cards_upgraded":["Pommel Strike"]},{"damage_healed":0.0,"max_hp_gain":0.0,"max_hp_loss":0.0,"gold_gain":0.0,"event_name":"Accursed Blacksmith","player_choice":"Forge","floor":8.0,"gold_loss":0.0,"damage_taken":0.0,"cards_upgraded":["Headbutt"]},{"cards_removed":["Strike_R"],"damage_healed":0.0,"max_hp_gain":0.0,"max_hp_loss":0.0,"gold_gain":0.0,"event_name":"Beggar","player_choice":"Gave Gold","floor":20.0,"gold_loss":75.0,"damage_taken":0.0},{"damage_healed":27.0,"max_hp_gain":0.0,"max_hp_loss":0.0,"gold_gain":0.0,"event_name":"The Library","player_choice":"Heal","floor":21.0,"gold_loss":0.0,"damage_taken":0.0},{"damage_healed":0.0,"max_hp_gain":0.0,"max_hp_loss":0.0,"gold_gain":0.0,"event_name":"Tomb of Lord Red Mask","player_choice":"Ignored","floor":36.0,"gold_loss":0.0,"damage_taken":0.0},{"damage_healed":0.0,"max_hp_gain":0.0,"max_hp_loss":0.0,"gold_gain":0.0,"event_name":"SensoryStone","player_choice":"Memory 1","floor":37.0,"gold_loss":0.0,"damage_taken":0.0},{"damage_healed":0,"gold_gain":0,"player_choice":"Ignored","damage_taken":0,"max_hp_gain":0,"max_hp_loss":0,"event_name":"SecretPortal","floor":48,"gold_loss":0}],"is_beta":true,"boss_relics":[{"not_picked":["Coffee Dripper","Tiny House"],"picked":"Velvet Choker"},{"not_picked":["Eternal Feather","Pandora\u0027s Box"],"picked":"Astrolabe"}],"items_purged_floors":[],"is_endless":false,"potions_floor_spawned":[1,2,11,12,18,25,31,33,35,40,47],"ascension_level":10}