{"gold_per_floor":[113,124,18,18,18,50,74,74,153,153,132,148,163,163,163,260,260,272,40,40,40,40,40,53,53,53,53,53,53],"floor_reached":29,"playtime":527,"items_purged":["Strike_G"],"score":409,"play_id":"f1bf0c91-66eb-4b9c-98c6-f19a7af20354","local_time":"20190529124311","is_ascension_mode":true,"campfire_choices":[{"data":"Infinite Blades","floor":8,"key":"SMITH"},{"data":"Neutralize","floor":10,"key":"SMITH"},{"floor":15,"key":"REST"},{"data":"Accuracy","floor":23,"key":"SMITH"},{"floor":25,"key":"REST"},{"data":"Skewer","floor":28,"key":"SMITH"}],"neow_cost":"NONE","seed_source_timestamp":229564700772668,"circlet_count":0,"master_deck":["Defend_G","Defend_G","Defend_G","Defend_G","Defend_G","Strike_G","Strike_G","Strike_G","Strike_G","Survivor","Neutralize+1","Infinite Blades+1","Poisoned Stab","Skewer+1","Accuracy+1","Bullet Time","Cloak And Dagger","Blade Dance","Die Die Die+1","Noxious Fumes+1","Caltrops"],"relics":["Ring of the Snake","NeowsBlessing","WingedGreaves","Odd Mushroom","Molten Egg 2","Velvet Choker","Ninja Scroll","Dodecahedron"],"potions_floor_usage":[7,16],"damage_taken":[{"damage":0,"enemies":"Jaw Worm","floor":1,"turns":1},{"damage":0,"enemies":"2 Louse","floor":2,"turns":1},{"damage":0,"enemies":"Gremlin Nob","floor":6,"turns":1},{"damage":8,"enemies":"The Mushroom Lair","floor":7,"turns":5},{"damage":0,"enemies":"Small Slimes","floor":12,"turns":3},{"damage":24,"enemies":"Exordium Thugs","floor":13,"turns":7},{"damage":0,"enemies":"Slime Boss","floor":16,"turns":6},{"damage":15,"enemies":"Chosen","floor":18,"turns":5},{"damage":22,"enemies":"2 Thieves","floor":24,"turns":4},{"damage":0,"enemies":"Sentry and Sphere","floor":29,"turns":1}],"seed_played":"2118039666483729865","potions_obtained":[{"floor":1,"key":"Explosive Potion"},{"floor":6,"key":"FearPotion"},{"floor":12,"key":"Fruit Juice"},{"floor":24,"key":"Fire Potion"}],"is_trial":false,"path_per_floor":["M","M","$","?","$","E","?","R","T","R","?","M","M","?","R","B",null,"M","$","?","?","?","R","M","R","T","T","R","M"],"character_chosen":"THE_SILENT","items_purchased":["Skewer","Accuracy","Caltrops","GhostInAJar"],"campfire_rested":2,"item_purchase_floors":[3,3,19,19],"current_hp_per_floor":[63,63,63,63,63,63,55,55,55,55,55,55,31,31,52,52,66,51,51,51,51,51,51,29,50,50,50,50,50],"gold":53,"neow_bonus":"THREE_ENEMY_KILL","is_prod":false,"is_daily":false,"chose_seed":false,"campfire_upgraded":4,"win_rate":0,"timestamp":1559104991,"path_taken":["M","M","$","?","$","E","?","R","T","R","?","M","M","?","R","BOSS","M","$","?","?","?","R","M","R","T","?","R","?"],"build_version":"2019-01-23","purchased_purges":1,"victory":false,"max_hp_per_floor":[70,70,70,70,70,70,70,70,70,70,70,70,70,70,70,70,70,70,70,70,70,70,70,70,70,70,70,70,70],"card_choices":[{"not_picked":["Backstab","Acrobatics"],"picked":"Infinite Blades","floor":1},{"not_picked":["Deflect","Prepared"],"picked":"Poisoned Stab","floor":2},{"not_picked":["Poisoned Stab","Underhanded Strike","Predator"],"picked":"SKIP","floor":6},{"not_picked":["Prepared","Riddle With Holes"],"picked":"Bullet Time","floor":7},{"not_picked":["Flying Knee+1","Deflect"],"picked":"Cloak And Dagger","floor":12},{"not_picked":["Footwork","Dagger Throw+1"],"picked":"Blade Dance","floor":13},{"not_picked":["Doppelganger","Storm of Steel"],"picked":"Die Die Die+1","floor":16},{"not_picked":["Deflect","Quick Slash+1"],"picked":"Noxious Fumes+1","floor":18},{"not_picked":["Flechettes+1","Caltrops","Heel Hook+1"],"picked":"SKIP","floor":24}],"player_experience":933687,"relics_obtained":[{"floor":6,"key":"WingedGreaves"},{"floor":7,"key":"Odd Mushroom"},{"floor":9,"key":"Molten Egg 2"},{"floor":26,"key":"Ninja Scroll"},{"floor":27,"key":"Dodecahedron"}],"event_choices":[{"damage_healed":0,"gold_gain":0,"player_choice":"Ignored","damage_taken":0,"max_hp_gain":0,"max_hp_loss":0,"event_name":"Shining Light","floor":4,"gold_loss":0},{"damage_healed":0,"gold_gain":0,"player_choice":"Fought Mushrooms","damage_taken":0,"max_hp_gain":0,"max_hp_loss":0,"event_name":"Mushrooms","floor":7,"gold_loss":0},{"damage_healed":0,"gold_gain":0,"player_choice":"Left Gold","damage_taken":0,"max_hp_gain":0,"max_hp_loss":0,"event_name":"World of Goop","floor":11,"gold_loss":21},{"damage_healed":0,"gold_gain":0,"player_choice":"Searched \u00270\u0027 times","damage_taken":0,"max_hp_gain":0,"max_hp_loss":0,"event_name":"Dead Adventurer","floor":14,"gold_loss":0},{"damage_healed":0,"gold_gain":0,"player_choice":"Ignored","damage_taken":0,"max_hp_gain":0,"max_hp_loss":0,"event_name":"Ghosts","floor":20,"gold_loss":0},{"damage_healed":0,"gold_gain":0,"player_choice":"Ignored","damage_taken":0,"max_hp_gain":0,"max_hp_loss":0,"event_name":"Vampires","floor":21,"gold_loss":0},{"damage_healed":0,"gold_gain":0,"player_choice":"Ignored","damage_taken":0,"max_hp_gain":0,"max_hp_loss":0,"event_name":"Beggar","floor":22,"gold_loss":0}],"is_beta":false,"boss_relics":[{"not_picked":["Runic Dome","Philosopher\u0027s Stone"],"picked":"Velvet Choker"}],"items_purged_floors":[19],"is_endless":false,"potions_floor_spawned":[1,6,12,24],"killed_by":"Sentry and Sphere","ascension_level":8}