{"gold_per_floor":[113,63,63,63,63,82,82,82,107,68,68,78,78,90,90,186,186,205,130,130,130,55,55,55,55,55,70,2,12,37,56,56,153,153,171,0,14,14,30,30,44,44,90,127,139,151,163,175,187,199],"floor_reached":50,"playtime":2416,"items_purged":["Well Laid Plans"],"score":724,"play_id":"08fe5e29-6de0-4163-873e-8d2e8c5080be","local_time":"20190528130507","is_ascension_mode":true,"campfire_choices":[{"data":"Skewer","floor":7,"key":"SMITH"},{"data":"Neutralize","floor":11,"key":"SMITH"},{"data":"Backflip","floor":13,"key":"SMITH"},{"data":"Dagger Spray","floor":15,"key":"SMITH"},{"data":"A Thousand Cuts","floor":23,"key":"SMITH"},{"floor":32,"key":"REST"},{"data":"Blade Dance","floor":40,"key":"SMITH"},{"floor":42,"key":"REST"},{"floor":45,"key":"DIG"},{"floor":49,"key":"REST"}],"neow_cost":"NONE","seed_source_timestamp":142587307990413,"circlet_count":0,"master_deck":["Defend_G","Defend_G","Defend_G","Survivor","Neutralize+1","Prepared","Backflip+1","Skewer+1","PiercingWail","A Thousand Cuts+1","Well Laid Plans+1","Escape Plan+1","Cloak And Dagger+1","Backstab","Reflex","RitualDagger","Blade Dance+1","Footwork","PiercingWail+1","Accuracy","After Image"],"relics":["Ring of the Snake","Dream Catcher","Astrolabe","Pocketwatch","PreservedInsect","Busted Crown","Red Mask","MawBank","Shovel","Incense Burner"],"potions_floor_usage":[16,29,30,33,39,41,44],"damage_taken":[{"damage":0,"enemies":"Small Slimes","floor":1,"turns":5},{"damage":0,"enemies":"2 Louse","floor":6,"turns":8},{"damage":0,"enemies":"Jaw Worm","floor":12,"turns":3},{"damage":2,"enemies":"Red Slaver","floor":14,"turns":2},{"damage":50,"enemies":"Hexaghost","floor":16,"turns":12},{"damage":18,"enemies":"Spheric Guardian","floor":18,"turns":6},{"damage":2,"enemies":"Chosen","floor":27,"turns":4},{"damage":2,"enemies":"Sentry and Sphere","floor":29,"turns":5},{"damage":0,"enemies":"Gremlin Leader","floor":30,"turns":7},{"damage":8,"enemies":"Centurion and Healer","floor":31,"turns":7},{"damage":22,"enemies":"Champ","floor":33,"turns":15},{"damage":20,"enemies":"3 Darklings","floor":35,"turns":4},{"damage":1,"enemies":"3 Shapes","floor":37,"turns":4},{"damage":14,"enemies":"Sphere and 2 Shapes","floor":39,"turns":6},{"damage":3,"enemies":"4 Shapes","floor":41,"turns":5},{"damage":3,"enemies":"Giant Head","floor":44,"turns":7},{"damage":78,"enemies":"Time Eater","floor":50,"turns":14}],"seed_played":"3274451449946937522","potions_obtained":[{"floor":1,"key":"FearPotion"},{"floor":12,"key":"GhostInAJar"},{"floor":29,"key":"Energy Potion"},{"floor":30,"key":"FearPotion"},{"floor":33,"key":"SkillPotion"},{"floor":37,"key":"Fire Potion"},{"floor":41,"key":"Fire Potion"}],"is_trial":false,"path_per_floor":["M","?","?","$","?","M","R","?","T","$","R","M","R","M","R","B",null,"M","$","?","?","?","R","?","$","T","M","$","M","E","M","R","B",null,"M","?","M","$","M","R","M","R","T","E","R","?","?","?","R","B"],"character_chosen":"THE_SILENT","items_purchased":["Well Laid Plans","Footwork"],"campfire_rested":3,"item_purchase_floors":[10,28],"current_hp_per_floor":[63,63,68,68,61,61,61,61,61,61,61,61,61,59,59,9,59,41,41,41,41,41,41,35,35,35,33,33,31,31,23,45,23,62,42,42,41,41,27,27,24,46,46,43,43,43,43,43,65,0],"gold":199,"neow_bonus":"TRANSFORM_CARD","is_prod":false,"is_daily":false,"chose_seed":false,"campfire_upgraded":6,"win_rate":0,"timestamp":1559019907,"path_taken":["M","?","?","$","?","M","R","?","T","?","R","M","R","M","R","BOSS","M","$","?","?","?","R","?","$","T","?","?","M","E","M","R","BOSS","M","?","M","$","M","R","M","R","T","E","R","?","?","?","R","BOSS"],"build_version":"2019-01-23","purchased_purges":1,"victory":false,"max_hp_per_floor":[70,70,75,75,75,75,75,75,75,75,75,75,75,75,75,75,75,75,75,75,75,75,75,75,75,75,75,75,75,75,75,75,75,75,75,75,75,75,75,75,75,75,75,75,75,75,75,75,75,75],"card_choices":[{"not_picked":["Deadly Poison","Crippling Poison"],"picked":"Backflip","floor":1},{"not_picked":["Masterful Stab","Reflex"],"picked":"Skewer","floor":6},{"not_picked":["Heel Hook","Blade Dance"],"picked":"Dagger Spray","floor":12},{"not_picked":["Flechettes","Bane"],"picked":"PiercingWail","floor":14},{"not_picked":["Malaise","Night Terror"],"picked":"A Thousand Cuts","floor":16},{"not_picked":["Poisoned Stab","Cloak And Dagger+1"],"picked":"Backstab","floor":18},{"not_picked":["Dagger Throw","Quick Slash"],"picked":"Blade Dance","floor":27},{"not_picked":["Distraction","Slice+1"],"picked":"PiercingWail+1","floor":29},{"not_picked":["Setup","Dagger Throw","Dodge and Roll"],"picked":"SKIP","floor":30},{"not_picked":["Dagger Spray","Underhanded Strike"],"picked":"Accuracy","floor":31},{"not_picked":["Doppelganger","Burst"],"picked":"After Image","floor":33},{"not_picked":["Outmaneuver"],"picked":"SKIP","floor":35},{"not_picked":["Acrobatics"],"picked":"SKIP","floor":37},{"not_picked":["Catalyst"],"picked":"SKIP","floor":39},{"not_picked":["Heel Hook+1"],"picked":"SKIP","floor":41},{"not_picked":["Poisoned Stab+1"],"picked":"SKIP","floor":44}],"player_experience":930640,"relics_obtained":[{"floor":9,"key":"Dream Catcher"},{"floor":26,"key":"Pocketwatch"},{"floor":30,"key":"PreservedInsect"},{"floor":43,"key":"MawBank"},{"floor":44,"key":"Shovel"},{"floor":45,"key":"Incense Burner"}],"event_choices":[{"cards_removed":["Strike_G"],"damage_healed":0,"gold_gain":0,"player_choice":"Card Removal","damage_taken":0,"max_hp_gain":0,"max_hp_loss":0,"event_name":"The Cleric","floor":2,"gold_loss":50},{"damage_healed":0,"gold_gain":0,"player_choice":"Donut","damage_taken":0,"max_hp_gain":5,"max_hp_loss":0,"event_name":"Big Fish","floor":3,"gold_loss":0},{"cards_removed":["Strike_G"],"damage_healed":0,"gold_gain":0,"player_choice":"Card Removal","damage_taken":7,"max_hp_gain":0,"max_hp_loss":0,"event_name":"Golden Wing","floor":5,"gold_loss":0},{"damage_healed":0,"gold_gain":0,"player_choice":"Ignored","damage_taken":0,"max_hp_gain":0,"max_hp_loss":0,"event_name":"Liars Game","floor":8,"gold_loss":0},{"damage_healed":0,"gold_gain":0,"player_choice":"Ignored","damage_taken":0,"max_hp_gain":0,"max_hp_loss":0,"event_name":"Vampires","floor":20,"gold_loss":0},{"damage_healed":0,"gold_gain":0,"player_choice":"Read","damage_taken":0,"max_hp_gain":0,"max_hp_loss":0,"event_name":"The Library","floor":21,"gold_loss":0,"cards_obtained":["Reflex"]},{"cards_removed":["Defend_G"],"damage_healed":0,"gold_gain":0,"player_choice":"Gave Gold","damage_taken":0,"max_hp_gain":0,"max_hp_loss":0,"event_name":"Beggar","floor":22,"gold_loss":75},{"damage_healed":0,"gold_gain":0,"player_choice":"Joined the Cult","damage_taken":6,"max_hp_gain":0,"max_hp_loss":0,"event_name":"Nest","floor":24,"gold_loss":0,"cards_obtained":["RitualDagger"]},{"damage_healed":0,"gold_gain":0,"player_choice":"Paid","damage_taken":0,"relics_obtained":["Red Mask"],"max_hp_gain":0,"max_hp_loss":0,"event_name":"Tomb of Lord Red Mask","floor":36,"gold_loss":171},{"damage_healed":0,"gold_gain":0,"player_choice":"Ignored","damage_taken":0,"max_hp_gain":0,"max_hp_loss":0,"event_name":"Mysterious Sphere","floor":46,"gold_loss":0},{"damage_healed":0,"gold_gain":0,"player_choice":"Memory 1","damage_taken":0,"max_hp_gain":0,"max_hp_loss":0,"event_name":"SensoryStone","floor":47,"gold_loss":0},{"cards_removed":["Dagger Spray"],"damage_healed":0,"gold_gain":0,"player_choice":"Removed Attack","damage_taken":0,"max_hp_gain":0,"max_hp_loss":0,"event_name":"Falling","floor":48,"gold_loss":0}],"is_beta":false,"boss_relics":[{"not_picked":["Ectoplasm","Coffee Dripper"],"picked":"Astrolabe"},{"not_picked":["Cursed Key","Fusion Hammer"],"picked":"Busted Crown"}],"items_purged_floors":[19],"is_endless":false,"potions_floor_spawned":[1,12,29,30,33,37,41],"killed_by":"Time Eater","ascension_level":8}