{"gold_per_floor":[364,378,378,48,66,99,119,119,119,119,147,165,190,204,204,300,300,311,6,6,18,29,58,58,72,72,84,84,102,33,45,45,142,142,153,169,184,234,234,266,266,292,292,311,15,27,43,143,143,143,143,143,14,49,49],"floor_reached":55,"playtime":7039,"items_purged":["Shame","Strike_R"],"score":862,"play_id":"810c88e3-f081-41a4-b0c6-1798af9e0c8a","local_time":"20190522103906","is_ascension_mode":true,"campfire_choices":[{"floor":8,"key":"REST"},{"data":"Armaments","floor":10,"key":"SMITH"},{"floor":15,"key":"RECALL"},{"data":"Inflame","floor":28,"key":"SMITH"},{"floor":32,"key":"REST"},{"floor":49,"key":"REST"},{"data":"Demon Form","floor":52,"key":"SMITH"}],"neow_cost":"CURSE","seed_source_timestamp":343223691120686,"circlet_count":0,"master_deck":["Strike_R","Strike_R","Defend_R","Defend_R","Defend_R","Defend_R","Bash","Shrug It Off","Ghostly Armor","Dropkick","Uppercut","Armaments+1","Seeing Red","Shrug It Off","Shockwave+1","Inflame+1","Immolate","Body Slam+1","Iron Wave+1","True Grit+1","Infernal Blade+1","Flame Barrier+1","Whirlwind+1","Demon Form+1","Body Slam+1","Dropkick+1","Carnage+1","Shockwave+1","Corruption","Spot Weakness+1","Shrug It Off+1","Demon Form","Flame Barrier+1","Whirlwind+1","Battle Trance+1"],"relics":["Burning Blood","Shuriken","Bag of Preparation","Nunchaku","Toxic Egg 2","Philosopher\u0027s Stone","Molten Egg 2","Ornamental Fan","Champion Belt","Orrery","Prayer Wheel","Bottled Tornado","Pear","Peace Pipe","Anchor","Gambling Chip","Centennial Puzzle"],"potions_floor_usage":[13,16,16,23,23,23,33,38,38,38,42,42,50,50,50,55,55,55],"damage_taken":[{"damage":9,"enemies":"Cultist","floor":1,"turns":4},{"damage":3,"enemies":"2 Louse","floor":2,"turns":3},{"damage":4,"enemies":"Small Slimes","floor":5,"turns":5},{"damage":31,"enemies":"Gremlin Nob","floor":6,"turns":5},{"damage":6,"enemies":"Exordium Thugs","floor":7,"turns":6},{"damage":5,"enemies":"Lagavulin","floor":11,"turns":8},{"damage":4,"enemies":"Gremlin Gang","floor":12,"turns":7},{"damage":13,"enemies":"Gremlin Nob","floor":13,"turns":4},{"damage":1,"enemies":"Looter","floor":14,"turns":4},{"damage":12,"enemies":"Slime Boss","floor":16,"turns":12},{"damage":0,"enemies":"Chosen","floor":18,"turns":4},{"damage":6,"enemies":"2 Thieves","floor":21,"turns":4},{"damage":4,"enemies":"Cultist and Chosen","floor":22,"turns":5},{"damage":25,"enemies":"Gremlin Leader","floor":23,"turns":9},{"damage":26,"enemies":"Snake Plant","floor":25,"turns":5},{"damage":0,"enemies":"Centurion and Healer","floor":27,"turns":5},{"damage":12,"enemies":"Snecko","floor":29,"turns":5},{"damage":5,"enemies":"Sentry and Sphere","floor":31,"turns":5},{"damage":32,"enemies":"Automaton","floor":33,"turns":8},{"damage":8,"enemies":"3 Darklings","floor":35,"turns":2},{"damage":0,"enemies":"Orb Walker","floor":36,"turns":2},{"damage":22,"enemies":"Spire Growth","floor":37,"turns":4},{"damage":27,"enemies":"2 Orb Walkers","floor":38,"turns":4},{"damage":0,"enemies":"Reptomancer","floor":40,"turns":3},{"damage":18,"enemies":"Nemesis","floor":42,"turns":5},{"damage":7,"enemies":"Transient","floor":44,"turns":5},{"damage":19,"enemies":"3 Darklings","floor":46,"turns":6},{"damage":5,"enemies":"Maw","floor":47,"turns":6},{"damage":13,"enemies":"Mind Bloom Boss Battle","floor":48,"turns":6},{"damage":68,"enemies":"Awakened One","floor":50,"turns":10},{"damage":67,"enemies":"Shield and Spear","floor":54,"turns":7},{"damage":31,"enemies":"The Heart","floor":55,"turns":2}],"seed_played":"-5220855363065586523","potions_obtained":[{"floor":6,"key":"GamblersBrew"},{"floor":12,"key":"SteroidPotion"},{"floor":13,"key":"Explosive Potion"},{"floor":16,"key":"Explosive Potion"},{"floor":22,"key":"EssenceOfSteel"},{"floor":27,"key":"SkillPotion"},{"floor":33,"key":"Regen Potion"},{"floor":37,"key":"EntropicBrew"},{"floor":40,"key":"Fire Potion"},{"floor":42,"key":"Regen Potion"},{"floor":46,"key":"Strength Potion"},{"floor":54,"key":"AttackPotion"}],"is_trial":false,"path_per_floor":["M","M","?","$","M","E","M","R","T","R","E","M","E","M","R","B",null,"M","$","?","M","M","E","$","M","T","M","R","M","$","M","R","B",null,"M","M","M","?","?","E","$","E","T","M","$","M","M","?","R","B",null,"R","$","E","B"],"character_chosen":"IRONCLAD","items_purchased":["Shuriken","Molten Egg 2","Dexterity Potion","Flame Barrier+1","Anchor","PowerPotion","PowerPotion","EssenceOfSteel"],"campfire_rested":3,"item_purchase_floors":[4,19,19,30,45,45,53,53],"current_hp_per_floor":[77,80,80,80,80,55,55,79,79,79,80,80,73,78,78,72,80,80,80,72,72,74,55,55,35,35,41,41,35,35,36,60,34,80,78,80,64,52,52,58,58,56,56,55,55,42,43,36,63,16,90,90,90,29,0],"gold":49,"neow_bonus":"TWO_FIFTY_GOLD","is_prod":false,"is_daily":false,"chose_seed":false,"campfire_upgraded":3,"win_rate":0,"timestamp":1558546746,"path_taken":["M","?","?","$","M","E","M","R","T","R","E","?","E","M","R","BOSS","M","$","?","M","M","E","$","M","T","M","R","M","?","?","R","BOSS","M","M","M","?","?","E","$","E","T","?","$","M","M","?","R","BOSS","R","$","E","BOSS"],"build_version":"2019-01-23","purchased_purges":2,"victory":false,"max_hp_per_floor":[80,80,80,80,80,80,80,80,80,80,80,80,80,80,80,80,80,80,80,80,80,80,80,80,80,80,80,80,80,80,80,80,80,80,80,80,80,80,80,80,80,90,90,90,90,90,90,90,90,90,90,90,90,90,90],"card_choices":[{"not_picked":["Twin Strike","Reckless Charge"],"picked":"Shrug It Off","floor":1},{"not_picked":["Thunderclap","Flex"],"picked":"Ghostly Armor","floor":2},{"not_picked":["Flex","Dual Wield"],"picked":"Uppercut","floor":5},{"not_picked":["Headbutt","Pommel Strike"],"picked":"Armaments","floor":6},{"not_picked":["Rage","Reckless Charge","Infernal Blade"],"picked":"SKIP","floor":7},{"not_picked":["Fiend Fire","Bludgeon"],"picked":"Seeing Red","floor":11},{"not_picked":["Thunderclap","Twin Strike"],"picked":"Shrug It Off","floor":12},{"not_picked":["Sever Soul","Perfected Strike"],"picked":"Shockwave","floor":13},{"not_picked":["Iron Wave","Berserk"],"picked":"Inflame","floor":14},{"not_picked":["Brutality","Bludgeon"],"picked":"Immolate","floor":16},{"not_picked":["True Grit+1","Thunderclap"],"picked":"Body Slam+1","floor":18},{"not_picked":["Perfected Strike+1","Heavy Blade+1"],"picked":"Iron Wave+1","floor":21},{"not_picked":["Cleave+1","Clash+1"],"picked":"True Grit+1","floor":22},{"not_picked":["Berserk","Carnage+1","Clothesline+1"],"picked":"SKIP","floor":23},{"not_picked":["True Grit+1","Clothesline+1","Wild Strike+1"],"picked":"SKIP","floor":25},{"not_picked":["Clash+1","Reckless Charge+1"],"picked":"Infernal Blade+1","floor":27},{"not_picked":["Thunderclap+1","Clash+1","Rampage+1"],"picked":"SKIP","floor":29},{"not_picked":["Warcry+1","Clothesline+1"],"picked":"Whirlwind+1","floor":31},{"not_picked":["Brutality","Impervious+1"],"picked":"Demon Form","floor":33},{"not_picked":["Headbutt+1","Fire Breathing"],"picked":"Body Slam+1","floor":34},{"not_picked":["Wild Strike+1","Infernal Blade+1"],"picked":"Dropkick+1","floor":34},{"not_picked":["Combust+1","Anger+1"],"picked":"Carnage+1","floor":34},{"not_picked":["Perfected Strike+1","Pommel Strike+1","Thunderclap+1"],"picked":"SKIP","floor":35},{"not_picked":["Flex+1","Pommel Strike+1"],"picked":"Shockwave+1","floor":36},{"not_picked":["Clash+1","Body Slam+1","Rage+1"],"picked":"SKIP","floor":37},{"not_picked":["Rupture","Fire Breathing+1","Body Slam+1"],"picked":"SKIP","floor":40},{"not_picked":["Body Slam+1","Hemokinesis+1"],"picked":"Corruption","floor":42},{"not_picked":["Carnage+1","Evolve"],"picked":"Spot Weakness+1","floor":44},{"not_picked":["Clash+1","Warcry+1"],"picked":"Shrug It Off+1","floor":44},{"not_picked":["Perfected Strike+1","Shrug It Off+1"],"picked":"Demon Form","floor":46},{"not_picked":["Wild Strike+1","Twin Strike+1"],"picked":"Flame Barrier+1","floor":46},{"not_picked":["Headbutt+1","Wild Strike+1"],"picked":"Whirlwind+1","floor":47},{"not_picked":["Twin Strike+1","True Grit+1","Sword Boomerang+1"],"picked":"SKIP","floor":47},{"not_picked":["Body Slam+1","Wild Strike+1"],"picked":"Battle Trance+1","floor":54}],"player_experience":41681,"relics_obtained":[{"floor":6,"key":"Bag of Preparation"},{"floor":11,"key":"Nunchaku"},{"floor":13,"key":"Toxic Egg 2"},{"floor":23,"key":"Ornamental Fan"},{"floor":26,"key":"Champion Belt"},{"floor":38,"key":"Prayer Wheel"},{"floor":40,"key":"Bottled Tornado"},{"floor":42,"key":"Pear"},{"floor":43,"key":"Peace Pipe"},{"floor":48,"key":"Gambling Chip"},{"floor":54,"key":"Centennial Puzzle"}],"event_choices":[{"damage_healed":0,"gold_gain":0,"cards_transformed":["Strike_R"],"player_choice":"Transformed","damage_taken":0,"max_hp_gain":0,"max_hp_loss":0,"event_name":"Transmorgrifier","floor":3,"gold_loss":0,"cards_obtained":["Dropkick"]},{"damage_healed":0,"gold_gain":0,"player_choice":"","damage_taken":8,"max_hp_gain":0,"max_hp_loss":0,"event_name":"Knowing Skull","floor":20,"potions_obtained":[],"gold_loss":0,"cards_obtained":[]},{"damage_healed":0,"gold_gain":0,"player_choice":"Fight","damage_taken":0,"max_hp_gain":0,"max_hp_loss":0,"event_name":"Mysterious Sphere","floor":38,"gold_loss":0},{"cards_removed":["Strike_R"],"damage_healed":0,"gold_gain":0,"player_choice":"Offered Basic","damage_taken":0,"max_hp_gain":0,"max_hp_loss":0,"event_name":"Bonfire Elementals","floor":39,"gold_loss":0},{"damage_healed":0,"gold_gain":0,"player_choice":"Fight","damage_taken":0,"max_hp_gain":0,"max_hp_loss":0,"event_name":"MindBloom","floor":48,"gold_loss":0}],"is_beta":false,"boss_relics":[{"not_picked":["Astrolabe","Empty Cage"],"picked":"Philosopher\u0027s Stone"},{"not_picked":["Tiny House","Runic Dome"],"picked":"Orrery"}],"items_purged_floors":[4,45],"is_endless":false,"potions_floor_spawned":[6,12,13,16,22,27,33,37,40,42,46,48,54],"killed_by":"The Heart","ascension_level":1}