{"gold_per_floor":[119,136,136,147,21,51,71,81,81,81,81,81,95,113,113,113],"floor_reached":16,"playtime":4189,"items_purged":["Stack"],"score":104,"play_id":"4a917a65-53c7-43a2-9ba1-c636b84b6391","local_time":"20181008183555","is_ascension_mode":false,"campfire_choices":[{"floor":10,"key":"REST"},{"data":"Defend_B","floor":12,"key":"SMITH"},{"data":"Steam","floor":15,"key":"SMITH"}],"neow_cost":"","seed_source_timestamp":390726035811184,"circlet_count":0,"master_deck":["Strike_B","Strike_B","Strike_B","Strike_B","Defend_B","Defend_B","Defend_B","Defend_B+1","Zap","Dualcast","Chill","Lockon","BootSequence","Cold Snap","Chaos","Darkness","Steam+1"],"relics":["Cracked Core","Pear","Gambling Chip"],"potions_floor_usage":[14,16],"damage_taken":[{"damage":1,"enemies":"Jaw Worm","floor":1,"turns":4},{"damage":3,"enemies":"2 Louse","floor":2,"turns":3},{"damage":2,"enemies":"Cultist","floor":4,"turns":4},{"damage":24,"enemies":"3 Sentries","floor":6,"turns":11},{"damage":5,"enemies":"3 Louse","floor":7,"turns":3},{"damage":1,"enemies":"Red Slaver","floor":8,"turns":3},{"damage":0,"enemies":"Looter","floor":13,"turns":2},{"damage":1,"enemies":"Lots of Slimes","floor":14,"turns":4},{"damage":77,"enemies":"Slime Boss","floor":16,"turns":10}],"seed_played":"-363874308741223671","potions_obtained":[{"floor":2,"key":"SteroidPotion"},{"floor":4,"key":"GamblersBrew"},{"floor":8,"key":"AttackPotion"}],"is_trial":false,"path_per_floor":["M","M","?","M","$","E","M","M","T","R","?","R","M","M","R"],"character_chosen":"DEFECT","items_purchased":["Block Potion"],"campfire_rested":1,"item_purchase_floors":[5],"current_hp_per_floor":[74,71,71,69,69,55,50,49,49,74,74,74,74,73,73,0],"gold":113,"neow_bonus":"","is_prod":false,"is_daily":false,"chose_seed":false,"campfire_upgraded":2,"win_rate":0.0,"timestamp":1539012955,"path_taken":["M","M","?","M","?","E","M","M","T","R","?","R","M","M","R","BOSS"],"build_version":"2018-10-04v2","purchased_purges":1,"victory":false,"max_hp_per_floor":[75,75,75,75,75,85,85,85,85,85,85,85,85,85,85,85],"card_choices":[{"not_picked":["Heatsinks","Storm"],"picked":"Stack","floor":1},{"not_picked":["Beam Cell","Compile Driver"],"picked":"Chill","floor":2},{"not_picked":["Barrage","Steam Power"],"picked":"Lockon","floor":4},{"not_picked":["Melter","Chaos"],"picked":"BootSequence","floor":6},{"not_picked":["Rip and Tear","BootSequence"],"picked":"Cold Snap","floor":7},{"not_picked":["Compile Driver","Stack"],"picked":"Chaos","floor":8},{"not_picked":["Gash","Leap"],"picked":"Darkness","floor":13},{"not_picked":["Fusion","Conserve Battery"],"picked":"Steam","floor":14}],"player_experience":10937,"relics_obtained":[{"floor":6,"key":"Pear"},{"floor":9,"key":"Gambling Chip"}],"event_choices":[{"event_name":"The Cleric","player_choice":"Leave","floor":3,"damage_taken":0},{"event_name":"FaceTrader","player_choice":"Leave","floor":11,"damage_taken":0}],"is_beta":false,"boss_relics":[],"items_purged_floors":[5],"is_endless":false,"potions_floor_spawned":[2,4,8,13],"killed_by":"Slime Boss","ascension_level":0}