{"gold_per_floor":[109,109,129,142,67,67,85,85,85,111,111,111,155,171,171,171],"floor_reached":16,"playtime":623,"items_purged":["Strike_G"],"score":110,"play_id":"05ea67e5-02ea-4af7-b276-a198f53018a9","local_time":"20180822163708","is_ascension_mode":true,"campfire_choices":[{"data":"Footwork","floor":6,"key":"SMITH"},{"data":"Survivor","floor":8,"key":"SMITH"},{"data":"Footwork","floor":11,"key":"SMITH"},{"data":"Dash","floor":15,"key":"SMITH"}],"neow_cost":"NONE","seed_source_timestamp":55880415817867,"circlet_count":0,"master_deck":["Defend_G","Defend_G","Defend_G","Defend_G","Strike_G","Strike_G","Strike_G","Strike_G","Survivor+1","Neutralize+1","Dagger Spray","Footwork+1","Footwork+1","Dash+1"],"relics":["Ring of the Snake","Golden Idol","Strawberry","Vajra","Question Card"],"potions_floor_usage":[7],"damage_taken":[{"damage":1,"enemies":"Small Slimes","floor":1,"turns":3},{"damage":3,"enemies":"2 Louse","floor":3,"turns":3},{"damage":0,"enemies":"Cultist","floor":4,"turns":4},{"damage":3,"enemies":"Lots of Slimes","floor":7,"turns":3},{"damage":9,"enemies":"3 Sentries","floor":13,"turns":8},{"damage":1,"enemies":"Exordium Thugs","floor":14,"turns":6},{"damage":60,"enemies":"Hexaghost","floor":16,"turns":16}],"seed_played":"7372235389155367887","potions_obtained":[{"floor":4,"key":"GhostInAJar"},{"floor":13,"key":"FairyPotion"}],"is_trial":false,"path_per_floor":["M","?","M","M","$","R","M","R","T","T","R","?","E","M","R"],"character_chosen":"THE_SILENT","items_purchased":[],"campfire_rested":0,"item_purchase_floors":[],"current_hp_per_floor":[69,52,49,49,49,49,46,46,53,53,53,53,44,43,43,0],"gold":171,"neow_bonus":"UPGRADE_CARD","is_prod":false,"is_daily":false,"chose_seed":false,"campfire_upgraded":4,"win_rate":0,"timestamp":1534970228,"path_taken":["M","?","?","M","$","R","M","R","T","?","R","?","E","M","R","BOSS"],"build_version":"2018-08-21","purchased_purges":1,"victory":false,"max_hp_per_floor":[70,70,70,70,70,70,70,70,77,77,77,77,77,77,77,77],"card_choices":[{"not_picked":["Underhanded Strike","Outmaneuver"],"picked":"Dagger Spray","floor":1},{"not_picked":["Concentrate","Dagger Spray","Sucker Punch"],"picked":"SKIP","floor":3},{"not_picked":["Skewer","Underhanded Strike"],"picked":"Footwork","floor":4},{"not_picked":["Flechettes","Cloak And Dagger"],"picked":"Footwork","floor":7},{"not_picked":["Catalyst","Dagger Throw","Phantasmal Killer"],"picked":"SKIP","floor":13},{"not_picked":["Footwork","PiercingWail","Dagger Throw"],"picked":"Dash","floor":14}],"player_experience":291105,"relics_obtained":[{"floor":9,"key":"Strawberry"},{"floor":10,"key":"Vajra"},{"floor":13,"key":"Question Card"}],"event_choices":[{"event_name":"Golden Idol","player_choice":"Take Damage","floor":2,"damage_taken":0},{"event_name":"Living Wall","player_choice":"Forget","floor":12,"damage_taken":0}],"is_beta":true,"boss_relics":[],"items_purged_floors":[5],"is_endless":false,"potions_floor_spawned":[4,13],"killed_by":"Hexaghost","ascension_level":2}