{"gold_per_floor":[119,119,194,208,208,208,252,18,18,38,79,98,98,122,122,251,251,222,247,247,261,261,261,282,282,282,325,325,181,195,195,195,297,297,311,331,348,61,77,104,122,122,168,168,168,168,188,219,219,219],"floor_reached":51,"playtime":3080,"items_purged":["Strike_G","Strike_G"],"score":862,"play_id":"a1a9a9e5-29ba-46a4-a1d7-ff2b763ad080","local_time":"20181110100515","is_ascension_mode":false,"campfire_choices":[{"data":"Neutralize","floor":6,"key":"SMITH"},{"data":"Accuracy","floor":13,"key":"SMITH"},{"floor":15,"key":"REST"},{"data":"Cloak And Dagger","floor":23,"key":"SMITH"},{"data":"Blade Dance","floor":25,"key":"SMITH"},{"floor":28,"key":"REST"},{"floor":32,"key":"REST"},{"floor":42,"key":"REST"},{"data":"Infinite Blades","floor":44,"key":"SMITH"},{"data":"Footwork","floor":49,"key":"SMITH"}],"neow_cost":"NONE","seed_source_timestamp":45647997196762,"circlet_count":0,"master_deck":["Defend_G","Defend_G","Defend_G","Defend_G","Defend_G","Strike_G","Survivor","Neutralize+1","Expertise","Backflip","Blade Dance","Footwork+1","Cloak And Dagger+1","Accuracy+1","Predator","Malaise","Cloak And Dagger+1","Footwork","Blade Dance+1","Deflect","Dodge and Roll","Noxious Fumes+1","Noxious Fumes","Deflect","Blade Dance+1","Heel Hook","Setup+1","Burst+1","Blade Dance+1","Cloak And Dagger+1","Outmaneuver+1","Adrenaline+1","Infinite Blades+1","PiercingWail+1","Endless Agony","Discovery+1","Deflect+1","Backflip+1"],"relics":["Ring of the Snake","NeowsBlessing","Bloody Idol","Ninja Scroll","Boot","FossilizedHelix","Paper Crane","Orrery","Unceasing Top","Toxic Egg 2","Blood Vial","WristBlade","Smiling Mask","Bronze Scales","Mummified Hand"],"potions_floor_usage":[11,16,21,27,27,37,39,47,50],"damage_taken":[{"damage":0,"enemies":"2 Louse","floor":1,"turns":1},{"damage":0,"enemies":"Small Slimes","floor":4,"turns":1},{"damage":0,"enemies":"3 Sentries","floor":7,"turns":1},{"damage":0,"enemies":"Cultist","floor":10,"turns":3},{"damage":7,"enemies":"Gremlin Nob","floor":11,"turns":4},{"damage":0,"enemies":"Large Slime","floor":12,"turns":7},{"damage":0,"enemies":"3 Louse","floor":14,"turns":3},{"damage":11,"enemies":"The Guardian","floor":16,"turns":14},{"damage":19,"enemies":"2 Thieves","floor":18,"turns":5},{"damage":0,"enemies":"Chosen","floor":19,"turns":5},{"damage":0,"enemies":"Snake Plant","floor":21,"turns":7},{"damage":0,"enemies":"Shelled Parasite and Fungi","floor":24,"turns":9},{"damage":29,"enemies":"Slavers","floor":27,"turns":10},{"damage":0,"enemies":"Chosen and Byrds","floor":30,"turns":8},{"damage":2,"enemies":"Champ","floor":33,"turns":14},{"damage":0,"enemies":"Orb Walker","floor":35,"turns":3},{"damage":43,"enemies":"3 Shapes","floor":36,"turns":4},{"damage":18,"enemies":"Writhing Mass","floor":37,"turns":7},{"damage":10,"enemies":"Sphere and 2 Shapes","floor":39,"turns":6},{"damage":0,"enemies":"Reptomancer","floor":40,"turns":8},{"damage":15,"enemies":"Spire Growth","floor":41,"turns":4},{"damage":9,"enemies":"4 Shapes","floor":47,"turns":6},{"damage":0,"enemies":"Nemesis","floor":48,"turns":6},{"damage":51,"enemies":"Awakened One","floor":50,"turns":11}],"seed_played":"-2055053426418829183","potions_obtained":[{"floor":1,"key":"SteroidPotion"},{"floor":11,"key":"PowerPotion"},{"floor":12,"key":"GhostInAJar"},{"floor":14,"key":"GhostInAJar"},{"floor":19,"key":"PowerPotion"},{"floor":27,"key":"SteroidPotion"},{"floor":30,"key":"Explosive Potion"},{"floor":33,"key":"Regen Potion"},{"floor":41,"key":"PowerPotion"},{"floor":47,"key":"PowerPotion"}],"is_trial":false,"path_per_floor":["M","?","?","M","?","R","E","$","T","M","E","M","R","M","R","B",null,"M","M","?","M","?","R","M","R","T","E","R","$","M","?","R","B",null,"M","M","M","$","M","E","M","R","T","R","?","?","M","E","R","B",null],"character_chosen":"THE_SILENT","items_purchased":["Boot","Footwork","Heel Hook","Adrenaline+1","Infinite Blades"],"campfire_rested":4,"item_purchase_floors":[8,8,29,38,38],"current_hp_per_floor":[70,63,52,52,52,52,52,52,52,52,45,45,45,45,64,53,65,46,46,46,46,46,46,46,46,46,17,36,36,38,38,57,62,65,65,27,31,31,28,35,27,46,51,51,51,51,49,56,56,7],"gold":219,"neow_bonus":"THREE_ENEMY_KILL","is_prod":false,"is_daily":false,"chose_seed":false,"campfire_upgraded":6,"win_rate":0,"timestamp":1541815515,"path_taken":["M","?","?","M","?","R","E","$","T","M","E","M","R","M","R","BOSS","M","M","?","M","?","R","M","R","T","E","R","$","M","?","R","BOSS","M","M","M","$","M","E","M","R","T","R","?","?","?","E","R","BOSS"],"build_version":"2018-11-08","purchased_purges":2,"victory":true,"max_hp_per_floor":[70,70,70,70,65,65,65,65,65,65,65,65,65,65,65,65,65,65,65,65,65,65,65,65,65,65,65,65,65,65,65,65,65,65,65,65,65,65,65,65,65,65,65,65,65,65,65,65,65,65],"card_choices":[{"not_picked":["Quick Slash","Deadly Poison"],"picked":"Expertise","floor":1},{"not_picked":["Riddle With Holes","Dagger Spray"],"picked":"Backflip","floor":4},{"not_picked":["Deflect","Endless Agony"],"picked":"Blade Dance","floor":7},{"not_picked":["Dodge and Roll","Outmaneuver"],"picked":"Cloak And Dagger","floor":10},{"not_picked":["Reflex","Poisoned Stab","Glass Knife"],"picked":"SKIP","floor":11},{"not_picked":["Eviscerate","Dagger Throw"],"picked":"Accuracy","floor":12},{"not_picked":["Skewer","PiercingWail"],"picked":"Predator","floor":14},{"not_picked":["Unload","Glass Knife"],"picked":"Malaise","floor":16},{"not_picked":["Dodge and Roll","Dagger Throw"],"picked":"Cloak And Dagger","floor":17},{"not_picked":["Quick Slash","Escape Plan"],"picked":"Footwork","floor":17},{"not_picked":["Well Laid Plans","Tactician"],"picked":"Blade Dance","floor":17},{"not_picked":["Acrobatics","Flying Knee"],"picked":"Deflect","floor":17},{"not_picked":["Well Laid Plans","Acrobatics"],"picked":"Dodge and Roll","floor":17},{"not_picked":["All Out Attack","Dagger Throw"],"picked":"Noxious Fumes+1","floor":18},{"not_picked":["PiercingWail","Dagger Spray"],"picked":"Noxious Fumes","floor":19},{"not_picked":["Dash","Dagger Spray"],"picked":"Deflect","floor":21},{"not_picked":["Setup","Blade Dance","All Out Attack"],"picked":"SKIP","floor":24},{"not_picked":["Deadly Poison+1","Flying Knee"],"picked":"Blade Dance+1","floor":27},{"not_picked":["Flying Knee+1","Tactician+1"],"picked":"Setup+1","floor":30},{"not_picked":["Adrenaline+1","After Image"],"picked":"Burst+1","floor":33},{"not_picked":["Dagger Spray+1","Deadly Poison+1"],"picked":"Blade Dance+1","floor":35},{"not_picked":["Eviscerate+1","Quick Slash"],"picked":"Cloak And Dagger+1","floor":36},{"not_picked":["Dagger Spray","Flying Knee+1"],"picked":"Outmaneuver+1","floor":37},{"not_picked":["Setup+1","Calculated Gamble+1"],"picked":"PiercingWail+1","floor":39},{"not_picked":["Flechettes+1","Endless Agony+1","Riddle With Holes+1"],"picked":"SKIP","floor":40},{"not_picked":["Poisoned Stab+1","Deflect+1"],"picked":"Endless Agony","floor":41},{"not_picked":["Purity+1","Enlightenment+1"],"picked":"Discovery+1","floor":45},{"not_picked":["Skewer","Dagger Spray"],"picked":"Deflect+1","floor":47},{"not_picked":["Dodge and Roll+1","Dagger Spray"],"picked":"Backflip+1","floor":48}],"player_experience":428500,"relics_obtained":[{"floor":7,"key":"Ninja Scroll"},{"floor":9,"key":"FossilizedHelix"},{"floor":11,"key":"Paper Crane"},{"floor":26,"key":"Toxic Egg 2"},{"floor":27,"key":"Blood Vial"},{"floor":40,"key":"Smiling Mask"},{"floor":43,"key":"Bronze Scales"},{"floor":48,"key":"Mummified Hand"}],"event_choices":[{"cards_removed":["Strike_G"],"damage_healed":0,"gold_gain":0,"player_choice":"Card Removal","damage_taken":7,"max_hp_gain":0,"max_hp_loss":0,"event_name":"Golden Wing","floor":2,"gold_loss":0},{"damage_healed":0,"gold_gain":75,"player_choice":"Gather Gold","damage_taken":11,"max_hp_gain":0,"max_hp_loss":0,"event_name":"World of Goop","floor":3,"gold_loss":0},{"damage_healed":0,"gold_gain":0,"player_choice":"Lose Max HP","damage_taken":0,"relics_obtained":["Golden Idol"],"max_hp_gain":0,"max_hp_loss":5,"event_name":"Golden Idol","floor":5,"gold_loss":0},{"cards_removed":["Strike_G"],"damage_healed":0,"gold_gain":0,"player_choice":"Elegance","damage_taken":0,"max_hp_gain":0,"max_hp_loss":0,"event_name":"Back to Basics","floor":20,"gold_loss":0},{"damage_healed":0,"gold_gain":0,"player_choice":"Opened","damage_taken":0,"relics_obtained":["Unceasing Top"],"max_hp_gain":0,"max_hp_loss":0,"event_name":"The Mausoleum","floor":22,"gold_loss":0},{"damage_healed":0,"gold_gain":0,"player_choice":"Gave Idol","damage_taken":0,"relics_obtained":["Bloody Idol"],"max_hp_gain":0,"max_hp_loss":0,"event_name":"Forgotten Altar","floor":31,"relics_lost":["Golden Idol"],"gold_loss":0},{"damage_healed":0,"gold_gain":0,"player_choice":"Memory 1","damage_taken":0,"max_hp_gain":0,"max_hp_loss":0,"event_name":"SensoryStone","floor":45,"gold_loss":0},{"damage_healed":0,"gold_gain":0,"player_choice":"Forge","damage_taken":0,"max_hp_gain":0,"max_hp_loss":0,"event_name":"Accursed Blacksmith","floor":46,"gold_loss":0,"cards_upgraded":["Cloak And Dagger"]}],"is_beta":false,"boss_relics":[{"not_picked":["Philosopher\u0027s Stone","Snecko Eye"],"picked":"Orrery"},{"not_picked":["Pandora\u0027s Box","Coffee Dripper"],"picked":"WristBlade"}],"items_purged_floors":[29,38],"is_endless":false,"potions_floor_spawned":[1,11,12,14,19,27,30,33,36,41,47],"ascension_level":0}