{"gold_per_floor":[366,47,60,75,87,87,103,103,103,103,117,147,147,161,161,261,261,281,296,313,327,144,144,162,175,200,212,212,56,56,71,71,71],"floor_reached":33,"playtime":1578,"items_purged":["Decay","Strike_G"],"score":282,"play_id":"7b4278fe-fc21-4e13-977f-9ddf167ef232","local_time":"20181119150756","is_ascension_mode":true,"campfire_choices":[{"data":"Neutralize","floor":6,"key":"SMITH"},{"data":"Terror","floor":8,"key":"SMITH"},{"data":"Finisher","floor":10,"key":"SMITH"},{"data":"Glass Knife","floor":15,"key":"SMITH"},{"data":"Forethought","floor":23,"key":"SMITH"},{"floor":30,"key":"REST"},{"floor":32,"key":"REST"}],"neow_cost":"CURSE","seed_source_timestamp":133172541443882,"circlet_count":0,"master_deck":["Defend_G","Defend_G","Defend_G","Defend_G","Defend_G","Strike_G","Strike_G","Strike_G","Strike_G+1","Survivor","Neutralize+1","Terror+1","Finisher+1","Backflip","Well Laid Plans","Distraction","Backstab+1","Distraction","Glass Knife+1","Finesse","Night Terror","Setup","Dodge and Roll","PiercingWail","Forethought+1","Cloak And Dagger","Burst","PiercingWail","Slice"],"relics":["Ring of the Snake","Shuriken","Dodecahedron","Sozu","Centennial Puzzle","MutagenicStrength","Whetstone"],"potions_floor_usage":[7,11,16,33],"damage_taken":[{"damage":0,"enemies":"Cultist","floor":1,"turns":5},{"damage":0,"enemies":"Small Slimes","floor":3,"turns":3},{"damage":0,"enemies":"2 Louse","floor":4,"turns":3},{"damage":2,"enemies":"Red Slaver","floor":5,"turns":4},{"damage":0,"enemies":"Looter","floor":7,"turns":1},{"damage":2,"enemies":"Large Slime","floor":11,"turns":5},{"damage":0,"enemies":"Exordium Wildlife","floor":14,"turns":3},{"damage":43,"enemies":"Slime Boss","floor":16,"turns":10},{"damage":0,"enemies":"3 Byrds","floor":18,"turns":6},{"damage":0,"enemies":"Spheric Guardian","floor":19,"turns":2},{"damage":0,"enemies":"Snecko","floor":20,"turns":2},{"damage":8,"enemies":"Centurion and Healer","floor":21,"turns":5},{"damage":30,"enemies":"Snake Plant","floor":24,"turns":5},{"damage":4,"enemies":"Shelled Parasite and Fungi","floor":25,"turns":5},{"damage":7,"enemies":"Centurion and Healer","floor":27,"turns":4},{"damage":19,"enemies":"Snake Plant","floor":31,"turns":4},{"damage":45,"enemies":"Collector","floor":33,"turns":5}],"seed_played":"-4106820544302038873","potions_obtained":[{"floor":1,"key":"AttackPotion"},{"floor":4,"key":"SkillPotion"},{"floor":5,"key":"SneckoOil"},{"floor":7,"key":"Fire Potion"}],"is_trial":false,"path_per_floor":["M","$","M","M","M","R","M","R","T","R","M","?","?","M","R","B",null,"M","M","M","M","$","R","M","M","T","M","?","$","R","M","R","B"],"character_chosen":"THE_SILENT","items_purchased":["Shuriken","Forethought","Whetstone"],"campfire_rested":2,"item_purchase_floors":[2,22,29],"current_hp_per_floor":[70,70,70,70,68,68,68,68,68,68,66,66,66,66,66,23,70,70,70,70,62,62,62,32,28,28,21,21,21,42,23,44,0],"gold":71,"neow_bonus":"TWO_FIFTY_GOLD","is_prod":false,"is_daily":false,"chose_seed":false,"campfire_upgraded":5,"win_rate":0,"timestamp":1542611276,"path_taken":["M","$","?","M","M","R","M","R","T","R","M","?","?","?","R","BOSS","M","M","M","M","$","R","M","M","T","M","?","$","R","M","R","BOSS"],"build_version":"2018-11-15","purchased_purges":2,"victory":false,"max_hp_per_floor":[70,70,70,70,70,70,70,70,70,70,70,70,70,70,70,70,70,70,70,70,70,70,70,70,70,70,70,70,70,70,70,70,70],"card_choices":[{"not_picked":["PiercingWail","Poisoned Stab"],"picked":"Terror","floor":1},{"not_picked":["Flying Knee","Bane"],"picked":"Finisher","floor":3},{"not_picked":["Deadly Poison","Bane"],"picked":"Backflip","floor":4},{"not_picked":["Heel Hook","Outmaneuver"],"picked":"Well Laid Plans","floor":5},{"not_picked":["Masterful Stab","Predator"],"picked":"Distraction","floor":7},{"not_picked":["Backflip","Deflect"],"picked":"Backstab","floor":11},{"not_picked":["Deadly Poison","Poisoned Stab","Bane"],"picked":"SKIP","floor":14},{"not_picked":["Doppelganger","Burst"],"picked":"Night Terror","floor":16},{"not_picked":["Noxious Fumes+1","Deflect"],"picked":"Setup","floor":18},{"not_picked":["Eviscerate","Deflect"],"picked":"Dodge and Roll","floor":19},{"not_picked":["Acrobatics","Blade Dance","Eviscerate"],"picked":"SKIP","floor":20},{"not_picked":["Accuracy","Dagger Throw"],"picked":"PiercingWail","floor":21},{"not_picked":["Quick Slash","Prepared"],"picked":"Cloak And Dagger","floor":24},{"not_picked":["Quick Slash+1","Concentrate"],"picked":"Burst","floor":25},{"not_picked":["Dagger Spray+1","Cloak And Dagger"],"picked":"PiercingWail","floor":27},{"not_picked":["Catalyst","Choke"],"picked":"Slice","floor":31}],"player_experience":447799,"relics_obtained":[{"floor":9,"key":"Dodecahedron"},{"floor":26,"key":"Centennial Puzzle"}],"event_choices":[{"damage_healed":0,"gold_gain":30,"player_choice":"Searched \u00271\u0027 times","damage_taken":0,"max_hp_gain":0,"max_hp_loss":0,"event_name":"Dead Adventurer","floor":12,"gold_loss":0},{"damage_healed":0,"gold_gain":0,"player_choice":"3 cards matched","damage_taken":0,"max_hp_gain":0,"max_hp_loss":0,"event_name":"Match and Keep!","floor":13,"gold_loss":0,"cards_obtained":["Distraction","Glass Knife","Finesse"]},{"damage_healed":0,"gold_gain":0,"player_choice":"Inject Mutagens","damage_taken":0,"relics_obtained":["MutagenicStrength"],"max_hp_gain":0,"max_hp_loss":0,"event_name":"Drug Dealer","floor":28,"gold_loss":0}],"is_beta":false,"boss_relics":[{"not_picked":["Coffee Dripper","Pandora\u0027s Box"],"picked":"Sozu"}],"items_purged_floors":[2,22],"is_endless":false,"potions_floor_spawned":[1,4,5,7,19,21,25],"killed_by":"Collector","ascension_level":3}