{"gold_per_floor":[112,112,112,125,125,150,150,177,177,192,192,214,246,265,265,265],"floor_reached":16,"playtime":1595,"items_purged":[],"score":130,"play_id":"e27bb5d6-d76a-47a3-a9b8-1da943f77c67","local_time":"20190310135647","is_ascension_mode":true,"campfire_choices":[{"data":"Inflame","floor":7,"key":"SMITH"},{"floor":11,"key":"REST"},{"data":"Dual Wield","floor":15,"key":"SMITH"}],"neow_cost":"NONE","seed_source_timestamp":1185710740670209,"circlet_count":0,"master_deck":["Strike_R","Strike_R","Strike_R","Strike_R+1","Defend_R","Defend_R","Defend_R","Bash","Disarm+1","Armaments","Inflame+1","Inflame","Headbutt","Dual Wield+1","Evolve"],"relics":["Burning Blood","Art of War","Gambling Chip","Paper Frog","Odd Mushroom","Bag of Marbles"],"potions_floor_usage":[13,16,16],"damage_taken":[{"damage":2,"enemies":"Small Slimes","floor":1,"turns":4},{"damage":4,"enemies":"2 Louse","floor":4,"turns":3},{"damage":21,"enemies":"Lagavulin","floor":6,"turns":8},{"damage":32,"enemies":"3 Sentries","floor":8,"turns":10},{"damage":3,"enemies":"Cultist","floor":10,"turns":3},{"damage":20,"enemies":"The Mushroom Lair","floor":12,"turns":5},{"damage":7,"enemies":"Lagavulin","floor":13,"turns":5},{"damage":15,"enemies":"Exordium Wildlife","floor":14,"turns":6},{"damage":35,"enemies":"Slime Boss","floor":16,"turns":5}],"seed_played":"7728300077150752090","potions_obtained":[{"floor":1,"key":"LiquidBronze"},{"floor":10,"key":"Poison Potion"},{"floor":12,"key":"BloodPotion"},{"floor":13,"key":"Ancient Potion"},{"floor":14,"key":"Energy Potion"}],"is_trial":false,"path_per_floor":["M","?","?","M","?","E","R","E","T","M","R","?","E","M","R","B"],"character_chosen":"IRONCLAD","items_purchased":[],"campfire_rested":1,"item_purchase_floors":[],"current_hp_per_floor":[80,64,64,66,59,44,44,18,18,21,45,31,30,21,21,0],"gold":265,"neow_bonus":"RANDOM_COMMON_RELIC","is_prod":false,"is_daily":false,"chose_seed":false,"campfire_upgraded":2,"win_rate":0,"timestamp":1552240607,"path_taken":["M","?","?","?","?","E","R","E","T","M","R","?","E","M","R","BOSS"],"build_version":"2019-01-23","purchased_purges":0,"victory":false,"max_hp_per_floor":[80,80,80,80,80,80,80,80,80,80,80,80,80,80,80,80],"card_choices":[{"not_picked":["Power Through","Sever Soul"],"picked":"Disarm","floor":1},{"not_picked":["Infernal Blade","Iron Wave"],"picked":"Inflame","floor":4},{"not_picked":["Cleave","Perfected Strike"],"picked":"Inflame","floor":6},{"not_picked":["Cleave","Heavy Blade"],"picked":"Headbutt","floor":8},{"not_picked":["Evolve","Intimidate","Thunderclap"],"picked":"SKIP","floor":10},{"not_picked":["Headbutt","Impervious"],"picked":"Dual Wield","floor":13},{"not_picked":["Blood for Blood","Sword Boomerang"],"picked":"Evolve","floor":14}],"player_experience":180614,"relics_obtained":[{"floor":6,"key":"Gambling Chip"},{"floor":8,"key":"Paper Frog"},{"floor":12,"key":"Odd Mushroom"},{"floor":13,"key":"Bag of Marbles"}],"event_choices":[{"damage_healed":0,"gold_gain":0,"player_choice":"Entered Light","damage_taken":16,"max_hp_gain":0,"max_hp_loss":0,"event_name":"Shining Light","floor":2,"gold_loss":0,"cards_upgraded":["Disarm","Strike_R"]},{"damage_healed":0,"gold_gain":0,"cards_transformed":["Strike_R"],"player_choice":"Transformed","damage_taken":0,"max_hp_gain":0,"max_hp_loss":0,"event_name":"Transmorgrifier","floor":3,"gold_loss":0,"cards_obtained":["Armaments"]},{"cards_removed":["Defend_R"],"damage_healed":0,"gold_gain":0,"player_choice":"Card Removal","damage_taken":7,"max_hp_gain":0,"max_hp_loss":0,"event_name":"Golden Wing","floor":5,"gold_loss":0},{"damage_healed":0,"gold_gain":0,"player_choice":"Fought Mushrooms","damage_taken":0,"max_hp_gain":0,"max_hp_loss":0,"event_name":"Mushrooms","floor":12,"gold_loss":0}],"is_beta":false,"boss_relics":[],"items_purged_floors":[],"is_endless":false,"potions_floor_spawned":[1,10,12,13,14],"killed_by":"Slime Boss","ascension_level":2}