{"gold_per_floor":[216,0,18,18,30,30,50,63,63,63,40,56,56,71,71,71],"floor_reached":16,"playtime":760,"items_purged":["Strike_R"],"score":107,"play_id":"0222343d-91ff-40fe-bcfa-9aa9647f9c6a","local_time":"20190502184648","is_ascension_mode":true,"campfire_choices":[{"data":"Dual Wield","floor":6,"key":"SMITH"},{"floor":13,"key":"REST"},{"data":"Limit Break","floor":15,"key":"SMITH"}],"neow_cost":"NONE","seed_source_timestamp":845541312376600,"circlet_count":0,"master_deck":["Strike_R","Strike_R","Strike_R","Strike_R","Defend_R","Defend_R","Defend_R","Defend_R","Bash","Dual Wield+1","Inflame","Battle Trance","Warcry","Limit Break+1","Warcry","Warcry","Shrug It Off"],"relics":["Burning Blood","Dead Branch","Spirit Poop"],"potions_floor_usage":[8,16],"damage_taken":[{"damage":2,"enemies":"2 Louse","floor":1,"turns":4},{"damage":18,"enemies":"Jaw Worm","floor":3,"turns":4},{"damage":16,"enemies":"Cultist","floor":5,"turns":5},{"damage":31,"enemies":"Blue Slaver","floor":7,"turns":6},{"damage":19,"enemies":"Exordium Wildlife","floor":8,"turns":6},{"damage":8,"enemies":"Looter","floor":12,"turns":4},{"damage":18,"enemies":"Blue Slaver","floor":14,"turns":6},{"damage":32,"enemies":"Hexaghost","floor":16,"turns":9}],"seed_played":"-7968218318714420890","potions_obtained":[{"floor":3,"key":"Dexterity Potion"},{"floor":7,"key":"AttackPotion"},{"floor":8,"key":"EssenceOfSteel"},{"floor":12,"key":"FearPotion"}],"is_trial":false,"path_per_floor":["M","$","M","?","M","R","M","M","T","?","$","M","R","M","R","B"],"character_chosen":"IRONCLAD","items_purchased":["Dual Wield","Inflame","Warcry"],"campfire_rested":1,"item_purchase_floors":[2,2,11],"current_hp_per_floor":[80,80,68,68,58,58,33,20,20,20,20,18,42,30,30,0],"gold":71,"neow_bonus":"HUNDRED_GOLD","is_prod":false,"is_daily":false,"chose_seed":false,"campfire_upgraded":2,"win_rate":0,"timestamp":1556837208,"path_taken":["M","$","M","?","M","R","M","M","T","?","$","M","R","?","R","BOSS"],"build_version":"2019-01-23","purchased_purges":1,"victory":false,"max_hp_per_floor":[80,80,80,80,80,80,80,80,80,80,80,80,80,80,80,80],"card_choices":[{"not_picked":["Iron Wave","Reckless Charge","Uppercut"],"picked":"SKIP","floor":1},{"not_picked":["Disarm","Twin Strike"],"picked":"Battle Trance","floor":3},{"not_picked":["Sword Boomerang","Perfected Strike"],"picked":"Warcry","floor":5},{"not_picked":["Entrench","True Grit"],"picked":"Limit Break","floor":7},{"not_picked":["Havoc","True Grit"],"picked":"Warcry","floor":8},{"not_picked":["Twin Strike","Headbutt","Thunderclap"],"picked":"SKIP","floor":12},{"not_picked":["Flex","Disarm"],"picked":"Shrug It Off","floor":14}],"player_experience":229938,"relics_obtained":[],"event_choices":[{"damage_healed":0,"gold_gain":0,"player_choice":"Box","damage_taken":0,"relics_obtained":["Dead Branch"],"max_hp_gain":0,"max_hp_loss":0,"event_name":"Big Fish","floor":4,"gold_loss":0,"cards_obtained":["Regret"]},{"cards_removed":["Regret"],"damage_healed":0,"gold_gain":0,"player_choice":"Offered Curse","damage_taken":0,"relics_obtained":["Spirit Poop"],"max_hp_gain":0,"max_hp_loss":0,"event_name":"Bonfire Elementals","floor":10,"gold_loss":0}],"is_beta":false,"boss_relics":[],"items_purged_floors":[2],"is_endless":false,"potions_floor_spawned":[3,7,8,12],"killed_by":"Hexaghost","ascension_level":3}