{"gold_per_floor":[15,35,45,45,59,84,95,95,144,162,187,187,218,235,235,332,332,343,353,43,43,55,55,84,95,163,163,191,191,17,29,29,125,125,138,192,205,219,219,219],"floor_reached":40,"playtime":2551,"items_purged":["Defend_B","Strike_B"],"score":540,"play_id":"623b448a-301f-45e4-881d-ae070df23553","local_time":"20190506232752","is_ascension_mode":true,"campfire_choices":[{"data":"Zap","floor":8,"key":"SMITH"},{"data":"Defragment","floor":15,"key":"SMITH"},{"floor":23,"key":"RECALL"},{"data":"Defragment","floor":32,"key":"SMITH"}],"neow_cost":"NO_GOLD","seed_source_timestamp":1206216448522700,"circlet_count":0,"master_deck":["Strike_B","Strike_B","Defend_B","Zap+1","Dualcast","Conserve Battery","Glacier","Coolheaded","Chill","Consume","Defragment+1","Ball Lightning","Electrodynamics","Defragment+1","Self Repair","Stack","Biased Cognition","RitualDagger+1","Defragment+1","Recycle+1","Capacitor+1"],"relics":["Cracked Core","Unceasing Top","Meat on the Bone","Bag of Preparation","Sundial","Boot","Black Star","DollysMirror","Shuriken","Potion Belt","Matryoshka","Molten Egg 2","Darkstone Periapt","Cursed Key","Pocketwatch"],"potions_floor_usage":[11,11,13,16,31,31,33,36,36],"damage_taken":[{"damage":1,"enemies":"Cultist","floor":1,"turns":3},{"damage":2,"enemies":"Jaw Worm","floor":2,"turns":3},{"damage":0,"enemies":"2 Louse","floor":3,"turns":3},{"damage":0,"enemies":"Looter","floor":5,"turns":4},{"damage":39,"enemies":"Lagavulin","floor":6,"turns":23},{"damage":5,"enemies":"Blue Slaver","floor":7,"turns":5},{"damage":0,"enemies":"Large Slime","floor":10,"turns":7},{"damage":3,"enemies":"3 Sentries","floor":11,"turns":11},{"damage":12,"enemies":"Gremlin Nob","floor":13,"turns":5},{"damage":3,"enemies":"Exordium Thugs","floor":14,"turns":7},{"damage":13,"enemies":"Hexaghost","floor":16,"turns":11},{"damage":2,"enemies":"Chosen","floor":18,"turns":5},{"damage":9,"enemies":"Shell Parasite","floor":19,"turns":5},{"damage":9,"enemies":"Snake Plant","floor":22,"turns":5},{"damage":16,"enemies":"Gremlin Leader","floor":24,"turns":7},{"damage":19,"enemies":"Centurion and Healer","floor":25,"turns":4},{"damage":14,"enemies":"Book of Stabbing","floor":28,"turns":7},{"damage":15,"enemies":"Shelled Parasite and Fungi","floor":31,"turns":5},{"damage":25,"enemies":"Automaton","floor":33,"turns":11},{"damage":0,"enemies":"3 Shapes","floor":35,"turns":2},{"damage":57,"enemies":"2 Orb Walkers","floor":36,"turns":5},{"damage":24,"enemies":"3 Darklings","floor":37,"turns":4},{"damage":9,"enemies":"Sphere and 2 Shapes","floor":38,"turns":6},{"damage":47,"enemies":"Nemesis","floor":40,"turns":3}],"seed_played":"-444916188274346575","potions_obtained":[{"floor":2,"key":"Energy Potion"},{"floor":7,"key":"SkillPotion"},{"floor":10,"key":"Regen Potion"},{"floor":11,"key":"GamblersBrew"},{"floor":13,"key":"Explosive Potion"},{"floor":14,"key":"Dexterity Potion"},{"floor":19,"key":"Dexterity Potion"},{"floor":24,"key":"SpeedPotion"},{"floor":28,"key":"EssenceOfSteel"},{"floor":33,"key":"SteroidPotion"},{"floor":35,"key":"Dexterity Potion"}],"is_trial":false,"path_per_floor":["M","M","M","$","M","E","M","R","T","M","E","?","E","M","R","B",null,"M","M","$","?","M","R","E","M","T","?","E","?","$","M","R","B",null,"M","?","M","M","?","E"],"character_chosen":"DEFECT","items_purchased":["DollysMirror","Self Repair","Defragment"],"campfire_rested":0,"item_purchase_floors":[20,20,30],"current_hp_per_floor":[74,72,72,72,72,33,40,40,40,40,49,42,42,39,39,41,75,73,64,64,48,46,46,49,49,49,49,54,48,48,52,52,46,75,75,37,32,42,42,0],"gold":219,"neow_bonus":"ONE_RARE_RELIC","is_prod":false,"is_daily":false,"chose_seed":false,"campfire_upgraded":3,"win_rate":0,"timestamp":1557199672,"path_taken":["M","M","M","$","M","E","?","R","T","M","E","?","E","M","R","BOSS","M","M","$","?","M","R","E","M","T","?","E","?","?","?","R","BOSS","M","?","M","M","?","E"],"build_version":"2019-01-23","purchased_purges":2,"victory":false,"max_hp_per_floor":[75,75,75,75,75,75,75,75,75,75,75,75,75,75,75,75,75,75,75,75,75,75,75,75,75,75,75,75,75,75,75,75,75,75,75,75,75,75,75,75],"card_choices":[{"not_picked":["Rebound","Compile Driver"],"picked":"Conserve Battery","floor":1},{"not_picked":["Barrage","Leap"],"picked":"Glacier","floor":2},{"not_picked":["Gash","Sweeping Beam"],"picked":"Coolheaded","floor":3},{"not_picked":["Barrage","Steam Power"],"picked":"Chill","floor":5},{"not_picked":["Gash","Darkness"],"picked":"Consume","floor":6},{"not_picked":["Barrage","FTL","Steam"],"picked":"SKIP","floor":7},{"not_picked":["Redo","Leap","Turbo"],"picked":"SKIP","floor":10},{"not_picked":["Core Surge","Turbo"],"picked":"Defragment","floor":11},{"not_picked":["Leap","Steam Power"],"picked":"Ball Lightning","floor":13},{"not_picked":["Coolheaded","Go for the Eyes","Steam"],"picked":"SKIP","floor":14},{"not_picked":["Rainbow","Biased Cognition"],"picked":"Electrodynamics","floor":16},{"not_picked":["Barrage+1","Compile Driver","Storm"],"picked":"SKIP","floor":18},{"not_picked":["Streamline","Reinforced Body+1","Redo"],"picked":"SKIP","floor":19},{"not_picked":["Ball Lightning","Lockon+1","Genetic Algorithm"],"picked":"SKIP","floor":22},{"not_picked":["Steam","Turbo+1","FTL"],"picked":"SKIP","floor":24},{"not_picked":["Consume","Steam","Steam Power"],"picked":"SKIP","floor":25},{"not_picked":["Turbo","Sweeping Beam","Compile Driver"],"picked":"SKIP","floor":28},{"not_picked":["Sweeping Beam+1","Turbo","Hello World"],"picked":"SKIP","floor":31},{"not_picked":["Sweeping Beam+1","Leap+1"],"picked":"Recycle+1","floor":35},{"not_picked":["Heatsinks+1","Loop"],"picked":"Capacitor+1","floor":36},{"not_picked":["Coolheaded+1","Beam Cell+1","Genetic Algorithm"],"picked":"SKIP","floor":37},{"not_picked":["Recycle","Leap+1","Go for the Eyes+1"],"picked":"SKIP","floor":38}],"player_experience":255802,"relics_obtained":[{"floor":6,"key":"Meat on the Bone"},{"floor":9,"key":"Bag of Preparation"},{"floor":11,"key":"Sundial"},{"floor":13,"key":"Boot"},{"floor":24,"key":"Shuriken"},{"floor":24,"key":"Potion Belt"},{"floor":26,"key":"Matryoshka"},{"floor":28,"key":"Molten Egg 2"},{"floor":28,"key":"Darkstone Periapt"},{"floor":36,"key":"Pocketwatch"}],"event_choices":[{"cards_removed":["Defend_B"],"damage_healed":0,"gold_gain":0,"player_choice":"Card Removal","damage_taken":7,"max_hp_gain":0,"max_hp_loss":0,"event_name":"Golden Wing","floor":12,"gold_loss":0},{"damage_healed":0,"gold_gain":0,"player_choice":"Obtained Book","damage_taken":16,"max_hp_gain":0,"max_hp_loss":0,"event_name":"Cursed Tome","floor":21,"gold_loss":0},{"damage_healed":0,"gold_gain":0,"cards_transformed":["Strike_B","Defend_B"],"player_choice":"Became Test Subject","damage_taken":0,"max_hp_gain":0,"max_hp_loss":0,"event_name":"Drug Dealer","floor":27,"gold_loss":0,"cards_obtained":["Stack","Biased Cognition"]},{"damage_healed":0,"gold_gain":0,"player_choice":"Joined the Cult","damage_taken":6,"max_hp_gain":0,"max_hp_loss":0,"event_name":"Nest","floor":29,"gold_loss":0,"cards_obtained":["RitualDagger"]},{"damage_healed":0,"gold_gain":0,"player_choice":"Fight","damage_taken":0,"max_hp_gain":0,"max_hp_loss":0,"event_name":"Mysterious Sphere","floor":36,"gold_loss":0},{"damage_healed":0,"gold_gain":0,"player_choice":"Memory 1","damage_taken":0,"max_hp_gain":0,"max_hp_loss":0,"event_name":"SensoryStone","floor":39,"gold_loss":0}],"is_beta":false,"boss_relics":[{"not_picked":["Ectoplasm","Lizard Tail"],"picked":"Black Star"},{"not_picked":["Empty Cage","Coffee Dripper"],"picked":"Cursed Key"}],"items_purged_floors":[20,30],"is_endless":false,"potions_floor_spawned":[2,7,10,11,13,14,19,24,28,33,35],"killed_by":"Nemesis","ascension_level":4}