{"gold_per_floor":[365,381,75,94,94,128,128,155,233,248,248,259,259,275,275,349,349,349,349,19,19,19,19,19,19,19,19,19,19,19,19,19,19,19,19,19,19,19,19,19,19,19,19,19,19,19,19,0,0,0],"floor_reached":51,"playtime":4032,"items_purged":["Strike_G"],"score":1210,"play_id":"bae44c96-6845-4cb2-97e2-e43eef031edc","local_time":"20190507141221","is_ascension_mode":true,"campfire_choices":[{"floor":7.0,"key":"REST"},{"floor":11.0,"key":"REST"},{"floor":13.0,"key":"REST"},{"floor":15.0,"key":"REST"},{"floor":23.0,"key":"REST"},{"data":"Infinite Blades","floor":25.0,"key":"SMITH"},{"data":"Infinite Blades","floor":28.0,"key":"SMITH"},{"floor":32.0,"key":"REST"},{"floor":40,"key":"REST"},{"data":"A Thousand Cuts","floor":42,"key":"SMITH"},{"data":"Panache","floor":46,"key":"SMITH"},{"floor":49,"key":"REST"}],"neow_cost":"PERCENT_DAMAGE","seed_source_timestamp":0,"circlet_count":0,"master_deck":["AscendersBane","Defend_G","Defend_G","Defend_G","Defend_G","Defend_G","Strike_G","Strike_G","Strike_G","Strike_G","Survivor","Neutralize","Backflip","Backflip","Leg Sweep","Infinite Blades+1","Deflect","Dagger Spray","Malaise","Blade Dance","Blade Dance","Cloak And Dagger","Escape Plan","A Thousand Cuts+1","Backstab+1","Well Laid Plans","Panache+1","Cloak And Dagger","Infinite Blades+1","Endless Agony","After Image+1","Violence","Leg Sweep","Decay","Backflip+1"],"special_seed":0,"relics":["Ring of the Snake","Dead Branch","Art of War","Blue Candle","Ectoplasm","Meat on the Bone","Old Coin","Juzu Bracelet","Cursed Key","Vajra","Anchor","Red Mask"],"potions_floor_usage":[33,50,50],"damage_taken":[{"damage":9.0,"enemies":"Cultist","floor":1.0,"turns":5.0},{"damage":0.0,"enemies":"Small Slimes","floor":2.0,"turns":5.0},{"damage":1.0,"enemies":"2 Louse","floor":4.0,"turns":6.0},{"damage":7.0,"enemies":"Lagavulin","floor":6.0,"turns":10.0},{"damage":29.0,"enemies":"3 Sentries","floor":8.0,"turns":6.0},{"damage":0.0,"enemies":"Blue Slaver","floor":10.0,"turns":4.0},{"damage":18.0,"enemies":"Gremlin Gang","floor":12.0,"turns":5.0},{"damage":6.0,"enemies":"Exordium Wildlife","floor":14.0,"turns":4.0},{"damage":20.0,"enemies":"Hexaghost","floor":16.0,"turns":11.0},{"damage":1.0,"enemies":"Spheric Guardian","floor":18.0,"turns":3.0},{"damage":3.0,"enemies":"3 Byrds","floor":19.0,"turns":5.0},{"damage":19.0,"enemies":"Centurion and Healer","floor":21.0,"turns":3.0},{"damage":0.0,"enemies":"3 Cultists","floor":24.0,"turns":4.0},{"damage":20.0,"enemies":"Slavers","floor":27.0,"turns":4.0},{"damage":12.0,"enemies":"Snake Plant","floor":29.0,"turns":4.0},{"damage":26.0,"enemies":"Book of Stabbing","floor":31.0,"turns":4.0},{"damage":19,"enemies":"Automaton","floor":33,"turns":7},{"damage":10,"enemies":"3 Shapes","floor":35,"turns":4},{"damage":13,"enemies":"3 Darklings","floor":38,"turns":3},{"damage":7,"enemies":"Reptomancer","floor":41,"turns":5},{"damage":0,"enemies":"4 Shapes","floor":44,"turns":2},{"damage":0,"enemies":"Transient","floor":45,"turns":5},{"damage":0,"enemies":"Sphere and 2 Shapes","floor":47,"turns":3},{"damage":13,"enemies":"Donu and Deca","floor":50,"turns":6}],"seed_played":"-1169951656759600017","potions_obtained":[{"floor":6.0,"key":"Explosive Potion"},{"floor":8.0,"key":"AttackPotion"},{"floor":14.0,"key":"SkillPotion"},{"floor":18.0,"key":"GamblersBrew"},{"floor":29.0,"key":"SteroidPotion"},{"floor":41,"key":"EssenceOfSteel"},{"floor":44,"key":"SkillPotion"}],"is_trial":false,"path_per_floor":["M","M","$","M","?","E","R","E","T","M","R","M","R","M","R","B",null,"M","M","$","M","?","R","M","R","T","E","R","M","$","E","R","B",null,"M","?","?","M","?","R","E","R","T","M","M","R","M","?","R","B",null],"character_chosen":"THE_SILENT","items_purchased":["Leg Sweep","Dexterity Potion","Fire Potion","Infinite Blades","Deflect","Well Laid Plans","Panache"],"campfire_rested":8,"item_purchase_floors":[3,3,3,3,3,20,20],"current_hp_per_floor":[35,35,35,34,34,27,46,17,17,17,36,18,37,31,50,30,57,56,53,53,34,34,53,53,53,53,45,45,45,45,31,50,43,60,50,50,50,37,37,56,49,49,49,49,49,49,49,49,66,53],"gold":0,"neow_bonus":"TWO_FIFTY_GOLD","is_prod":false,"is_daily":false,"chose_seed":false,"campfire_upgraded":4,"win_rate":0,"timestamp":1557263541,"path_taken":["M","M","$","M","?","E","R","E","T","M","R","M","R","?","R","BOSS","M","M","$","M","?","R","M","R","T","E","R","M","?","E","R","BOSS","M","?","?","M","?","R","E","R","T","M","M","R","M","?","R","BOSS"],"build_version":"2019-01-23","purchased_purges":1,"victory":true,"max_hp_per_floor":[66,66,66,66,66,66,66,66,66,66,66,66,66,66,66,66,66,66,66,66,66,66,66,66,66,66,66,66,66,66,66,66,66,66,66,66,66,66,66,66,66,66,66,66,66,66,66,66,66,66],"card_choices":[{"not_picked":["Cloak And Dagger","Escape Plan"],"picked":"Backflip","floor":1.0},{"not_picked":["Outmaneuver","Masterful Stab"],"picked":"Backflip","floor":2.0},{"not_picked":["Slice","Quick Slash"],"picked":"Dagger Spray","floor":4.0},{"not_picked":["Acrobatics","Flying Knee"],"picked":"Malaise","floor":6.0},{"not_picked":["Poisoned Stab","Malaise"],"picked":"Blade Dance","floor":8.0},{"not_picked":["Flying Knee","Outmaneuver"],"picked":"Blade Dance","floor":10.0},{"not_picked":["Poisoned Stab","Bane"],"picked":"Cloak And Dagger","floor":12.0},{"not_picked":["Bane","Acrobatics"],"picked":"Escape Plan","floor":14.0},{"not_picked":["Tools of the Trade","Glass Knife"],"picked":"A Thousand Cuts","floor":16.0},{"not_picked":["Well Laid Plans","Dagger Spray"],"picked":"Backstab+1","floor":18.0},{"not_picked":["Flying Knee","Crippling Poison"],"picked":"Quick Slash+1","floor":19.0},{"not_picked":["Heel Hook","Finisher"],"picked":"Cloak And Dagger","floor":21.0},{"not_picked":["Dash","Bouncing Flask","Slice"],"picked":"SKIP","floor":24.0},{"not_picked":["Deflect","Expertise"],"picked":"Infinite Blades","floor":27.0},{"not_picked":["Dagger Throw+1","Caltrops","Catalyst"],"picked":"SKIP","floor":29.0},{"not_picked":["Riddle With Holes","Outmaneuver"],"picked":"Endless Agony","floor":31.0},{"not_picked":["Burst","Doppelganger"],"picked":"After Image","floor":33},{"not_picked":["Flechettes","Outmaneuver","Quick Slash+1"],"picked":"SKIP","floor":35},{"not_picked":["Slice","Dodge and Roll","Sucker Punch"],"picked":"SKIP","floor":38},{"not_picked":["Trip","Swift Strike"],"picked":"Violence","floor":39},{"not_picked":["Infinite Blades","Sucker Punch"],"picked":"Leg Sweep","floor":41},{"not_picked":["Bane+1","Outmaneuver","Slice"],"picked":"SKIP","floor":44},{"not_picked":["Sucker Punch+1","Caltrops"],"picked":"Backflip+1","floor":45},{"not_picked":["Acrobatics","Underhanded Strike+1","Infinite Blades"],"picked":"SKIP","floor":47}],"player_experience":461648,"relics_obtained":[{"floor":6.0,"key":"Dead Branch"},{"floor":8.0,"key":"Art of War"},{"floor":9.0,"key":"Blue Candle"},{"floor":26.0,"key":"Meat on the Bone"},{"floor":27.0,"key":"Old Coin"},{"floor":31.0,"key":"Juzu Bracelet"},{"floor":41,"key":"Vajra"},{"floor":43,"key":"Anchor"}],"event_choices":[{"damage_healed":0.0,"max_hp_gain":0.0,"max_hp_loss":0.0,"gold_gain":0.0,"event_name":"Purifier","player_choice":"Ignored","floor":5.0,"gold_loss":0.0,"damage_taken":0.0},{"damage_healed":0.0,"max_hp_gain":0.0,"max_hp_loss":0.0,"gold_gain":50.0,"event_name":"Golden Shrine","player_choice":"Pray","floor":22.0,"gold_loss":0.0,"damage_taken":0.0},{"cards_removed":["Quick Slash"],"damage_healed":0,"gold_gain":0,"player_choice":"Removed Attack","damage_taken":0,"max_hp_gain":0,"max_hp_loss":0,"event_name":"Falling","floor":36,"gold_loss":0},{"damage_healed":0,"gold_gain":0,"player_choice":"Upgraded","damage_taken":0,"max_hp_gain":0,"max_hp_loss":0,"event_name":"Upgrade Shrine","floor":37,"gold_loss":0,"cards_upgraded":["After Image"]},{"damage_healed":0,"gold_gain":0,"player_choice":"Memory 1","damage_taken":0,"max_hp_gain":0,"max_hp_loss":0,"event_name":"SensoryStone","floor":39,"gold_loss":0},{"damage_healed":0,"gold_gain":0,"player_choice":"Paid","damage_taken":0,"relics_obtained":["Red Mask"],"max_hp_gain":0,"max_hp_loss":0,"event_name":"Tomb of Lord Red Mask","floor":48,"gold_loss":19}],"is_beta":false,"boss_relics":[{"not_picked":["Black Star","Runic Pyramid"],"picked":"Ectoplasm"},{"not_picked":["Astrolabe","Busted Crown"],"picked":"Cursed Key"}],"items_purged_floors":[20],"is_endless":false,"potions_floor_spawned":[6,8,14,18,29,41,44],"ascension_level":15}