{"gold_per_floor":[117,6,21,39,57,83,83,100,100,115,115,140,153,103,103,202,232,244,184,104,120,132,132,162,162,162,162,162,162,262,162,162,264,264,284,303,314,328,37,37,137,157,157,157,203,217,232,251,251,251],"floor_reached":51,"playtime":2797,"items_purged":["Strike_B","Pain","Decay","Decay"],"score":756,"play_id":"b251b92c-cfea-4d41-8bb6-c03335b39071","local_time":"20190515185659","is_ascension_mode":false,"campfire_choices":[{"data":"Darkness","floor":7.0,"key":"SMITH"},{"floor":11.0,"key":"REST"},{"data":"Darkness","floor":15.0,"key":"SMITH"},{"floor":23.0,"key":"REST"},{"floor":25.0,"key":"REST"},{"data":"Buffer","floor":27.0,"key":"SMITH"},{"floor":29.0,"key":"REST"},{"floor":32.0,"key":"REST"},{"floor":40.0,"key":"REST"},{"data":"Loop","floor":44.0,"key":"SMITH"},{"floor":49.0,"key":"REST"}],"neow_cost":"PERCENT_DAMAGE","seed_source_timestamp":457581862053400,"circlet_count":0,"master_deck":["Defend_B","Defend_B","Zap","Dualcast","Beam Cell","Darkness+1","Leap","Redo","Doom and Gloom","Darkness+1","Loop+1","Conserve Battery","Auto Shields","Buffer+1","Conserve Battery+1","Coolheaded+1","Reinforced Body+1","Barrage","Steam+1","Amplify+1","Leap+1","Redo+1","Hologram+1","Redo+1","Hologram+1","Decay","Parasite","Buffer","Redo+1"],"special_seed":0,"relics":["Cracked Core","The Courier","Darkstone Periapt","Ornamental Fan","Calling Bell","Tiny Chest","Toxic Egg 2","Unceasing Top","Lantern","Girya","Turnip","Question Card","Cursed Key","OrangePellets","Dead Branch","Symbiotic Virus","Emotion Chip"],"potions_floor_usage":[50,50,50],"damage_taken":[{"damage":1.0,"enemies":"Cultist","floor":1.0,"turns":3.0},{"damage":1.0,"enemies":"Jaw Worm","floor":3.0,"turns":3.0},{"damage":0.0,"enemies":"2 Louse","floor":4.0,"turns":2.0},{"damage":1.0,"enemies":"Looter","floor":5.0,"turns":4.0},{"damage":4.0,"enemies":"3 Sentries","floor":6.0,"turns":4.0},{"damage":13.0,"enemies":"Exordium Thugs","floor":8.0,"turns":4.0},{"damage":8.0,"enemies":"Exordium Wildlife","floor":10.0,"turns":4.0},{"damage":9.0,"enemies":"Lagavulin","floor":12.0,"turns":5.0},{"damage":5.0,"enemies":"Looter","floor":13.0,"turns":3.0},{"damage":30.0,"enemies":"Slime Boss","floor":16.0,"turns":5.0},{"damage":17.0,"enemies":"Shell Parasite","floor":18.0,"turns":4.0},{"damage":12.0,"enemies":"2 Thieves","floor":19.0,"turns":4.0},{"damage":18.0,"enemies":"Centurion and Healer","floor":21.0,"turns":7.0},{"damage":18.0,"enemies":"Chosen and Byrds","floor":22.0,"turns":6.0},{"damage":40.0,"enemies":"Slavers","floor":24.0,"turns":10.0},{"damage":19.0,"enemies":"Colosseum Slavers","floor":30.0,"turns":4.0},{"damage":33.0,"enemies":"Colosseum Nobs","floor":30.0,"turns":5.0},{"damage":23.0,"enemies":"Champ","floor":33.0,"turns":12.0},{"damage":26.0,"enemies":"3 Shapes","floor":35.0,"turns":7.0},{"damage":0.0,"enemies":"Orb Walker","floor":36.0,"turns":4.0},{"damage":0.0,"enemies":"Spire Growth","floor":37.0,"turns":5.0},{"damage":18.0,"enemies":"4 Shapes","floor":38.0,"turns":11.0},{"damage":0.0,"enemies":"Mind Bloom Boss Battle","floor":41.0,"turns":7.0},{"damage":0.0,"enemies":"3 Darklings","floor":42.0,"turns":4.0},{"damage":1.0,"enemies":"2 Orb Walkers","floor":45.0,"turns":4.0},{"damage":0.0,"enemies":"Writhing Mass","floor":46.0,"turns":6.0},{"damage":10.0,"enemies":"Maw","floor":47.0,"turns":7.0},{"damage":0.0,"enemies":"Transient","floor":48.0,"turns":5.0},{"damage":74,"enemies":"Awakened One","floor":50,"turns":11}],"seed_played":"-5025296992831699046","potions_obtained":[{"floor":1.0,"key":"Fire Potion"},{"floor":4.0,"key":"Block Potion"},{"floor":6.0,"key":"GamblersBrew"},{"floor":12.0,"key":"Poison Potion"},{"floor":21.0,"key":"GamblersBrew"},{"floor":22.0,"key":"Fire Potion"},{"floor":24.0,"key":"SkillPotion"},{"floor":30.0,"key":"Strength Potion"},{"floor":33.0,"key":"Energy Potion"},{"floor":37.0,"key":"Fire Potion"},{"floor":41.0,"key":"Dexterity Potion"},{"floor":42.0,"key":"Strength Potion"},{"floor":46.0,"key":"AttackPotion"},{"floor":48.0,"key":"SteroidPotion"}],"is_trial":false,"path_per_floor":["M","$","M","M","M","E","R","M","T","M","R","E","M","?","R","B",null,"M","M","$","M","M","R","E","R","T","R","?","R","?","$","R","B",null,"M","M","M","M","$","R","?","M","T","R","?","M","M","M","R","B",null],"character_chosen":"DEFECT","items_purchased":["Darkness","Hologram+1","OrangePellets"],"campfire_rested":7,"item_purchase_floors":[2,39,39],"current_hp_per_floor":[53,53,52,52,51,47,47,34,34,26,48,39,34,34,34,4,93,76,64,64,46,28,55,15,42,42,42,42,69,17,17,44,21,93,67,67,67,49,49,76,76,76,82,82,81,87,77,77,105,31],"gold":251,"neow_bonus":"REMOVE_TWO","is_prod":false,"is_daily":false,"chose_seed":false,"campfire_upgraded":4,"win_rate":0,"timestamp":1557961019,"path_taken":["M","$","M","?","M","E","R","?","T","M","R","E","M","?","R","BOSS","M","M","$","M","M","R","E","R","T","R","?","R","?","$","R","BOSS","M","M","M","M","$","R","?","M","T","R","?","M","M","M","R","BOSS"],"build_version":"2019-05-07","purchased_purges":4,"victory":true,"max_hp_per_floor":[75,75,75,75,75,75,75,75,75,75,75,75,75,75,75,75,93,93,93,93,93,93,93,93,93,93,93,93,93,93,93,93,93,93,93,93,93,93,93,93,93,93,99,99,99,105,105,105,105,105],"card_choices":[{"not_picked":["BootSequence","Compile Driver"],"picked":"Beam Cell","floor":1.0},{"not_picked":["Sweeping Beam","Tempest"],"picked":"Leap","floor":3.0},{"not_picked":["Turbo","Compile Driver"],"picked":"Redo","floor":4.0},{"not_picked":["Compile Driver","Self Repair"],"picked":"Doom and Gloom","floor":5.0},{"not_picked":["Skim","Steam"],"picked":"Darkness","floor":6.0},{"not_picked":["Melter","Reinforced Body"],"picked":"Loop","floor":8.0},{"not_picked":["Compile Driver","White Noise","Aggregate"],"picked":"SKIP","floor":10.0},{"not_picked":["Coolheaded","Steam"],"picked":"Conserve Battery","floor":12.0},{"not_picked":["Rebound","Coolheaded"],"picked":"Auto Shields","floor":13.0},{"not_picked":["Thunder Strike","Machine Learning"],"picked":"Buffer","floor":16.0},{"not_picked":["Chill+1","Doom and Gloom+1"],"picked":"Conserve Battery+1","floor":18.0},{"not_picked":["Storm","Turbo+1","Beam Cell"],"picked":"SKIP","floor":19.0},{"not_picked":["Self Repair","Compile Driver"],"picked":"Coolheaded+1","floor":21.0},{"not_picked":["Sweeping Beam+1","Steam Power+1","Rebound"],"picked":"SKIP","floor":22.0},{"not_picked":["Compile Driver","Skim+1","Hello World"],"picked":"SKIP","floor":24.0},{"not_picked":["Cold Snap","Auto Shields+1"],"picked":"Steam+1","floor":30.0},{"not_picked":["Hyperbeam","Thunder Strike","Rainbow+1"],"picked":"Amplify+1","floor":33.0},{"not_picked":["Coolheaded+1","Sweeping Beam+1","Auto Shields+1"],"picked":"Leap+1","floor":35.0},{"not_picked":["Scrape","Go for the Eyes","Barrage+1","Tempest+1"],"picked":"SKIP","floor":36.0},{"not_picked":["Sweeping Beam+1","Gash+1","Capacitor+1","Cold Snap+1"],"picked":"SKIP","floor":37.0},{"not_picked":["Seek+1","Rebound+1","Rip and Tear+1"],"picked":"Redo+1","floor":38.0},{"not_picked":["Steam+1","Streamline+1","Beam Cell"],"picked":"Redo+1","floor":41.0},{"not_picked":["Conserve Battery+1","Undo+1","Steam+1"],"picked":"Hologram+1","floor":42.0},{"not_picked":["Self Repair","Consume+1","Steam+1","Sweeping Beam+1"],"picked":"SKIP","floor":46.0},{"not_picked":["Rebound","Redo+1","Turbo+1"],"picked":"Buffer","floor":47.0},{"not_picked":["Streamline+1","Barrage","Heatsinks"],"picked":"Redo+1","floor":48.0}],"player_experience":696071,"relics_obtained":[{"floor":6.0,"key":"The Courier"},{"floor":9.0,"key":"Darkstone Periapt"},{"floor":12.0,"key":"Ornamental Fan"},{"floor":17.0,"key":"Tiny Chest"},{"floor":17.0,"key":"Toxic Egg 2"},{"floor":17.0,"key":"Unceasing Top"},{"floor":24.0,"key":"Lantern"},{"floor":26.0,"key":"Girya"},{"floor":30.0,"key":"Turnip"},{"floor":30.0,"key":"Question Card"},{"floor":41.0,"key":"Dead Branch"},{"floor":43.0,"key":"Symbiotic Virus"},{"floor":45.0,"key":"Emotion Chip"}],"event_choices":[{"cards_removed":["Strike_B"],"damage_healed":0.0,"max_hp_gain":0.0,"max_hp_loss":0.0,"gold_gain":0.0,"event_name":"The Cleric","player_choice":"Card Removal","floor":14.0,"gold_loss":50.0,"damage_taken":0.0},{"damage_healed":0.0,"max_hp_gain":0.0,"max_hp_loss":0.0,"gold_gain":0.0,"cards_transformed":["Strike_B","Defend_B"],"event_name":"Drug Dealer","player_choice":"Became Test Subject","floor":28.0,"gold_loss":0.0,"damage_taken":0.0,"cards_obtained":["Reinforced Body","Barrage"]},{"damage_healed":0.0,"max_hp_gain":0.0,"max_hp_loss":0.0,"gold_gain":0.0,"event_name":"Colosseum","player_choice":"Fight","floor":30.0,"gold_loss":0.0,"damage_taken":0.0},{"damage_healed":0.0,"max_hp_gain":0.0,"max_hp_loss":0.0,"gold_gain":0.0,"event_name":"Colosseum","player_choice":"Fought Nobs","floor":30.0,"gold_loss":0.0,"damage_taken":0.0},{"damage_healed":0.0,"max_hp_gain":0.0,"max_hp_loss":0.0,"gold_gain":0.0,"event_name":"MindBloom","player_choice":"Fight","floor":41.0,"gold_loss":0.0,"damage_taken":0.0},{"damage_healed":0.0,"max_hp_gain":0.0,"max_hp_loss":0.0,"gold_gain":0.0,"event_name":"Mysterious Sphere","player_choice":"Fight","floor":45.0,"gold_loss":0.0,"damage_taken":0.0}],"is_beta":true,"boss_relics":[{"not_picked":["Runic Dome","Lizard Tail"],"picked":"Calling Bell"},{"not_picked":["FrozenCore","Philosopher\u0027s Stone"],"picked":"Cursed Key"}],"items_purged_floors":[2,20,31,39],"is_endless":false,"potions_floor_spawned":[1,4,6,12,21,22,24,30,33,37,41,42,46,48],"ascension_level":0}