{"gold_per_floor":[114,39,39,39,52,83,83,97,124,24,24,49,61,87,87,186,186,202,221,25,40,52,52,52,52],"floor_reached":25,"playtime":1117,"items_purged":["Defend_R","Strike_R","Strike_R"],"score":243,"play_id":"32a973f1-d47e-4319-8827-0635a1a641a3","local_time":"20190429124339","is_ascension_mode":true,"campfire_choices":[{"data":"Inflame","floor":11,"key":"SMITH"},{"data":"Body Slam","floor":15,"key":"SMITH"},{"data":"Demon Form","floor":23,"key":"SMITH"}],"neow_cost":"NONE","seed_source_timestamp":564191710514300,"circlet_count":0,"master_deck":["Strike_R","Strike_R","Strike_R","Defend_R","Defend_R+1","Defend_R+1","Bash","Ghostly Armor","Flame Barrier+1","Inflame+1","Pommel Strike","Body Slam+1","Demon Form+1","Inflame","Seeing Red","Rampage+1"],"relics":["Burning Blood","War Paint","Bottled Flame","Bag of Marbles","Runic Pyramid"],"potions_floor_usage":[16,16,22,25,25],"damage_taken":[{"damage":6,"enemies":"Small Slimes","floor":1,"turns":3},{"damage":0,"enemies":"2 Louse","floor":5,"turns":2},{"damage":31,"enemies":"3 Sentries","floor":6,"turns":9},{"damage":0,"enemies":"Cultist","floor":8,"turns":3},{"damage":13,"enemies":"Lagavulin","floor":12,"turns":10},{"damage":7,"enemies":"3 Louse","floor":13,"turns":4},{"damage":13,"enemies":"3 Sentries","floor":14,"turns":7},{"damage":20,"enemies":"The Guardian","floor":16,"turns":11},{"damage":7,"enemies":"3 Byrds","floor":18,"turns":5},{"damage":6,"enemies":"Shell Parasite","floor":19,"turns":6},{"damage":19,"enemies":"Snecko","floor":21,"turns":5},{"damage":25,"enemies":"Snake Plant","floor":22,"turns":4},{"damage":61,"enemies":"Gremlin Leader","floor":25,"turns":6}],"seed_played":"-3740610848862724974","potions_obtained":[{"floor":13,"key":"Strength Potion"},{"floor":14,"key":"GamblersBrew"},{"floor":16,"key":"BloodPotion"},{"floor":18,"key":"Fire Potion"},{"floor":21,"key":"AttackPotion"}],"is_trial":false,"path_per_floor":["M","$","?","?","M","E","$","M","T","$","R","E","M","E","R","B",null,"M","M","$","M","M","R","?","E"],"character_chosen":"IRONCLAD","items_purchased":["Inflame"],"campfire_rested":0,"item_purchase_floors":[20],"current_hp_per_floor":[80,80,80,80,80,55,55,61,61,61,61,54,53,46,46,32,80,79,79,79,66,55,55,55,0],"gold":52,"neow_bonus":"THREE_CARDS","is_prod":false,"is_daily":false,"chose_seed":false,"campfire_upgraded":3,"win_rate":0,"timestamp":1556556219,"path_taken":["M","$","?","?","M","E","$","M","T","$","R","E","?","E","R","BOSS","M","M","$","M","M","R","?","E"],"build_version":"2019-01-23","purchased_purges":3,"victory":false,"max_hp_per_floor":[80,80,80,80,80,80,80,80,80,80,80,80,80,80,80,80,80,80,80,80,80,80,80,80,80],"card_choices":[{"not_picked":["Warcry","Havoc"],"picked":"Ghostly Armor","floor":0},{"not_picked":["Heavy Blade","Sever Soul"],"picked":"Flame Barrier","floor":1},{"not_picked":["Wild Strike","Combust"],"picked":"Inflame","floor":5},{"not_picked":["Carnage","Iron Wave"],"picked":"Pommel Strike","floor":6},{"not_picked":["Clash","Wild Strike","Combust"],"picked":"SKIP","floor":8},{"not_picked":["Bloodletting","Thunderclap","Clash"],"picked":"SKIP","floor":12},{"not_picked":["Bloodletting","Thunderclap","Clash"],"picked":"SKIP","floor":12},{"not_picked":["Intimidate","True Grit"],"picked":"Body Slam","floor":13},{"not_picked":["Pummel","Pommel Strike","Warcry"],"picked":"SKIP","floor":14},{"not_picked":["Impervious","Reaper"],"picked":"Demon Form","floor":16},{"not_picked":["Havoc","Cleave","Heavy Blade"],"picked":"SKIP","floor":18},{"not_picked":["Clothesline","Flex","Wild Strike"],"picked":"SKIP","floor":19},{"not_picked":["Shockwave","Bloodletting+1"],"picked":"Seeing Red","floor":21},{"not_picked":["Cleave+1","Pommel Strike+1"],"picked":"Rampage+1","floor":22}],"player_experience":213879,"relics_obtained":[{"floor":6,"key":"War Paint"},{"floor":12,"key":"Bottled Flame"},{"floor":14,"key":"Bag of Marbles"}],"event_choices":[{"damage_healed":0,"gold_gain":0,"player_choice":"Leave","damage_taken":0,"max_hp_gain":0,"max_hp_loss":0,"event_name":"The Cleric","floor":3,"gold_loss":0},{"damage_healed":0,"gold_gain":0,"player_choice":"Upgraded","damage_taken":0,"max_hp_gain":0,"max_hp_loss":0,"event_name":"Upgrade Shrine","floor":4,"gold_loss":0,"cards_upgraded":["Flame Barrier"]},{"damage_healed":0,"gold_gain":0,"player_choice":"Ignored","damage_taken":0,"max_hp_gain":0,"max_hp_loss":0,"event_name":"Beggar","floor":24,"gold_loss":0}],"is_beta":false,"boss_relics":[{"not_picked":["White Beast Statue","Runic Dome"],"picked":"Runic Pyramid"}],"items_purged_floors":[2,10,20],"is_endless":false,"potions_floor_spawned":[13,14,16,18,21],"killed_by":"Gremlin Leader","ascension_level":2}