{"gold_per_floor":[119,138,213,102,102,137,157,157,157,170,188,213,213,232,232,336,336,355,355,374,274,284,316,316,344,344,344,344,102,118,118,118,215,215,228,246,112,112,125,125,125,125,125,154,166,166,116,59,59,59],"floor_reached":50,"playtime":2786,"items_purged":["Strike_G","Strike_G","Strike_G","Strike_G","Strike_G"],"score":706,"play_id":"caefa820-106c-4e14-9f0d-23945f66ecc0","local_time":"20190330135224","is_ascension_mode":true,"campfire_choices":[{"data":"Prepared","floor":8,"key":"SMITH"},{"floor":15,"key":"REST"},{"floor":24,"key":"REST"},{"data":"Forethought","floor":27,"key":"SMITH"},{"floor":32,"key":"REST"},{"data":"Acrobatics","floor":40,"key":"SMITH"},{"data":"A Thousand Cuts","floor":42,"key":"SMITH"},{"data":"Tactician","floor":46,"key":"SMITH"},{"floor":49,"key":"REST"}],"neow_cost":"NONE","seed_source_timestamp":76972590669501,"circlet_count":0,"master_deck":["Defend_G","Defend_G","Defend_G+1","Defend_G","Defend_G","Survivor","Neutralize","Prepared+1","Underhanded Strike","Leg Sweep+1","Poisoned Stab+1","Predator+1","Well Laid Plans","Dagger Spray+1","Calculated Gamble","Acrobatics+1","Corpse Explosion","A Thousand Cuts+1","Forethought+1","Skewer+1","Adrenaline","Heel Hook+1","Backflip","Tactician+1","Quick Slash+1","Underhanded Strike+1","Underhanded Strike+1","Parasite"],"relics":["Ring of the Snake","NeowsBlessing","Molten Egg 2","Pantograph","War Paint","Paper Crane","Busted Crown","Smiling Mask","Centennial Puzzle","Matryoshka","Blood Vial","Meat on the Bone","TheAbacus","HoveringKite","GremlinMask","Vajra","Orichalcum","Letter Opener","Blue Candle"],"potions_floor_usage":[16,18,23,25,25,33,33,33,50],"damage_taken":[{"damage":0,"enemies":"Cultist","floor":1,"turns":1},{"damage":0,"enemies":"Small Slimes","floor":2,"turns":1},{"damage":0,"enemies":"Gremlin Nob","floor":6,"turns":1},{"damage":0,"enemies":"Jaw Worm","floor":7,"turns":3},{"damage":0,"enemies":"Exordium Wildlife","floor":10,"turns":2},{"damage":1,"enemies":"Blue Slaver","floor":11,"turns":3},{"damage":10,"enemies":"3 Sentries","floor":12,"turns":6},{"damage":0,"enemies":"Gremlin Gang","floor":14,"turns":2},{"damage":13,"enemies":"Slime Boss","floor":16,"turns":12},{"damage":3,"enemies":"2 Thieves","floor":18,"turns":2},{"damage":0,"enemies":"Chosen","floor":20,"turns":3},{"damage":12,"enemies":"Snake Plant","floor":22,"turns":5},{"damage":8,"enemies":"Gremlin Leader","floor":23,"turns":6},{"damage":25,"enemies":"Book of Stabbing","floor":25,"turns":7},{"damage":18,"enemies":"Cultist and Chosen","floor":30,"turns":6},{"damage":43,"enemies":"Champ","floor":33,"turns":13},{"damage":0,"enemies":"Orb Walker","floor":35,"turns":3},{"damage":4,"enemies":"3 Shapes","floor":36,"turns":2},{"damage":13,"enemies":"Maw","floor":39,"turns":9},{"damage":21,"enemies":"Nemesis","floor":44,"turns":5},{"damage":5,"enemies":"Writhing Mass","floor":45,"turns":7},{"damage":72,"enemies":"Donu and Deca","floor":50,"turns":8}],"seed_played":"6032662102504817848","potions_obtained":[{"floor":2,"key":"SpeedPotion"},{"floor":6,"key":"EssenceOfSteel"},{"floor":10,"key":"SkillPotion"},{"floor":11,"key":"Swift Potion"},{"floor":12,"key":"Energy Potion"},{"floor":16,"key":"EssenceOfSteel"},{"floor":22,"key":"LiquidBronze"},{"floor":23,"key":"LiquidBronze"},{"floor":30,"key":"Poison Potion"},{"floor":31,"key":"EssenceOfSteel"},{"floor":33,"key":"Dexterity Potion"},{"floor":36,"key":"Fire Potion"},{"floor":44,"key":"Energy Potion"}],"is_trial":false,"path_per_floor":["M","M","?","$","$","E","M","R","T","M","M","E","T","M","R","B",null,"M","?","M","$","M","E","R","E","T","R","T","$","M","?","R","B",null,"M","M","$","?","M","R","?","R","T","E","M","R","$","?","R","B"],"character_chosen":"THE_SILENT","items_purchased":["Leg Sweep","TheAbacus","Tactician","Quick Slash+1"],"campfire_rested":4,"item_purchase_floors":[4,29,37,37],"current_hp_per_floor":[63,63,52,52,52,52,52,52,52,52,51,41,41,41,62,57,67,64,64,64,64,52,44,65,40,40,40,40,40,36,36,57,39,62,64,62,62,62,51,51,51,51,51,44,41,41,41,41,62,0],"gold":59,"neow_bonus":"THREE_ENEMY_KILL","is_prod":false,"is_daily":false,"chose_seed":false,"campfire_upgraded":5,"win_rate":0,"timestamp":1553925144,"path_taken":["M","?","?","?","$","E","M","R","T","M","M","E","?","M","R","BOSS","M","?","?","$","M","E","R","E","T","R","?","$","M","?","R","BOSS","M","M","$","?","?","R","?","R","T","E","M","R","$","?","R","BOSS"],"build_version":"2019-01-23","purchased_purges":5,"victory":false,"max_hp_per_floor":[70,70,70,70,70,70,70,70,70,70,70,70,70,70,70,70,70,70,70,70,70,70,70,70,70,70,70,70,70,70,70,70,70,70,70,70,70,70,70,70,70,70,70,70,70,70,70,70,70,70],"card_choices":[{"not_picked":["Outmaneuver","Quick Slash"],"picked":"Prepared","floor":1},{"not_picked":["Blade Dance","Dagger Spray"],"picked":"Underhanded Strike","floor":2},{"not_picked":["Phantasmal Killer","Poisoned Stab","Quick Slash"],"picked":"SKIP","floor":6},{"not_picked":["Phantasmal Killer","Quick Slash"],"picked":"Poisoned Stab","floor":6},{"not_picked":["Blade Dance","Outmaneuver"],"picked":"Predator+1","floor":7},{"not_picked":["Backstab+1","Footwork"],"picked":"Well Laid Plans","floor":10},{"not_picked":["Blade Dance","Flying Knee+1"],"picked":"Dagger Spray+1","floor":11},{"not_picked":["Underhanded Strike+1","Sucker Punch+1"],"picked":"Calculated Gamble","floor":12},{"not_picked":["Prepared","Flying Knee+1"],"picked":"Acrobatics","floor":14},{"not_picked":["After Image","Grand Finale+1"],"picked":"Corpse Explosion","floor":16},{"not_picked":["Distraction"],"picked":"SKIP","floor":18},{"not_picked":["Flying Knee+1"],"picked":"SKIP","floor":20},{"not_picked":["Deadly Poison"],"picked":"SKIP","floor":22},{"not_picked":["Choke+1"],"picked":"SKIP","floor":23},{"not_picked":["Backflip"],"picked":"SKIP","floor":25},{"not_picked":["Prepared"],"picked":"SKIP","floor":30},{"not_picked":[],"picked":"Adrenaline","floor":33},{"not_picked":[],"picked":"Heel Hook+1","floor":35},{"not_picked":[],"picked":"Backflip","floor":36},{"not_picked":[],"picked":"Underhanded Strike+1","floor":39},{"not_picked":[],"picked":"Underhanded Strike+1","floor":44},{"not_picked":["Dash+1"],"picked":"SKIP","floor":45}],"player_experience":707034,"relics_obtained":[{"floor":6,"key":"Molten Egg 2"},{"floor":9,"key":"Pantograph"},{"floor":12,"key":"War Paint"},{"floor":13,"key":"Paper Crane"},{"floor":23,"key":"Smiling Mask"},{"floor":25,"key":"Centennial Puzzle"},{"floor":26,"key":"Matryoshka"},{"floor":28,"key":"Blood Vial"},{"floor":28,"key":"Meat on the Bone"},{"floor":43,"key":"Vajra"},{"floor":43,"key":"Orichalcum"},{"floor":44,"key":"Letter Opener"}],"event_choices":[{"damage_healed":0,"gold_gain":75,"player_choice":"Gather Gold","damage_taken":11,"max_hp_gain":0,"max_hp_loss":0,"event_name":"World of Goop","floor":3,"gold_loss":0},{"damage_healed":0,"gold_gain":0,"player_choice":"3 cards matched","damage_taken":0,"max_hp_gain":0,"max_hp_loss":0,"event_name":"Match and Keep!","floor":19,"gold_loss":0,"cards_obtained":["A Thousand Cuts","Forethought","Skewer"]},{"damage_healed":0,"gold_gain":0,"player_choice":"Got Potions","damage_taken":0,"max_hp_gain":0,"max_hp_loss":0,"event_name":"Lab","floor":31,"gold_loss":0},{"damage_healed":0,"gold_gain":0,"player_choice":"Trade","damage_taken":0,"relics_obtained":["GremlinMask"],"max_hp_gain":0,"max_hp_loss":0,"event_name":"FaceTrader","floor":38,"gold_loss":0},{"damage_healed":0,"gold_gain":0,"player_choice":"Ignored","damage_taken":0,"max_hp_gain":0,"max_hp_loss":0,"event_name":"Tomb of Lord Red Mask","floor":41,"gold_loss":0},{"damage_healed":0,"gold_gain":0,"player_choice":"Paid Gold","damage_taken":0,"relics_obtained":["Blue Candle"],"max_hp_gain":0,"max_hp_loss":0,"event_name":"WeMeetAgain","floor":48,"gold_loss":57}],"is_beta":false,"boss_relics":[{"not_picked":["Velvet Choker","Coffee Dripper"],"picked":"Busted Crown"},{"not_picked":["Black Star","Ring of the Serpent"],"picked":"HoveringKite"}],"items_purged_floors":[4,21,29,37,47],"is_endless":false,"potions_floor_spawned":[2,6,10,11,12,16,22,23,30,33,36,44],"killed_by":"Donu and Deca","ascension_level":6}