{"gold_per_floor":[15,15,34,59,77,108,108,125,125,125,50,68,68,68,68,68],"floor_reached":16,"playtime":1352,"items_purged":["Strike_R"],"score":115,"play_id":"aede1b16-b437-40b8-afd5-6763873e10be","local_time":"20190502191917","is_ascension_mode":true,"campfire_choices":[{"floor":7,"key":"RECALL"},{"data":"Bash","floor":10,"key":"SMITH"},{"floor":13,"key":"REST"},{"data":"Defend_R","floor":15,"key":"SMITH"}],"neow_cost":"NO_GOLD","seed_source_timestamp":846898270254800,"circlet_count":0,"master_deck":["Strike_R+1","Strike_R+1","Defend_R","Defend_R","Defend_R+1","Bash+1"],"relics":["Burning Blood","Whetstone","Blood Vial"],"potions_floor_usage":[16,16],"damage_taken":[{"damage":11,"enemies":"Small Slimes","floor":1,"turns":4},{"damage":6,"enemies":"Cultist","floor":3,"turns":4},{"damage":11,"enemies":"Jaw Worm","floor":5,"turns":4},{"damage":24,"enemies":"Gremlin Nob","floor":6,"turns":4},{"damage":22,"enemies":"Large Slime","floor":8,"turns":7},{"damage":11,"enemies":"Looter","floor":12,"turns":4},{"damage":60,"enemies":"The Guardian","floor":16,"turns":10}],"seed_played":"-6737436775804146404","potions_obtained":[{"floor":3,"key":"Swift Potion"},{"floor":5,"key":"Explosive Potion"},{"floor":6,"key":"Strength Potion"}],"is_trial":false,"path_per_floor":["M","?","M","T","M","E","R","M","T","R","$","M","R","?","R","B"],"character_chosen":"IRONCLAD","items_purchased":[],"campfire_rested":1,"item_purchase_floors":[],"current_hp_per_floor":[75,75,75,75,70,52,52,36,36,36,36,33,57,57,57,0],"gold":68,"neow_bonus":"REMOVE_TWO","is_prod":false,"is_daily":false,"chose_seed":false,"campfire_upgraded":2,"win_rate":0,"timestamp":1556839157,"path_taken":["M","?","?","?","?","E","R","M","T","R","$","M","R","?","R","BOSS"],"build_version":"2019-01-23","purchased_purges":1,"victory":false,"max_hp_per_floor":[80,80,80,80,80,80,80,80,80,80,80,80,80,80,80,80],"card_choices":[{"not_picked":["Twin Strike","Hemokinesis","Clash"],"picked":"SKIP","floor":1},{"not_picked":["Wild Strike","Heavy Blade","True Grit"],"picked":"SKIP","floor":3},{"not_picked":["Heavy Blade","Flex","Hemokinesis"],"picked":"SKIP","floor":5},{"not_picked":["Entrench","True Grit","Havoc"],"picked":"SKIP","floor":6},{"not_picked":["Infernal Blade","Flex","Blood for Blood"],"picked":"SKIP","floor":8},{"not_picked":["Sever Soul","Second Wind","Anger"],"picked":"SKIP","floor":12}],"player_experience":231274,"relics_obtained":[{"floor":6,"key":"Whetstone"},{"floor":9,"key":"Blood Vial"}],"event_choices":[{"cards_removed":["Strike_R"],"damage_healed":0,"gold_gain":0,"player_choice":"Offered Basic","damage_taken":0,"max_hp_gain":0,"max_hp_loss":0,"event_name":"Bonfire Elementals","floor":2,"gold_loss":0},{"damage_healed":0,"gold_gain":0,"player_choice":"Ignored","damage_taken":0,"max_hp_gain":0,"max_hp_loss":0,"event_name":"Liars Game","floor":14,"gold_loss":0}],"is_beta":false,"boss_relics":[],"items_purged_floors":[11],"is_endless":false,"potions_floor_spawned":[3,5,6],"killed_by":"The Guardian","ascension_level":3}