{"gold_per_floor":[115,126,126,276,296,147,147,182,182,182,209,236,236,247,247,326,326,339,339,239,259,259,284,284,15,39,51,63,91,103,131,143,226,238,266,290,177,195,114,114,126,126,205,205,215,232,260,273,273,273],"floor_reached":51,"playtime":1998,"items_purged":["Doubt","Strike_R","Strike_R+1"],"score":1493,"play_id":"ed5f1c37-e136-4a75-9a9d-dd8021018c3d","local_time":"20190511092324","is_ascension_mode":true,"campfire_choices":[{"data":"Demon Form","floor":7.0,"key":"SMITH"},{"floor":10.0,"key":"REST"},{"data":"Metallicize","floor":13.0,"key":"SMITH"},{"data":"Sword Boomerang","floor":15.0,"key":"SMITH"},{"data":"Limit Break","floor":24,"key":"SMITH"},{"floor":27,"key":"REST"},{"floor":30,"key":"REST"},{"data":"Sword Boomerang","floor":32,"key":"SMITH"},{"data":"Heavy Blade","floor":40,"key":"SMITH"},{"data":"Flame Barrier","floor":42,"key":"SMITH"},{"data":"Battle Trance","floor":44,"key":"SMITH"},{"data":"Bash","floor":49,"key":"SMITH"}],"neow_cost":"CURSE","seed_source_timestamp":78665622081000,"circlet_count":0,"master_deck":["AscendersBane","Strike_R+1","Strike_R+1","Strike_R+1","Defend_R+1","Defend_R+1","Defend_R+1","Defend_R+1","Bash+1","Anger","Metallicize+1","Demon Form+1","Battle Trance+1","Anger","Anger","Sword Boomerang+1","Limit Break+1","Flame Barrier+1","Sword Boomerang+1","Heavy Blade+1","Limit Break+1"],"special_seed":0,"relics":["Burning Blood","Ice Cream","FossilizedHelix","Ginger","Bottled Tornado","Odd Mushroom","Velvet Choker","Toxic Egg 2","Brimstone","MawBank","Lizard Tail","Meat on the Bone","Mummified Hand"],"potions_floor_usage":[23,23,50,50],"damage_taken":[{"damage":9.0,"enemies":"Small Slimes","floor":1.0,"turns":4.0},{"damage":3.0,"enemies":"2 Louse","floor":2.0,"turns":3.0},{"damage":6.0,"enemies":"Cultist","floor":5.0,"turns":4.0},{"damage":31.0,"enemies":"3 Sentries","floor":8.0,"turns":6.0},{"damage":0.0,"enemies":"Lagavulin","floor":11.0,"turns":5.0},{"damage":16.0,"enemies":"The Mushroom Lair","floor":12.0,"turns":4.0},{"damage":2.0,"enemies":"2 Fungi Beasts","floor":14.0,"turns":4.0},{"damage":44.0,"enemies":"Hexaghost","floor":16.0,"turns":6.0},{"damage":24.0,"enemies":"Shell Parasite","floor":18.0,"turns":4.0},{"damage":0,"enemies":"3 Byrds","floor":21,"turns":3},{"damage":41,"enemies":"Slavers","floor":23,"turns":5},{"damage":17,"enemies":"Shelled Parasite and Fungi","floor":29,"turns":3},{"damage":0,"enemies":"Centurion and Healer","floor":31,"turns":4},{"damage":0,"enemies":"Collector","floor":33,"turns":5},{"damage":0,"enemies":"Orb Walker","floor":35,"turns":3},{"damage":4,"enemies":"3 Darklings","floor":36,"turns":3},{"damage":6,"enemies":"4 Shapes","floor":38,"turns":6},{"damage":0,"enemies":"Transient","floor":41,"turns":6},{"damage":0,"enemies":"Jaw Worm Horde","floor":45,"turns":3},{"damage":16,"enemies":"Spire Growth","floor":46,"turns":4},{"damage":0,"enemies":"Nemesis","floor":47,"turns":3},{"damage":0,"enemies":"Maw","floor":48,"turns":4},{"damage":80,"enemies":"Awakened One","floor":50,"turns":6}],"seed_played":"-2765038746222208285","potions_obtained":[{"floor":5.0,"key":"AttackPotion"},{"floor":8.0,"key":"EntropicBrew"},{"floor":16.0,"key":"BloodPotion"},{"floor":33,"key":"Regen Potion"},{"floor":46,"key":"SmokeBomb"},{"floor":48,"key":"BloodPotion"}],"is_trial":false,"path_per_floor":["M","M","?","?","M","$","R","E","T","R","E","?","R","M","R","B",null,"M","?","$","M","?","E","R","$","T","R","$","M","R","M","R","B",null,"M","M","$","M","?","R","M","R","T","R","M","M","E","M","R","B",null],"character_chosen":"IRONCLAD","items_purchased":["Demon Form","Brimstone","Block Potion"],"campfire_rested":3,"item_purchase_floors":[6,25,25],"current_hp_per_floor":[65,68,73,73,73,73,73,48,48,72,78,68,68,72,72,34,69,51,51,51,57,57,38,38,38,38,62,62,51,75,80,80,80,80,80,80,80,80,80,80,80,80,80,80,80,70,76,80,80,35],"gold":273,"neow_bonus":"ONE_RARE_RELIC","is_prod":false,"is_daily":false,"chose_seed":false,"campfire_upgraded":9,"win_rate":0,"timestamp":1557581004,"path_taken":["M","M","?","?","M","$","R","E","T","R","E","?","R","M","R","BOSS","M","?","$","?","?","E","R","$","T","R","?","M","R","M","R","BOSS","M","M","$","M","?","R","?","R","T","R","M","M","E","M","R","BOSS"],"build_version":"2019-05-07","purchased_purges":3,"victory":true,"max_hp_per_floor":[75,75,80,80,80,80,80,80,80,80,80,80,80,80,80,80,80,80,80,80,80,80,80,80,80,80,80,80,80,80,80,80,80,80,80,80,80,80,80,80,80,80,80,80,80,80,80,80,80,80],"card_choices":[{"not_picked":["True Grit","Sentinel"],"picked":"Anger","floor":1.0},{"not_picked":["Evolve","Sword Boomerang","Clothesline"],"picked":"SKIP","floor":2.0},{"not_picked":["Second Wind","Intimidate"],"picked":"Metallicize","floor":5.0},{"not_picked":["Anger","Clash"],"picked":"Battle Trance","floor":8.0},{"not_picked":["Body Slam","Sentinel"],"picked":"Anger","floor":11.0},{"not_picked":["Iron Wave","Shockwave"],"picked":"Anger","floor":12.0},{"not_picked":["Perfected Strike","Sentinel"],"picked":"Sword Boomerang","floor":14.0},{"not_picked":["Bludgeon","Immolate"],"picked":"Limit Break","floor":16.0},{"not_picked":["Clothesline","Evolve+1"],"picked":"Flame Barrier","floor":18.0},{"not_picked":["Uppercut","Clothesline+1","Metallicize"],"picked":"SKIP","floor":21},{"not_picked":["Headbutt","Twin Strike","Wild Strike"],"picked":"SKIP","floor":23},{"not_picked":["Cleave","Feel No Pain"],"picked":"Sword Boomerang","floor":29},{"not_picked":["Clothesline","Dual Wield+1","Perfected Strike"],"picked":"SKIP","floor":31},{"not_picked":["Evolve","Sword Boomerang","Warcry+1"],"picked":"SKIP","floor":35},{"not_picked":["Havoc+1","Fire Breathing"],"picked":"Heavy Blade","floor":36},{"not_picked":["Pummel","Sword Boomerang","Clothesline"],"picked":"SKIP","floor":38},{"not_picked":["Feel No Pain","Anger","Havoc+1"],"picked":"SKIP","floor":41},{"not_picked":["Clothesline","Cleave+1","Pummel+1"],"picked":"SKIP","floor":45},{"not_picked":["Clothesline+1","Twin Strike","Shrug It Off+1"],"picked":"SKIP","floor":46},{"not_picked":["Flex+1","Warcry+1","Second Wind+1"],"picked":"SKIP","floor":47},{"not_picked":["Cleave","Anger"],"picked":"Limit Break+1","floor":48}],"player_experience":688466,"relics_obtained":[{"floor":8.0,"key":"FossilizedHelix"},{"floor":9.0,"key":"Ginger"},{"floor":11.0,"key":"Bottled Tornado"},{"floor":12.0,"key":"Odd Mushroom"},{"floor":23,"key":"Toxic Egg 2"},{"floor":26,"key":"MawBank"},{"floor":43,"key":"Mummified Hand"}],"event_choices":[{"damage_healed":0.0,"max_hp_gain":5.0,"max_hp_loss":0.0,"gold_gain":0.0,"event_name":"Big Fish","player_choice":"Donut","floor":3.0,"gold_loss":0.0,"damage_taken":0.0},{"damage_healed":0.0,"max_hp_gain":0.0,"max_hp_loss":0.0,"gold_gain":150.0,"event_name":"Liars Game","player_choice":"AGREE","floor":4.0,"gold_loss":0.0,"damage_taken":0.0,"cards_obtained":["Doubt"]},{"damage_healed":0.0,"max_hp_gain":0.0,"max_hp_loss":0.0,"gold_gain":0.0,"event_name":"Mushrooms","player_choice":"Fought Mushrooms","floor":12.0,"gold_loss":0.0,"damage_taken":0.0},{"cards_removed":["Injury"],"damage_healed":0.0,"max_hp_gain":0.0,"max_hp_loss":0.0,"gold_gain":0.0,"event_name":"Purifier","player_choice":"Purged","floor":19.0,"gold_loss":0.0,"damage_taken":0.0},{"damage_healed":0,"gold_gain":0,"player_choice":"Simplicity","damage_taken":0,"max_hp_gain":0,"max_hp_loss":0,"event_name":"Back to Basics","floor":22,"gold_loss":0,"cards_upgraded":["Strike_R","Strike_R","Strike_R","Strike_R","Defend_R","Defend_R","Defend_R","Defend_R"]},{"damage_healed":0,"gold_gain":0,"player_choice":"Paid Gold","damage_taken":0,"relics_obtained":["Meat on the Bone"],"max_hp_gain":0,"max_hp_loss":0,"event_name":"WeMeetAgain","floor":39,"gold_loss":81}],"is_beta":true,"boss_relics":[{"not_picked":["Mark of Pain","Runic Dome"],"picked":"Velvet Choker"},{"not_picked":["White Beast Statue","Black Blood"],"picked":"Lizard Tail"}],"items_purged_floors":[6,20,37],"is_endless":false,"potions_floor_spawned":[5,8,16,33,35,46,48],"ascension_level":17}