{"gold_per_floor":[115,133,187,202,202,229,229,248,271,296,27,41,41,16,16,112,112,129,139,89,107,127,162,111,126,126,126,126],"floor_reached":28,"playtime":1602,"items_purged":[],"score":275,"play_id":"4f96eedf-4e08-4d42-b57c-f45fd17790b9","local_time":"20190106193428","is_ascension_mode":false,"campfire_choices":[{"data":"Searing Blow","floor":7.0,"key":"SMITH"},{"floor":15.0,"key":"REST"},{"floor":27,"key":"REST"}],"neow_cost":"NONE","seed_source_timestamp":0,"circlet_count":0,"master_deck":["Strike_R","Strike_R","Strike_R","Strike_R","Strike_R","Defend_R","Defend_R","Defend_R","Defend_R","Bash","Searing Blow+1","Rampage","Impatience","Warcry","Warcry","Brutality","Inflame","Pommel Strike","Pommel Strike","Pommel Strike","Rage","Offering","Iron Wave","Iron Wave","Heavy Blade","Offering","Shrug It Off","Iron Wave","Heavy Blade"],"special_seed":0,"relics":["Burning Blood","Dream Catcher","Lantern","Centennial Puzzle","Strawberry","Sozu","Orichalcum","WingedGreaves"],"potions_floor_usage":[],"damage_taken":[{"damage":10.0,"enemies":"Cultist","floor":1.0,"turns":4.0},{"damage":0.0,"enemies":"2 Louse","floor":2.0,"turns":2.0},{"damage":6.0,"enemies":"Jaw Worm","floor":4.0,"turns":3.0},{"damage":15.0,"enemies":"Gremlin Nob","floor":6.0,"turns":4.0},{"damage":22.0,"enemies":"Exordium Thugs","floor":8.0,"turns":5.0},{"damage":49.0,"enemies":"Lagavulin","floor":10.0,"turns":7.0},{"damage":22.0,"enemies":"2 Fungi Beasts","floor":12.0,"turns":4.0},{"damage":32.0,"enemies":"Slime Boss","floor":16.0,"turns":9.0},{"damage":11.0,"enemies":"Chosen","floor":18.0,"turns":3.0},{"damage":12.0,"enemies":"Spheric Guardian","floor":19.0,"turns":3.0},{"damage":27.0,"enemies":"Snake Plant","floor":21.0,"turns":4.0},{"damage":17.0,"enemies":"Shelled Parasite and Fungi","floor":22.0,"turns":5.0},{"damage":31.0,"enemies":"Book of Stabbing","floor":23.0,"turns":4.0},{"damage":23.0,"enemies":"Centurion and Healer","floor":25.0,"turns":4.0},{"damage":40,"enemies":"Gremlin Leader","floor":28,"turns":5}],"seed_played":"-3758210478839241449","potions_obtained":[{"floor":1.0,"key":"PowerPotion"},{"floor":2.0,"key":"SpeedPotion"},{"floor":4.0,"key":"Ancient Potion"}],"is_trial":false,"path_per_floor":["M","M","?","M","?","E","R","M","T","E","$","M","$","$","R","B",null,"M","M","?","M","M","E","$","M","T","R","E"],"character_chosen":"IRONCLAD","items_purchased":["Inflame","Strawberry","Pommel Strike","Pommel Strike","Shrug It Off"],"campfire_rested":2,"item_purchase_floors":[11,11,11,14,24],"current_hp_per_floor":[84,88,88,88,88,79,79,63,63,20,27,11,11,11,39,13,95,90,84,84,63,52,27,27,10,10,38,0],"gold":126,"neow_bonus":"TEN_PERCENT_HP_BONUS","is_prod":false,"is_daily":false,"chose_seed":false,"campfire_upgraded":1,"win_rate":0.0,"timestamp":1546821268,"path_taken":["M","M","?","M","?","E","R","?","T","E","$","M","?","$","R","BOSS","M","M","?","M","M","E","?","M","T","R","E"],"build_version":"2019-01-03v4","purchased_purges":0,"victory":false,"max_hp_per_floor":[88,88,88,88,88,88,88,88,88,88,95,95,95,95,95,95,95,95,95,95,95,95,95,95,95,95,95,95],"card_choices":[{"not_picked":["Anger","Twin Strike"],"picked":"Searing Blow","floor":1.0},{"not_picked":["Reckless Charge","Clothesline","Combust"],"picked":"SKIP","floor":2.0},{"not_picked":["Twin Strike","Cleave"],"picked":"Rampage","floor":4.0},{"not_picked":["Flex","Uppercut"],"picked":"Warcry","floor":6.0},{"not_picked":["Metallicize","Twin Strike"],"picked":"Warcry","floor":8.0},{"not_picked":["Sword Boomerang","Battle Trance"],"picked":"Brutality","floor":10.0},{"not_picked":["Twin Strike","Flex"],"picked":"Pommel Strike","floor":12.0},{"not_picked":["Iron Wave","Combust"],"picked":"Rage","floor":15.0},{"not_picked":["Berserk","Impervious"],"picked":"Offering","floor":16.0},{"not_picked":["Anger","Heavy Blade"],"picked":"Iron Wave","floor":18.0},{"not_picked":["Twin Strike","Second Wind"],"picked":"Iron Wave","floor":19.0},{"not_picked":["Body Slam","Clothesline","True Grit"],"picked":"SKIP","floor":21.0},{"not_picked":["Sword Boomerang","Feel No Pain+1"],"picked":"Heavy Blade","floor":22.0},{"not_picked":["Iron Wave","Heavy Blade+1"],"picked":"Offering","floor":23.0},{"not_picked":["Power Through","Pommel Strike"],"picked":"Iron Wave","floor":25},{"not_picked":["Thunderclap+1","Headbutt"],"picked":"Heavy Blade","floor":27}],"player_experience":4702,"relics_obtained":[{"floor":6.0,"key":"Dream Catcher"},{"floor":9.0,"key":"Lantern"},{"floor":10.0,"key":"Centennial Puzzle"},{"floor":23.0,"key":"Orichalcum"},{"floor":26,"key":"WingedGreaves"}],"event_choices":[{"damage_healed":0.0,"max_hp_gain":0.0,"max_hp_loss":0.0,"gold_gain":54.0,"event_name":"Golden Wing","player_choice":"Gained Gold","floor":3.0,"gold_loss":0.0,"damage_taken":0.0},{"damage_healed":0.0,"max_hp_gain":0.0,"max_hp_loss":0.0,"gold_gain":0.0,"event_name":"Match and Keep!","player_choice":"1 cards matched","floor":5.0,"gold_loss":0.0,"damage_taken":0.0,"cards_obtained":["Impatience"]},{"damage_healed":0.0,"max_hp_gain":0.0,"max_hp_loss":0.0,"gold_gain":0.0,"event_name":"The Joust","player_choice":"Bet on Murderer","floor":20.0,"gold_loss":50.0,"damage_taken":0.0}],"is_beta":false,"boss_relics":[{"not_picked":["Empty Cage","Busted Crown"],"picked":"Sozu"}],"items_purged_floors":[],"is_endless":false,"potions_floor_spawned":[1,2,4,22,25],"killed_by":"Gremlin Leader","ascension_level":0}