{"gold_per_floor":[116,116,145,174,186,198,229,251,263,285,101,51,51,51,51,155,155,175,175,192,92,108,108,126,137,186,186],"floor_reached":27,"playtime":1507,"items_purged":["Defend_G","Defend_G"],"score":248,"play_id":"5e2c1bc5-e0e6-484c-aca9-ce548213bdcd","local_time":"20181217235814","is_ascension_mode":true,"campfire_choices":[{"floor":6,"key":"REST"},{"data":"Dash","floor":13,"key":"SMITH"},{"floor":15,"key":"REST"},{"data":"Footwork","floor":23,"key":"SMITH"}],"neow_cost":"NONE","seed_source_timestamp":373532074658183,"circlet_count":0,"master_deck":["Defend_G","Defend_G","Defend_G+1","Strike_G+1","Strike_G","Strike_G","Survivor","Neutralize","Blur","Dodge and Roll","Deflect","Footwork+1","Terror","Dash+1","Finesse+1","Unload+1","Noxious Fumes","Infinite Blades","Blur","Malaise","Bane+1"],"relics":["Ring of the Snake","MawBank","Meat on the Bone","Matryoshka","Sozu","Orichalcum","Whetstone"],"potions_floor_usage":[18],"damage_taken":[{"damage":0,"enemies":"Small Slimes","floor":1,"turns":4},{"damage":0,"enemies":"Cultist","floor":3,"turns":6},{"damage":0,"enemies":"2 Louse","floor":4,"turns":6},{"damage":0,"enemies":"Blue Slaver","floor":7,"turns":7},{"damage":2,"enemies":"Large Slime","floor":8,"turns":11},{"damage":35,"enemies":"Exordium Wildlife","floor":10,"turns":15},{"damage":13,"enemies":"The Guardian","floor":16,"turns":19},{"damage":0,"enemies":"Spheric Guardian","floor":18,"turns":6},{"damage":0,"enemies":"Shell Parasite","floor":20,"turns":5},{"damage":15,"enemies":"Centurion and Healer","floor":22,"turns":7},{"damage":19,"enemies":"Snake Plant","floor":24,"turns":7},{"damage":0,"enemies":"Sentry and Sphere","floor":25,"turns":8},{"damage":49,"enemies":"Slavers","floor":27,"turns":4}],"seed_played":"6940650502125681687","potions_obtained":[{"floor":1,"key":"Explosive Potion"},{"floor":7,"key":"Ancient Potion"},{"floor":16,"key":"Swift Potion"}],"is_trial":false,"path_per_floor":["M","?","M","M","?","R","M","M","T","M","$","?","R","?","R","B",null,"M","?","M","$","M","R","M","M","T","E"],"character_chosen":"THE_SILENT","items_purchased":["Dash","Finesse"],"campfire_rested":2,"item_purchase_floors":[11,11],"current_hp_per_floor":[70,70,70,70,45,66,66,64,64,41,41,41,41,27,48,47,70,70,63,63,63,48,48,41,41,41,0],"gold":186,"neow_bonus":"REMOVE_CARD","is_prod":false,"is_daily":false,"chose_seed":false,"campfire_upgraded":2,"win_rate":0,"timestamp":1545119894,"path_taken":["M","?","M","?","?","R","M","M","T","M","$","?","R","?","R","BOSS","M","?","?","$","?","R","M","M","T","E"],"build_version":"2018-12-13","purchased_purges":2,"victory":false,"max_hp_per_floor":[70,70,70,70,70,70,70,70,70,70,70,70,70,70,70,70,70,70,70,70,70,70,70,70,70,70,70],"card_choices":[{"not_picked":["Endless Agony","Bane"],"picked":"Blur","floor":1},{"not_picked":["Outmaneuver","Acrobatics"],"picked":"Dodge and Roll","floor":3},{"not_picked":["Bouncing Flask","Outmaneuver"],"picked":"Deflect","floor":4},{"not_picked":["Bane","Dodge and Roll","Dagger Throw"],"picked":"SKIP","floor":7},{"not_picked":["Deflect","Dodge and Roll"],"picked":"Footwork","floor":8},{"not_picked":["Malaise","Deflect"],"picked":"Terror","floor":10},{"not_picked":["Night Terror","After Image"],"picked":"Unload","floor":16},{"not_picked":["Terror+1","Prepared"],"picked":"Noxious Fumes","floor":18},{"not_picked":["Backflip","Quick Slash"],"picked":"Infinite Blades","floor":20},{"not_picked":["Heel Hook","Dagger Spray"],"picked":"Blur","floor":22},{"not_picked":["Poisoned Stab+1","Skewer"],"picked":"Malaise","floor":24},{"not_picked":["Sucker Punch+1","Poisoned Stab"],"picked":"Bane+1","floor":25}],"player_experience":560654,"relics_obtained":[{"floor":9,"key":"Matryoshka"},{"floor":26,"key":"Orichalcum"},{"floor":26,"key":"Whetstone"}],"event_choices":[{"damage_healed":0,"gold_gain":0,"player_choice":"Gave Potion","damage_taken":0,"relics_obtained":["MawBank"],"max_hp_gain":0,"max_hp_loss":0,"event_name":"WeMeetAgain","floor":2,"gold_loss":0},{"damage_healed":0,"gold_gain":0,"player_choice":"Success","damage_taken":25,"relics_obtained":["Meat on the Bone"],"max_hp_gain":0,"max_hp_loss":0,"event_name":"Scrap Ooze","floor":5,"gold_loss":0},{"cards_removed":["Strike_G"],"damage_healed":0,"gold_gain":0,"player_choice":"Card Removal","damage_taken":0,"max_hp_gain":0,"max_hp_loss":0,"event_name":"The Cleric","floor":12,"gold_loss":50},{"damage_healed":0,"gold_gain":0,"player_choice":"Entered Light","damage_taken":14,"max_hp_gain":0,"max_hp_loss":0,"event_name":"Shining Light","floor":14,"gold_loss":0,"cards_upgraded":["Finesse","Defend_G"]},{"damage_healed":0,"gold_gain":0,"player_choice":"Damaged","damage_taken":7,"max_hp_gain":0,"max_hp_loss":0,"event_name":"Wheel of Change","floor":19,"gold_loss":0}],"is_beta":false,"boss_relics":[{"not_picked":["White Beast Statue","Runic Dome"],"picked":"Sozu"}],"items_purged_floors":[11,21],"is_endless":false,"potions_floor_spawned":[1,7,16,18,22,24,25],"killed_by":"Slavers","ascension_level":4}