{"gold_per_floor":[116,126,137,137,155,184,184,218,241,21,21,21,21,40,40,116,116,127,42,59,77,127,127,142,142,142,142,154,204,204,224,224,301,301,316,27,27,27,43,78,78,78,125,43,56,56],"floor_reached":46,"playtime":2832,"items_purged":["Strike_B"],"score":802,"play_id":"d0bbda55-5522-4487-9363-f6b222c0ec9d","local_time":"20190507151603","is_ascension_mode":true,"campfire_choices":[{"data":"Creative AI","floor":7,"key":"SMITH"},{"floor":13,"key":"REST"},{"floor":15,"key":"REST"},{"floor":23,"key":"REST"},{"floor":27,"key":"REST"},{"floor":30,"key":"REST"},{"floor":32,"key":"REST"},{"floor":41,"key":"REST"}],"neow_cost":"NONE","seed_source_timestamp":313757627703843,"circlet_count":0,"master_deck":["AscendersBane","Strike_B","Defend_B","Defend_B","Defend_B","Defend_B","Zap+1","Dualcast+1","Sunder+1","Coolheaded","Compile Driver","Hologram+1","Creative AI+1","Core Surge","Capacitor","Machine Learning","Chill","Conserve Battery","Amplify","BootSequence","Defragment+1","Cold Snap","Buffer","Conserve Battery+1","Capacitor","Defragment","Ball Lightning"],"relics":["Cracked Core","Shuriken","Juzu Bracelet","Bag of Preparation","Lantern","Snecko Eye","Centennial Puzzle","Matryoshka","Sozu","War Paint","GremlinMask","Question Card","Blood Vial","Regal Pillow"],"potions_floor_usage":[6,8,28,28],"damage_taken":[{"damage":0,"enemies":"Small Slimes","floor":1,"turns":3},{"damage":6,"enemies":"Cultist","floor":2,"turns":3},{"damage":7,"enemies":"Jaw Worm","floor":3,"turns":4},{"damage":0,"enemies":"2 Fungi Beasts","floor":5,"turns":2},{"damage":4,"enemies":"Gremlin Nob","floor":6,"turns":3},{"damage":22,"enemies":"3 Sentries","floor":8,"turns":7},{"damage":9,"enemies":"Red Slaver","floor":14,"turns":2},{"damage":51,"enemies":"Slime Boss","floor":16,"turns":8},{"damage":37,"enemies":"2 Thieves","floor":18,"turns":4},{"damage":0,"enemies":"3 Byrds","floor":20,"turns":4},{"damage":4,"enemies":"Centurion and Healer","floor":21,"turns":6},{"damage":18,"enemies":"Snake Plant","floor":24,"turns":4},{"damage":7,"enemies":"Chosen and Byrds","floor":28,"turns":9},{"damage":7,"enemies":"Centurion and Healer","floor":31,"turns":8},{"damage":15,"enemies":"Champ","floor":33,"turns":12},{"damage":15,"enemies":"Orb Walker","floor":35,"turns":5},{"damage":1,"enemies":"3 Shapes","floor":39,"turns":4},{"damage":40,"enemies":"Giant Head","floor":40,"turns":9},{"damage":17,"enemies":"Maw","floor":45,"turns":9},{"damage":25,"enemies":"Reptomancer","floor":46,"turns":2}],"seed_played":"-4655738163216572975","potions_obtained":[{"floor":2,"key":"Fire Potion"},{"floor":4,"key":"Dexterity Potion"},{"floor":5,"key":"SkillPotion"},{"floor":8,"key":"SneckoOil"},{"floor":14,"key":"SpeedPotion"},{"floor":20,"key":"FocusPotion"},{"floor":24,"key":"Weak Potion"}],"is_trial":false,"path_per_floor":["M","M","M","?","M","E","R","E","T","$","?","?","R","M","R","B",null,"M","?","M","M","?","R","M","?","T","R","M","?","R","M","R","B",null,"M","$","?","?","M","E","R","?","T","$","M","E"],"character_chosen":"DEFECT","items_purchased":["Capacitor","Lantern","Capacitor","War Paint","Defragment"],"campfire_rested":7,"item_purchase_floors":[10,10,36,36,44],"current_hp_per_floor":[64,58,51,51,51,47,47,25,25,25,25,25,46,37,58,7,55,18,18,18,14,14,35,17,17,17,38,31,31,52,45,66,51,66,51,51,51,51,50,10,31,31,31,31,16,0],"gold":56,"neow_bonus":"UPGRADE_CARD","is_prod":false,"is_daily":false,"chose_seed":false,"campfire_upgraded":1,"win_rate":0,"timestamp":1557267363,"path_taken":["M","M","M","?","?","E","R","E","T","$","?","?","R","M","R","BOSS","M","?","M","M","?","R","M","?","T","R","M","?","R","M","R","BOSS","M","?","?","?","M","E","R","?","T","$","M","E"],"build_version":"2019-01-23","purchased_purges":1,"victory":false,"max_hp_per_floor":[71,71,71,71,71,71,71,71,71,71,71,71,71,71,71,71,71,71,71,71,71,71,71,71,71,71,71,71,71,71,71,71,71,71,71,71,71,71,71,71,71,71,71,71,71,71],"card_choices":[{"not_picked":["Redo","Steam"],"picked":"Sunder","floor":1},{"not_picked":["Consume","Static Discharge"],"picked":"Coolheaded","floor":2},{"not_picked":["Beam Cell","Blizzard"],"picked":"Compile Driver","floor":3},{"not_picked":["Leap","Go for the Eyes"],"picked":"Hologram","floor":5},{"not_picked":["Hologram","Conserve Battery"],"picked":"Creative AI","floor":6},{"not_picked":["Chaos","Turbo"],"picked":"Core Surge","floor":8},{"not_picked":["Reprogram","Aggregate","Turbo"],"picked":"SKIP","floor":14},{"not_picked":["Reboot","Fission"],"picked":"Machine Learning","floor":16},{"not_picked":["Undo","Cold Snap"],"picked":"Chill","floor":18},{"not_picked":["Steam+1","Beam Cell"],"picked":"Conserve Battery","floor":20},{"not_picked":["Melter","Steam Power"],"picked":"Amplify","floor":21},{"not_picked":["Cold Snap","White Noise"],"picked":"BootSequence","floor":24},{"not_picked":["Barrage","Cold Snap"],"picked":"Defragment+1","floor":28},{"not_picked":["Ball Lightning","Loop"],"picked":"Cold Snap","floor":31},{"not_picked":["Fission","Core Surge"],"picked":"Buffer","floor":33},{"not_picked":["Streamline+1","Melter"],"picked":"Conserve Battery+1","floor":35},{"not_picked":["Scrape","Redo+1","Genetic Algorithm+1"],"picked":"SKIP","floor":39},{"not_picked":["Self Repair+1","Leap","Sweeping Beam"],"picked":"SKIP","floor":40},{"not_picked":["Tempest","Chaos","Capacitor"],"picked":"Ball Lightning","floor":45}],"player_experience":465680,"relics_obtained":[{"floor":6,"key":"Shuriken"},{"floor":8,"key":"Juzu Bracelet"},{"floor":9,"key":"Bag of Preparation"},{"floor":26,"key":"Matryoshka"},{"floor":40,"key":"Question Card"},{"floor":43,"key":"Blood Vial"},{"floor":43,"key":"Regal Pillow"}],"event_choices":[{"damage_healed":0,"gold_gain":0,"player_choice":"Got Potions","damage_taken":0,"max_hp_gain":0,"max_hp_loss":0,"event_name":"Lab","floor":4,"gold_loss":0},{"damage_healed":0,"gold_gain":0,"player_choice":"Forge","damage_taken":0,"max_hp_gain":0,"max_hp_loss":0,"event_name":"Accursed Blacksmith","floor":11,"gold_loss":0,"cards_upgraded":["Sunder"]},{"damage_healed":0,"gold_gain":0,"player_choice":"Fled","damage_taken":0,"max_hp_gain":0,"max_hp_loss":0,"event_name":"Scrap Ooze","floor":12,"gold_loss":0},{"damage_healed":0,"gold_gain":0,"player_choice":"Obtained Relic","damage_taken":0,"relics_obtained":["Centennial Puzzle"],"max_hp_gain":0,"max_hp_loss":0,"event_name":"Addict","floor":19,"gold_loss":85},{"damage_healed":0,"gold_gain":100,"player_choice":"Bet on Murderer","damage_taken":0,"max_hp_gain":0,"max_hp_loss":0,"event_name":"The Joust","floor":22,"gold_loss":50},{"damage_healed":0,"gold_gain":0,"player_choice":"Ignored","damage_taken":0,"max_hp_gain":0,"max_hp_loss":0,"event_name":"Cursed Tome","floor":25,"gold_loss":0},{"damage_healed":0,"gold_gain":50,"player_choice":"Pray","damage_taken":0,"max_hp_gain":0,"max_hp_loss":0,"event_name":"Golden Shrine","floor":29,"gold_loss":0},{"cards_removed":["Strike_B"],"damage_healed":0,"gold_gain":0,"player_choice":"Removed Attack","damage_taken":0,"max_hp_gain":0,"max_hp_loss":0,"event_name":"Falling","floor":37,"gold_loss":0},{"damage_healed":0,"gold_gain":0,"player_choice":"Trade","damage_taken":0,"relics_obtained":["GremlinMask"],"max_hp_gain":0,"max_hp_loss":0,"event_name":"FaceTrader","floor":38,"gold_loss":0},{"cards_removed":["Strike_B"],"damage_healed":0,"gold_gain":0,"player_choice":"Purged","damage_taken":0,"max_hp_gain":0,"max_hp_loss":0,"event_name":"Purifier","floor":42,"gold_loss":0}],"is_beta":false,"boss_relics":[{"not_picked":["Inserter","Tiny House"],"picked":"Snecko Eye"},{"not_picked":["Fusion Hammer","Astrolabe"],"picked":"Sozu"}],"items_purged_floors":[36],"is_endless":false,"potions_floor_spawned":[2,5,8,14,18,20,24,35,40],"killed_by":"Reptomancer","ascension_level":15}