{"gold_per_floor":[111,111,36,36,54,54,54,70,141,141,160,179,195,195,195,300,300,289,154,154,172,182,182,4,4,4,4,31,31,41,41,41,137,137,154,4,4],"floor_reached":37,"playtime":2181,"items_purged":["Strike_G","Defend_G","Defend_G","Defend_G"],"score":434,"play_id":"955be31e-67dd-43bd-8e51-87ccaebd963f","local_time":"20181216101805","is_ascension_mode":true,"campfire_choices":[{"data":"Acrobatics","floor":6,"key":"SMITH"},{"data":"Neutralize","floor":10,"key":"SMITH"},{"floor":15,"key":"REST"},{"floor":23,"key":"REST"},{"data":"Prepared","floor":25,"key":"SMITH"},{"data":"Footwork","floor":27,"key":"SMITH"},{"floor":32,"key":"REST"}],"neow_cost":"NONE","seed_source_timestamp":237242775875568,"circlet_count":0,"master_deck":["Defend_G","Defend_G","Strike_G","Strike_G","Strike_G","Survivor","Neutralize+1","Glass Knife","Backflip+1","Acrobatics+1","Slice","Terror","Prepared+1","Tactician+1","After Image","Reflex+1","Footwork+1","Terror","Underhanded Strike","Shame","Doppelganger","Tactician"],"relics":["Ring of the Snake","Blue Candle","Eternal Feather","GremlinMask","Mercury Hourglass","Frozen Egg 2","Blood Vial","Sozu"],"potions_floor_usage":[16,22,22,33,33],"damage_taken":[{"damage":6,"enemies":"Jaw Worm","floor":1,"turns":4},{"damage":0,"enemies":"Cultist","floor":5,"turns":4},{"damage":1,"enemies":"Small Slimes","floor":8,"turns":3},{"damage":1,"enemies":"Red Slaver","floor":11,"turns":3},{"damage":6,"enemies":"Exordium Thugs","floor":12,"turns":5},{"damage":0,"enemies":"3 Louse","floor":13,"turns":3},{"damage":20,"enemies":"The Guardian","floor":16,"turns":13},{"damage":12,"enemies":"2 Thieves","floor":18,"turns":4},{"damage":0,"enemies":"Chosen","floor":21,"turns":5},{"damage":32,"enemies":"3 Cultists","floor":22,"turns":8},{"damage":13,"enemies":"Book of Stabbing","floor":28,"turns":7},{"damage":28,"enemies":"Sentry and Sphere","floor":30,"turns":6},{"damage":59,"enemies":"Automaton","floor":33,"turns":15},{"damage":57,"enemies":"3 Darklings","floor":35,"turns":11},{"damage":29,"enemies":"3 Shapes","floor":37,"turns":3}],"seed_played":"1902287169376842145","potions_obtained":[{"floor":1,"key":"EssenceOfSteel"},{"floor":11,"key":"Strength Potion"},{"floor":13,"key":"Energy Potion"},{"floor":18,"key":"Strength Potion"},{"floor":22,"key":"EssenceOfSteel"},{"floor":28,"key":"Weak Potion"},{"floor":30,"key":"Ancient Potion"}],"is_trial":false,"path_per_floor":["M","?","$","?","M","R","$","M","T","R","M","M","M","?","R","B",null,"M","$","?","M","M","R","$","R","T","R","E","?","M","$","R","B",null,"M","$","M"],"character_chosen":"THE_SILENT","items_purchased":["Footwork","Underhanded Strike"],"campfire_rested":3,"item_purchase_floors":[19,24],"current_hp_per_floor":[64,64,64,57,57,57,57,56,56,56,55,49,49,49,70,50,70,58,58,58,58,26,59,59,70,70,70,57,57,31,31,64,7,70,13,13,0],"gold":4,"neow_bonus":"ONE_RANDOM_RARE_CARD","is_prod":false,"is_daily":false,"chose_seed":false,"campfire_upgraded":4,"win_rate":0,"timestamp":1544984285,"path_taken":["M","?","?","?","M","R","$","M","T","R","M","M","M","?","R","BOSS","M","$","?","M","M","R","?","R","T","R","E","?","M","$","R","BOSS","M","$","M"],"build_version":"2018-12-13","purchased_purges":4,"victory":false,"max_hp_per_floor":[70,70,70,70,70,70,70,70,70,70,70,70,70,70,70,70,70,70,70,70,70,70,70,70,70,70,70,70,70,70,70,70,70,70,70,70,70],"card_choices":[{"not_picked":["Blade Dance","Poisoned Stab"],"picked":"Backflip","floor":1},{"not_picked":["Bane","Heel Hook"],"picked":"Acrobatics","floor":5},{"not_picked":["Poisoned Stab","Heel Hook"],"picked":"Slice","floor":8},{"not_picked":["Outmaneuver","Heel Hook"],"picked":"Terror","floor":11},{"not_picked":["Flechettes","Quick Slash"],"picked":"Prepared","floor":12},{"not_picked":["Dagger Spray","Dagger Throw"],"picked":"Tactician","floor":13},{"not_picked":["Bullet Time","Night Terror"],"picked":"After Image","floor":16},{"not_picked":["Heel Hook","Terror"],"picked":"Reflex+1","floor":18},{"not_picked":["Quick Slash","Acrobatics+1","Dagger Spray"],"picked":"SKIP","floor":21},{"not_picked":["Outmaneuver","Caltrops"],"picked":"Terror","floor":22},{"not_picked":["Bane","Backflip+1","Blade Dance+1"],"picked":"SKIP","floor":28},{"not_picked":["Sucker Punch+1","Dagger Spray","Distraction"],"picked":"SKIP","floor":30},{"not_picked":["Bullet Time","Phantasmal Killer"],"picked":"Doppelganger","floor":33},{"not_picked":["Escape Plan+1","Leg Sweep"],"picked":"Tactician","floor":35}],"player_experience":551355,"relics_obtained":[{"floor":9,"key":"Blue Candle"},{"floor":26,"key":"Mercury Hourglass"},{"floor":28,"key":"Frozen Egg 2"}],"event_choices":[{"damage_healed":0,"gold_gain":0,"player_choice":"Upgraded","damage_taken":0,"max_hp_gain":0,"max_hp_loss":0,"event_name":"Upgrade Shrine","floor":2,"gold_loss":0,"cards_upgraded":["Backflip"]},{"cards_removed":["Strike_G"],"damage_healed":0,"gold_gain":0,"player_choice":"Card Removal","damage_taken":7,"max_hp_gain":0,"max_hp_loss":0,"event_name":"Golden Wing","floor":4,"gold_loss":0},{"damage_healed":0,"gold_gain":0,"player_choice":"Forge","damage_taken":0,"max_hp_gain":0,"max_hp_loss":0,"event_name":"Accursed Blacksmith","floor":14,"gold_loss":0,"cards_upgraded":["Tactician"]},{"damage_healed":0,"gold_gain":0,"player_choice":"Trade","damage_taken":0,"relics_obtained":["GremlinMask"],"max_hp_gain":0,"max_hp_loss":0,"event_name":"FaceTrader","floor":20,"gold_loss":0},{"damage_healed":0,"gold_gain":0,"player_choice":"Stole Relic","damage_taken":0,"relics_obtained":["Blood Vial"],"max_hp_gain":0,"max_hp_loss":0,"event_name":"Addict","floor":29,"gold_loss":0,"cards_obtained":["Shame"]}],"is_beta":false,"boss_relics":[{"not_picked":["Orrery","Velvet Choker"],"picked":"Eternal Feather"},{"not_picked":["Pandora\u0027s Box","Cursed Key"],"picked":"Sozu"}],"items_purged_floors":[3,19,24,36],"is_endless":false,"potions_floor_spawned":[1,11,13,18,22,28,30],"killed_by":"3 Shapes","ascension_level":3}