{"gold_per_floor":[116,133,147,163,163,189,201,228,228,261,291,291,291,83,83,180,180,198,7,25,25,40,40,40,75,75,92,117,127,127,127,127,222,222,236,249,268,278,163,163,163,163,238,238,238,10,42,58,58,58],"floor_reached":51,"playtime":3767,"items_purged":["White Noise","Chill"],"score":781,"play_id":"9e14699e-2d0d-49cc-ad67-bb0632262f2f","local_time":"20190602000251","is_ascension_mode":true,"campfire_choices":[{"data":"Go for the Eyes","floor":12,"key":"SMITH"},{"data":"White Noise","floor":15,"key":"SMITH"},{"floor":23,"key":"REST"},{"floor":30,"key":"REST"},{"data":"Echo Form","floor":32,"key":"SMITH"},{"data":"Reboot","floor":40,"key":"SMITH"},{"floor":44,"key":"REST"},{"data":"Coolheaded","floor":49,"key":"SMITH"}],"neow_cost":"NONE","seed_source_timestamp":102250728083127,"circlet_count":0,"master_deck":["Strike_B","Defend_B+1","Defend_B","Zap","Dualcast","White Noise+1","Ball Lightning","Go for the Eyes+1","Leap+1","Genetic Algorithm","Cold Snap","Genetic Algorithm","Echo Form+1","Coolheaded+1","FTL","Cold Snap+1","RitualDagger","Stack+1","Reboot+1","Fusion+1","Conserve Battery+1","Coolheaded+1","Turbo+1","Sunder","Creative AI","Loop+1","Undo"],"relics":["Cracked Core","Happy Flower","Sundial","Potion Belt","Pen Nib","Membership Card","Snecko Eye","Bird Faced Urn","Shuriken","Ornamental Fan","Dodecahedron","Astrolabe","Art of War","Bottled Tornado","Orichalcum","Toolbox","War Paint"],"potions_floor_usage":[6,27,28,28,28,28,29,33,33,50,50],"damage_taken":[{"damage":1,"enemies":"Cultist","floor":1,"turns":4},{"damage":12,"enemies":"Small Slimes","floor":2,"turns":4},{"damage":2,"enemies":"Jaw Worm","floor":3,"turns":2},{"damage":8,"enemies":"Blue Slaver","floor":4,"turns":3},{"damage":7,"enemies":"Gremlin Nob","floor":6,"turns":4},{"damage":2,"enemies":"2 Fungi Beasts","floor":7,"turns":4},{"damage":12,"enemies":"3 Sentries","floor":8,"turns":7},{"damage":16,"enemies":"Lagavulin","floor":10,"turns":8},{"damage":18,"enemies":"Hexaghost","floor":16,"turns":9},{"damage":22,"enemies":"2 Thieves","floor":18,"turns":5},{"damage":6,"enemies":"Spheric Guardian","floor":20,"turns":4},{"damage":5,"enemies":"Chosen and Byrds","floor":22,"turns":8},{"damage":25,"enemies":"Book of Stabbing","floor":25,"turns":7},{"damage":8,"enemies":"3 Cultists","floor":27,"turns":6},{"damage":13,"enemies":"Gremlin Leader","floor":28,"turns":5},{"damage":8,"enemies":"Snake Plant","floor":29,"turns":6},{"damage":54,"enemies":"Collector","floor":33,"turns":16},{"damage":4,"enemies":"Orb Walker","floor":35,"turns":5},{"damage":8,"enemies":"3 Darklings","floor":36,"turns":4},{"damage":16,"enemies":"Jaw Worm Horde","floor":37,"turns":3},{"damage":20,"enemies":"Transient","floor":38,"turns":5},{"damage":0,"enemies":"Reptomancer","floor":47,"turns":6},{"damage":0,"enemies":"4 Shapes","floor":48,"turns":4},{"damage":9,"enemies":"Time Eater","floor":50,"turns":7}],"seed_played":"3877546779002348227","potions_obtained":[{"floor":2,"key":"FearPotion"},{"floor":3,"key":"Strength Potion"},{"floor":7,"key":"Strength Potion"},{"floor":18,"key":"Weak Potion"},{"floor":22,"key":"EntropicBrew"},{"floor":29,"key":"Dexterity Potion"},{"floor":36,"key":"SmokeBomb"},{"floor":37,"key":"PowerPotion"}],"is_trial":false,"path_per_floor":["M","M","M","M","?","E","M","E","T","E","?","R","?","$","R","B",null,"M","$","M","?","M","R","?","E","T","M","E","M","R","?","R","B",null,"M","M","M","M","$","R","?","?","T","R","?","$","E","M","R","B",null],"character_chosen":"DEFECT","items_purchased":["Membership Card","Bird Faced Urn","FTL","Art of War","Orichalcum","Toolbox"],"campfire_rested":3,"item_purchase_floors":[14,19,19,39,46,46],"current_hp_per_floor":[74,62,60,52,75,68,66,54,54,38,38,38,38,38,38,20,75,53,53,51,37,40,64,58,37,37,35,28,26,50,76,76,26,80,78,76,66,54,54,54,54,54,54,78,78,78,80,80,80,80],"gold":58,"neow_bonus":"TRANSFORM_CARD","is_prod":false,"is_daily":false,"chose_seed":false,"campfire_upgraded":5,"win_rate":0,"timestamp":1559422971,"path_taken":["M","M","M","?","?","E","M","E","T","E","?","R","?","?","R","BOSS","M","$","M","?","M","R","?","E","T","M","E","M","R","?","R","BOSS","M","M","M","M","$","R","?","?","T","R","?","$","E","M","R","BOSS"],"build_version":"2019-01-23","purchased_purges":2,"victory":true,"max_hp_per_floor":[75,75,75,75,75,75,75,75,75,75,75,75,75,75,75,75,75,75,75,75,80,80,80,80,80,80,80,80,80,80,80,80,80,80,80,80,80,80,80,80,80,80,80,80,80,80,80,80,80,80],"card_choices":[{"not_picked":["Conserve Battery","Tempest"],"picked":"Chill","floor":1},{"not_picked":["Turbo","Streamline"],"picked":"Ball Lightning","floor":2},{"not_picked":["BootSequence","Cold Snap"],"picked":"Go for the Eyes","floor":3},{"not_picked":["Reinforced Body","Steam Power"],"picked":"Leap","floor":4},{"not_picked":["Stack","Beam Cell"],"picked":"Genetic Algorithm","floor":6},{"not_picked":["Barrage","Skim"],"picked":"Cold Snap","floor":7},{"not_picked":["Steam Power","Consume"],"picked":"Genetic Algorithm","floor":8},{"not_picked":["Beam Cell","Auto Shields","Turbo"],"picked":"SKIP","floor":10},{"not_picked":["Electrodynamics","Thunder Strike"],"picked":"Echo Form","floor":16},{"not_picked":["Redo","Static Discharge+1"],"picked":"Coolheaded","floor":18},{"not_picked":["Conserve Battery","Leap","Coolheaded+1"],"picked":"SKIP","floor":20},{"not_picked":["Force Field","Ball Lightning"],"picked":"Cold Snap+1","floor":22},{"not_picked":["Scrape","Hologram+1"],"picked":"Stack+1","floor":25},{"not_picked":["Reboot","Coolheaded","Turbo"],"picked":"SKIP","floor":27},{"not_picked":["Skim","Redo"],"picked":"Reprogram+1","floor":28},{"not_picked":["Undo","Coolheaded","Stack"],"picked":"SKIP","floor":29},{"not_picked":["Core Surge","Fission"],"picked":"Reboot","floor":33},{"not_picked":["Barrage","Static Discharge","Redo"],"picked":"SKIP","floor":35},{"not_picked":["Heatsinks","Darkness+1"],"picked":"Turbo+1","floor":36},{"not_picked":["Defragment+1","Sweeping Beam"],"picked":"Sunder","floor":37},{"not_picked":["Redo","Streamline"],"picked":"Creative AI","floor":38},{"not_picked":["Steam+1","Sweeping Beam"],"picked":"Loop+1","floor":47},{"not_picked":["Steam Power+1","Conserve Battery"],"picked":"Undo","floor":48}],"player_experience":862621,"relics_obtained":[{"floor":6,"key":"Happy Flower"},{"floor":8,"key":"Sundial"},{"floor":9,"key":"Potion Belt"},{"floor":10,"key":"Pen Nib"},{"floor":25,"key":"Shuriken"},{"floor":26,"key":"Ornamental Fan"},{"floor":28,"key":"Dodecahedron"},{"floor":43,"key":"Bottled Tornado"},{"floor":47,"key":"War Paint"}],"event_choices":[{"damage_healed":25,"gold_gain":0,"player_choice":"Banana","damage_taken":0,"max_hp_gain":0,"max_hp_loss":0,"event_name":"Big Fish","floor":5,"gold_loss":0},{"damage_healed":0,"gold_gain":30,"player_choice":"Searched \u00271\u0027 times","damage_taken":0,"max_hp_gain":0,"max_hp_loss":0,"event_name":"Dead Adventurer","floor":11,"gold_loss":0},{"damage_healed":0,"gold_gain":0,"cards_transformed":["Strike_B"],"player_choice":"Change","damage_taken":0,"max_hp_gain":0,"max_hp_loss":0,"event_name":"Living Wall","floor":13,"gold_loss":0,"cards_obtained":["White Noise"]},{"damage_healed":0,"gold_gain":0,"player_choice":"Shed Blood","damage_taken":19,"max_hp_gain":5,"max_hp_loss":0,"event_name":"Forgotten Altar","floor":21,"gold_loss":0},{"damage_healed":0,"gold_gain":0,"player_choice":"Joined the Cult","damage_taken":6,"max_hp_gain":0,"max_hp_loss":0,"event_name":"Nest","floor":24,"gold_loss":0,"cards_obtained":["RitualDagger"]},{"damage_healed":26,"gold_gain":0,"player_choice":"Heal","damage_taken":0,"max_hp_gain":0,"max_hp_loss":0,"event_name":"The Library","floor":31,"gold_loss":0},{"damage_healed":0,"gold_gain":0,"player_choice":"Ignored","damage_taken":0,"max_hp_gain":0,"max_hp_loss":0,"event_name":"Tomb of Lord Red Mask","floor":41,"gold_loss":0},{"cards_removed":["Reprogram"],"damage_healed":0,"gold_gain":0,"player_choice":"Removed Skill","damage_taken":0,"max_hp_gain":0,"max_hp_loss":0,"event_name":"Falling","floor":42,"gold_loss":0},{"damage_healed":0,"gold_gain":0,"player_choice":"Memory 1","damage_taken":0,"max_hp_gain":0,"max_hp_loss":0,"event_name":"SensoryStone","floor":45,"gold_loss":0}],"is_beta":false,"boss_relics":[{"not_picked":["Nuclear Battery","Busted Crown"],"picked":"Snecko Eye"},{"not_picked":["Calling Bell","Orrery"],"picked":"Astrolabe"}],"items_purged_floors":[39,46],"is_endless":false,"potions_floor_spawned":[2,3,7,18,22,29,36,37],"ascension_level":2}