{"path_per_floor":["M","?","M","M","M","E","R","M","T","?","R","M","?","M","R","B",null,"M","?","M","M","T","R","M","R","T","R","$","M","R","M","R","B",null,"M","?","M","M","$","M","R","?","T","M","?","$","R","M","R"],"character_chosen":"DEFECT","items_purchased":["Pantograph","Turnip","Streamline"],"gold_per_floor":[111,111,122,136,155,184,184,203,228,328,328,348,348,364,364,469,469,487,487,505,517,541,541,560,560,583,583,251,262,262,273,273,373,373,383,383,393,406,51,69,69,69,69,86,0,0,0,20,20,20],"floor_reached":50,"campfire_rested":5,"playtime":1699,"current_hp_per_floor":[75,75,75,73,73,73,73,62,62,62,62,61,54,53,53,26,75,51,37,31,17,17,41,36,60,60,60,60,54,54,38,38,40,80,80,80,60,37,37,1,25,25,25,13,13,13,37,27,51,0],"items_purged":["Defend_B"],"gold":20,"score":498,"play_id":"0e676c62-88b7-4dc7-989d-e085bb3f4ed6","local_time":"20180508222320","is_prod":false,"is_daily":false,"chose_seed":false,"is_ascension_mode":false,"campfire_upgraded":6,"timestamp":1525832600,"path_taken":["M","?","?","M","M","E","R","M","T","?","R","?","?","M","R","BOSS","M","?","?","M","?","R","M","R","T","R","$","M","R","M","R","BOSS","M","?","?","M","?","M","R","?","T","M","?","$","R","M","R","BOSS"],"build_version":"2018-05-07","seed_source_timestamp":686015754835,"purchased_purges":1,"victory":false,"master_deck":["Defend_B+1","Defend_B","Zap+1","Dualcast+1","Hyperbeam+1","Rebound","Rip and Tear","Go for the Eyes+1","Streamline+1","Auto Shields","Beam Cell+1","Sweeping Beam","All For One+1","Go for the Eyes+1","BootSequence","BootSequence+1","Go for the Eyes+1","Creative AI","Rip and Tear+1","FTL+1","Heatsinks+1","Leap+1","Go for the Eyes+1","Streamline","FTL+1","Seek","Streamline"],"max_hp_per_floor":[75,75,75,75,75,75,75,75,75,75,75,75,75,75,75,75,75,75,80,80,80,80,80,80,80,80,80,80,80,80,80,80,80,80,80,80,80,80,80,80,80,80,80,80,80,80,80,80,80,80],"relics":["Cracked Core","War Paint","Prayer Wheel","Lizard Tail","Pen Nib","Vajra","Pantograph","Astrolabe","Turnip","DataDisk","Red Mask"],"card_choices":[{"not_picked":["Coolheaded","Capacitor"],"picked":"Rebound","floor":1},{"not_picked":["Defragment","Hello World"],"picked":"Rip and Tear","floor":3},{"not_picked":["Genetic Algorithm","Coolheaded"],"picked":"Go for the Eyes","floor":4},{"not_picked":["White Noise","Impulse"],"picked":"Streamline","floor":5},{"not_picked":["Rebound","Buffer"],"picked":"Auto Shields","floor":6},{"not_picked":["Reprogram","White Noise"],"picked":"Beam Cell","floor":12},{"not_picked":["Cold Snap","Beam Cell"],"picked":"Sweeping Beam","floor":14},{"not_picked":["Fission","Nova"],"picked":"All For One","floor":16},{"not_picked":["Conserve Battery","Consume"],"picked":"Go for the Eyes","floor":18},{"not_picked":["Defragment","Double Energy"],"picked":"BootSequence","floor":22},{"not_picked":["Axe Kick","Coolheaded"],"picked":"BootSequence","floor":24},{"not_picked":["Cold Snap","Nova"],"picked":"Go for the Eyes","floor":31},{"not_picked":["Rainbow","Meteor Strike"],"picked":"Creative AI","floor":33},{"not_picked":["Glacier","Sweeping Beam"],"picked":"Leap","floor":35},{"not_picked":["Coolheaded","Static Discharge"],"picked":"Go for the Eyes","floor":38},{"not_picked":["Undo","Capacitor"],"picked":"FTL","floor":40},{"not_picked":["Rebound","Sweeping Beam"],"picked":"Seek","floor":43},{"not_picked":["Stack","Aggregate"],"picked":"Streamline","floor":48}],"player_experience":251405,"potions_floor_usage":[16,16,20,24,29,33,33,40,40,44,48],"damage_taken":[{"damage":0,"enemies":"2 Louse","floor":1,"turns":1},{"damage":0,"enemies":"Cultist","floor":3,"turns":2},{"damage":2,"enemies":"Small Slimes","floor":4,"turns":3},{"damage":0,"enemies":"Looter","floor":5,"turns":3},{"damage":0,"enemies":"3 Sentries","floor":6,"turns":2},{"damage":11,"enemies":"3 Louse","floor":8,"turns":3},{"damage":1,"enemies":"Blue Slaver","floor":12,"turns":2},{"damage":1,"enemies":"Large Slime","floor":14,"turns":3},{"damage":27,"enemies":"Hexaghost","floor":16,"turns":9},{"damage":24,"enemies":"3 Byrds","floor":18,"turns":4},{"damage":9,"enemies":"2 Thieves","floor":20,"turns":2},{"damage":14,"enemies":"Centurion and Healer","floor":21,"turns":5},{"damage":13,"enemies":"Slaver and Parasite","floor":24,"turns":6},{"damage":6,"enemies":"Snecko","floor":29,"turns":4},{"damage":16,"enemies":"Centurion and Healer","floor":31,"turns":4},{"damage":69,"enemies":"Champ","floor":33,"turns":9},{"damage":0,"enemies":"3 Shapes","floor":35,"turns":1},{"damage":20,"enemies":"3 Darklings","floor":37,"turns":4},{"damage":23,"enemies":"Flame Bruiser 2 Orb","floor":38,"turns":6},{"damage":36,"enemies":"Sphere and 2 Shapes","floor":40,"turns":5},{"damage":12,"enemies":"Maw","floor":44,"turns":7},{"damage":16,"enemies":"Flame Bruiser 2 Orb","floor":48,"turns":3},{"damage":82,"enemies":"Awakened One","floor":50,"turns":9}],"event_choices":[{"event_name":"Living Wall","player_choice":"Grow","floor":2,"damage_taken":0},{"event_name":"Golden Shrine","player_choice":"Pray","floor":10,"damage_taken":0},{"event_name":"Golden Wing","player_choice":"Card Removal","floor":13,"damage_taken":0},{"event_name":"Forgotten Altar","player_choice":"Shed Blood","floor":19,"damage_taken":0},{"event_name":"Purifier","player_choice":"One Purge","floor":36,"damage_taken":0},{"event_name":"Mysterious Sphere","player_choice":"Ignore","floor":42,"damage_taken":0},{"event_name":"Tomb of Lord Red Mask","player_choice":"Paid","floor":45,"damage_taken":0}],"boss_relics":[{"not_picked":["Velvet Choker","Pandora\u0027s Box"],"picked":"Lizard Tail"},{"not_picked":["Black Star","Tiny House"],"picked":"Astrolabe"}],"potions_floor_spawned":[1,4,6,8,14,16,21,24,29,31,33,35,44],"seed_played":"-2197169290630038857","killed_by":"Awakened One","ascension_level":0,"is_trial":false}