{"gold_per_floor":[119,132,182,198,217,247,247,273,273,273,289,322,287,300,300,379,379,379,379,359,359,359,359,359,359,359,75,75,75,75,75,75,75],"floor_reached":33,"playtime":1285,"items_purged":["Strike_G"],"score":515,"play_id":"c31b7ddb-246d-4446-9cfb-d8854aeba106","local_time":"20190314211105","is_ascension_mode":true,"campfire_choices":[{"floor":7.0,"key":"REST"},{"floor":10.0,"key":"REST"},{"data":"Neutralize","floor":15.0,"key":"SMITH"},{"floor":23.0,"key":"REST"},{"floor":25.0,"key":"REST"},{"floor":30.0,"key":"REST"},{"data":"Phantasmal Killer","floor":32.0,"key":"SMITH"}],"neow_cost":"NONE","seed_source_timestamp":462602464912400,"circlet_count":0,"master_deck":["AscendersBane","Defend_G+1","Defend_G+1","Defend_G","Defend_G","Defend_G","Strike_G","Strike_G","Strike_G","Strike_G","Survivor","Neutralize+1","Flying Knee","Poisoned Stab","Skewer","Sucker Punch","Phantasmal Killer+1","Cloak And Dagger","Flying Knee+1","Bane+1","Glass Knife+1","Envenom","PiercingWail","Concentrate","Flying Knee+1","PiercingWail","Concentrate+1","Dodge and Roll","Necronomicurse","Prepared"],"special_seed":0,"relics":["Ring of the Snake","War Paint","Happy Flower","Molten Egg 2","Du-Vu Doll","Unceasing Top","Ectoplasm","Vajra","Bag of Marbles","Necronomicon","Blood Vial"],"potions_floor_usage":[33],"damage_taken":[{"damage":1.0,"enemies":"Small Slimes","floor":1.0,"turns":6.0},{"damage":0.0,"enemies":"Cultist","floor":2.0,"turns":3.0},{"damage":0.0,"enemies":"2 Louse","floor":4.0,"turns":2.0},{"damage":5.0,"enemies":"Gremlin Gang","floor":5.0,"turns":6.0},{"damage":32.0,"enemies":"Gremlin Nob","floor":6.0,"turns":4.0},{"damage":25.0,"enemies":"Lagavulin","floor":8.0,"turns":5.0},{"damage":0.0,"enemies":"Red Slaver","floor":11.0,"turns":5.0},{"damage":0.0,"enemies":"Gremlin Nob","floor":12.0,"turns":2.0},{"damage":7.0,"enemies":"Exordium Wildlife","floor":14.0,"turns":4.0},{"damage":21.0,"enemies":"Hexaghost","floor":16.0,"turns":8.0},{"damage":14.0,"enemies":"Shell Parasite","floor":18.0,"turns":5.0},{"damage":13.0,"enemies":"3 Byrds","floor":19.0,"turns":4.0},{"damage":18.0,"enemies":"Centurion and Healer","floor":21.0,"turns":6.0},{"damage":13.0,"enemies":"Snake Plant","floor":22.0,"turns":3.0},{"damage":2.0,"enemies":"3 Cultists","floor":24.0,"turns":4.0},{"damage":0.0,"enemies":"Snecko","floor":31.0,"turns":1.0},{"damage":65,"enemies":"Champ","floor":33,"turns":6}],"seed_played":"3212213676397863760","potions_obtained":[{"floor":2.0,"key":"SteroidPotion"},{"floor":4.0,"key":"SpeedPotion"},{"floor":11.0,"key":"Regen Potion"},{"floor":14.0,"key":"FearPotion"},{"floor":16.0,"key":"SpeedPotion"},{"floor":20.0,"key":"Regen Potion"},{"floor":21.0,"key":"Swift Potion"},{"floor":31.0,"key":"LiquidBronze"}],"is_trial":false,"path_per_floor":["M","M","?","M","M","E","R","E","T","R","M","E","?","M","R","B",null,"M","M","?","M","M","R","M","R","T","$","?","T","R","M","R","B"],"character_chosen":"THE_SILENT","items_purchased":["Bag of Marbles","Dodge and Roll"],"campfire_rested":5,"item_purchase_floors":[27,27],"current_hp_per_floor":[58,58,52,52,47,15,34,9,9,28,28,33,49,42,42,21,55,41,28,28,24,11,30,28,47,47,47,26,26,45,47,47,0],"gold":75,"neow_bonus":"RANDOM_COMMON_RELIC","is_prod":false,"is_daily":false,"chose_seed":false,"campfire_upgraded":2,"win_rate":0,"timestamp":1552612265,"path_taken":["M","M","?","?","?","E","R","E","T","R","M","E","?","M","R","BOSS","M","M","?","M","?","R","M","R","T","?","?","?","R","M","R","BOSS"],"build_version":"2019-02-06","purchased_purges":1,"victory":false,"max_hp_per_floor":[66,66,66,66,66,66,66,66,66,66,66,66,66,66,66,66,66,66,66,66,66,66,66,66,66,66,66,66,66,66,66,66,66],"card_choices":[{"not_picked":["Outmaneuver","Leg Sweep"],"picked":"Flying Knee","floor":1.0},{"not_picked":["PiercingWail","Sucker Punch"],"picked":"Poisoned Stab","floor":2.0},{"not_picked":["Sucker Punch","Cloak And Dagger"],"picked":"Skewer","floor":4.0},{"not_picked":["Quick Slash","Dagger Throw"],"picked":"Sucker Punch","floor":5.0},{"not_picked":["Riddle With Holes","Escape Plan"],"picked":"Phantasmal Killer","floor":6.0},{"not_picked":["Dagger Throw","Slice"],"picked":"Cloak And Dagger","floor":8.0},{"not_picked":["Catalyst","Dagger Throw+1"],"picked":"Flying Knee+1","floor":11.0},{"not_picked":["Expertise","Cloak And Dagger"],"picked":"Bane+1","floor":12.0},{"not_picked":["Slice+1","PiercingWail"],"picked":"Glass Knife+1","floor":14.0},{"not_picked":["Storm of Steel","Grand Finale+1"],"picked":"Envenom","floor":16.0},{"not_picked":["Flechettes+1","Blade Dance"],"picked":"PiercingWail","floor":18.0},{"not_picked":["Poisoned Stab+1","Sucker Punch+1"],"picked":"Concentrate","floor":19.0},{"not_picked":["Blade Dance","Caltrops"],"picked":"Flying Knee+1","floor":21.0},{"not_picked":["Eviscerate+1","Finisher+1"],"picked":"PiercingWail","floor":22.0},{"not_picked":["Caltrops","PiercingWail"],"picked":"Concentrate+1","floor":24.0},{"not_picked":["Slice+1","Catalyst+1"],"picked":"Prepared","floor":31.0}],"player_experience":669788,"relics_obtained":[{"floor":6.0,"key":"Happy Flower"},{"floor":8.0,"key":"Molten Egg 2"},{"floor":9.0,"key":"Du-Vu Doll"},{"floor":12.0,"key":"Unceasing Top"},{"floor":26.0,"key":"Vajra"},{"floor":28.0,"key":"Necronomicon"},{"floor":29.0,"key":"Blood Vial"}],"event_choices":[{"damage_healed":0.0,"max_hp_gain":0.0,"max_hp_loss":0.0,"gold_gain":50.0,"event_name":"FaceTrader","player_choice":"Touch","floor":3.0,"gold_loss":0.0,"damage_taken":6.0},{"damage_healed":16.0,"max_hp_gain":0.0,"max_hp_loss":0.0,"gold_gain":0.0,"event_name":"The Cleric","player_choice":"Healed","floor":13.0,"gold_loss":35.0,"damage_taken":0.0},{"damage_healed":0.0,"max_hp_gain":0.0,"max_hp_loss":0.0,"gold_gain":0.0,"event_name":"The Woman in Blue","player_choice":"Bought 1 Potion","floor":20.0,"gold_loss":0.0,"damage_taken":0.0},{"damage_healed":0.0,"max_hp_gain":0.0,"max_hp_loss":0.0,"gold_gain":0.0,"event_name":"Cursed Tome","player_choice":"Obtained Book","floor":28.0,"gold_loss":0.0,"damage_taken":21.0}],"is_beta":true,"boss_relics":[{"not_picked":["Pandora\u0027s Box","Snecko Eye"],"picked":"Ectoplasm"}],"items_purged_floors":[27],"is_endless":false,"potions_floor_spawned":[2,4,11,14,16,21,31],"killed_by":"Champ","ascension_level":15}