{"gold_per_floor":[115,34,45,45,55,83,83,94,144,133,133,143,143,105,105,201,201,214,74,74,86,86,121,121,121],"floor_reached":25,"playtime":1038,"items_purged":["Strike_G"],"score":254,"play_id":"469b4340-5032-4cfc-a81b-68bc90d827e9","local_time":"20181209005740","is_ascension_mode":true,"campfire_choices":[{"data":"Sucker Punch","floor":7,"key":"SMITH"},{"floor":15,"key":"REST"},{"floor":24,"key":"REST"}],"neow_cost":"NONE","seed_source_timestamp":15741476406101,"circlet_count":0,"master_deck":["Defend_G","Defend_G","Defend_G","Defend_G","Strike_G","Strike_G","Survivor","Neutralize","Sucker Punch+1","Terror","Prepared","Neutralize","Enlightenment","Crippling Poison","Deflect","Prepared","Dagger Spray","Bullet Time","Die Die Die","Corpse Explosion","Escape Plan","PanicButton","PiercingWail","Deadly Poison"],"relics":["Ring of the Snake","NeowsBlessing","Paper Crane","Smiling Mask","Empty Cage","Omamori"],"potions_floor_usage":[6,6,16,23],"damage_taken":[{"damage":0,"enemies":"Small Slimes","floor":1,"turns":1},{"damage":0,"enemies":"Cultist","floor":3,"turns":1},{"damage":0,"enemies":"Jaw Worm","floor":5,"turns":1},{"damage":20,"enemies":"Lagavulin","floor":6,"turns":6},{"damage":31,"enemies":"Large Slime","floor":8,"turns":11},{"damage":6,"enemies":"Exordium Thugs","floor":10,"turns":4},{"damage":0,"enemies":"Blue Slaver","floor":12,"turns":5},{"damage":31,"enemies":"The Guardian","floor":16,"turns":21},{"damage":12,"enemies":"3 Byrds","floor":18,"turns":3},{"damage":20,"enemies":"Shell Parasite","floor":21,"turns":8},{"damage":60,"enemies":"Slavers","floor":23,"turns":6},{"damage":38,"enemies":"Colosseum Slavers","floor":25,"turns":3}],"seed_played":"2871827417901823935","potions_obtained":[{"floor":3,"key":"Strength Potion"},{"floor":5,"key":"Weak Potion"},{"floor":10,"key":"Dexterity Potion"},{"floor":12,"key":"FairyPotion"},{"floor":18,"key":"Dexterity Potion"}],"is_trial":false,"path_per_floor":["M","$","M","?","M","E","R","M","T","M","?","M","?","?","R","B",null,"M","$","?","M","?","E","R","?"],"character_chosen":"THE_SILENT","items_purchased":["Terror","PanicButton"],"campfire_rested":2,"item_purchase_floors":[2,19],"current_hp_per_floor":[70,70,70,70,70,50,50,19,19,13,13,13,13,13,34,3,70,58,58,58,38,61,1,22,0],"gold":121,"neow_bonus":"THREE_ENEMY_KILL","is_prod":false,"is_daily":false,"chose_seed":false,"campfire_upgraded":1,"win_rate":0,"timestamp":1544345860,"path_taken":["M","$","M","?","M","E","R","M","T","?","?","?","?","?","R","BOSS","M","$","?","M","?","E","R","?"],"build_version":"2018-12-06","purchased_purges":1,"victory":false,"max_hp_per_floor":[70,70,70,70,70,70,70,70,70,70,70,70,70,70,70,70,70,70,70,70,70,70,70,70,70],"card_choices":[{"not_picked":["Bane","Concentrate"],"picked":"Sucker Punch","floor":1},{"not_picked":["Setup","Flying Knee"],"picked":"Prepared","floor":3},{"not_picked":["Accuracy","Underhanded Strike"],"picked":"Crippling Poison","floor":5},{"not_picked":["Dash","Acrobatics"],"picked":"Deflect","floor":6},{"not_picked":["Dagger Throw","Flying Knee"],"picked":"Prepared","floor":8},{"not_picked":["Poisoned Stab","Skewer"],"picked":"Dagger Spray","floor":10},{"not_picked":["Poisoned Stab","Calculated Gamble"],"picked":"Die Die Die","floor":12},{"not_picked":["Burst","Adrenaline"],"picked":"Corpse Explosion","floor":16},{"not_picked":["Flying Knee","Calculated Gamble"],"picked":"Escape Plan","floor":18},{"not_picked":["Riddle With Holes","Sucker Punch"],"picked":"PiercingWail","floor":21},{"not_picked":["Underhanded Strike+1","Blur"],"picked":"Deadly Poison","floor":23}],"player_experience":538481,"relics_obtained":[{"floor":6,"key":"Paper Crane"},{"floor":9,"key":"Smiling Mask"},{"floor":23,"key":"Omamori"}],"event_choices":[{"damage_healed":0,"gold_gain":0,"player_choice":"2 cards matched","damage_taken":0,"max_hp_gain":0,"max_hp_loss":0,"event_name":"Match and Keep!","floor":4,"gold_loss":0,"cards_obtained":["Neutralize","Enlightenment"]},{"damage_healed":0,"gold_gain":0,"cards_transformed":["Strike_G"],"player_choice":"Transformed","damage_taken":0,"max_hp_gain":0,"max_hp_loss":0,"event_name":"Transmorgrifier","floor":11,"gold_loss":0,"cards_obtained":["Bullet Time"]},{"damage_healed":0,"gold_gain":0,"player_choice":"Searched \u00270\u0027 times","damage_taken":0,"max_hp_gain":0,"max_hp_loss":0,"event_name":"Dead Adventurer","floor":13,"gold_loss":0},{"damage_healed":0,"gold_gain":0,"player_choice":"Left Gold","damage_taken":0,"max_hp_gain":0,"max_hp_loss":0,"event_name":"World of Goop","floor":14,"gold_loss":38},{"damage_healed":0,"gold_gain":0,"player_choice":"Ignored","damage_taken":0,"max_hp_gain":0,"max_hp_loss":0,"event_name":"The Mausoleum","floor":20,"gold_loss":0},{"damage_healed":23,"gold_gain":0,"player_choice":"Heal","damage_taken":0,"max_hp_gain":0,"max_hp_loss":0,"event_name":"The Library","floor":22,"gold_loss":0},{"damage_healed":0,"gold_gain":0,"player_choice":"Fight","damage_taken":0,"max_hp_gain":0,"max_hp_loss":0,"event_name":"Colosseum","floor":25,"gold_loss":0}],"is_beta":false,"boss_relics":[{"not_picked":["White Beast Statue","Black Star"],"picked":"Empty Cage"}],"items_purged_floors":[19],"is_endless":false,"potions_floor_spawned":[3,5,10,12,18],"killed_by":"Colosseum Slavers","ascension_level":3}