{"gold_per_floor":[13,13,88,88,107,142,153,7,59,71,82,92,92,125,125,224,224,242,142,155,30,30,30],"floor_reached":23,"playtime":1048,"items_purged":["Strike_R","Defend_R","Strike_R"],"score":231,"play_id":"583e7798-e75e-4c62-922a-efd59a1ef26c","local_time":"20190502123051","is_ascension_mode":true,"campfire_choices":[{"data":"Metallicize","floor":15,"key":"SMITH"}],"neow_cost":"NO_GOLD","seed_source_timestamp":822694336766200,"circlet_count":0,"master_deck":["Strike_R","Strike_R","Defend_R","Defend_R","Bash","Metallicize","Evolve","Shrug It Off","Metallicize+1","Rampage","Offering","Dual Wield"],"relics":["Burning Blood","Strawberry","Dream Catcher","Meat on the Bone","Singing Bowl","Ginger","Philosopher\u0027s Stone"],"potions_floor_usage":[10,16,16,20],"damage_taken":[{"damage":6,"enemies":"Small Slimes","floor":1,"turns":3},{"damage":0,"enemies":"2 Louse","floor":5,"turns":3},{"damage":52,"enemies":"Gremlin Nob","floor":6,"turns":5},{"damage":3,"enemies":"Cultist","floor":7,"turns":5},{"damage":36,"enemies":"Exordium Thugs","floor":10,"turns":10},{"damage":12,"enemies":"Large Slime","floor":11,"turns":9},{"damage":11,"enemies":"3 Louse","floor":12,"turns":6},{"damage":19,"enemies":"Lagavulin","floor":14,"turns":8},{"damage":38,"enemies":"Hexaghost","floor":16,"turns":12},{"damage":10,"enemies":"Chosen","floor":18,"turns":5},{"damage":32,"enemies":"2 Thieves","floor":20,"turns":4},{"damage":75,"enemies":"Slavers","floor":23,"turns":4}],"seed_played":"-8400659567740800986","potions_obtained":[{"floor":1,"key":"Fire Potion"},{"floor":7,"key":"Poison Potion"},{"floor":11,"key":"Strength Potion"},{"floor":14,"key":"FearPotion"},{"floor":16,"key":"PowerPotion"}],"is_trial":false,"path_per_floor":["M","?","?","?","M","E","M","$","T","M","M","M","T","E","R","B",null,"M","$","M","$","?","E"],"character_chosen":"IRONCLAD","items_purchased":["Metallicize"],"campfire_rested":0,"item_purchase_floors":[8],"current_hp_per_floor":[80,80,69,69,75,29,44,44,44,26,32,39,39,40,40,20,89,87,87,63,63,63,0],"gold":30,"neow_bonus":"REMOVE_TWO","is_prod":false,"is_daily":false,"chose_seed":false,"campfire_upgraded":1,"win_rate":0,"timestamp":1556814651,"path_taken":["M","?","?","?","M","E","M","$","T","M","?","M","?","E","R","BOSS","M","$","M","$","?","E"],"build_version":"2019-01-23","purchased_purges":3,"victory":false,"max_hp_per_floor":[80,87,87,87,87,87,87,87,87,87,87,87,87,89,89,89,89,91,91,93,93,93,93],"card_choices":[{"not_picked":["Ghostly Armor","Clash"],"picked":"Metallicize","floor":1},{"not_picked":["Twin Strike","Anger","Spot Weakness"],"picked":"SKIP","floor":5},{"not_picked":["Feel No Pain","Clash"],"picked":"Evolve","floor":6},{"not_picked":["Pommel Strike","Sentinel"],"picked":"Shrug It Off","floor":7},{"not_picked":["Armaments","Clothesline","Combust"],"picked":"SKIP","floor":10},{"not_picked":["Second Wind","Wild Strike","Disarm"],"picked":"SKIP","floor":11},{"not_picked":["Shrug It Off","Clash"],"picked":"Rampage","floor":12},{"not_picked":["Pommel Strike","Evolve","Blood for Blood"],"picked":"Singing Bowl","floor":14},{"not_picked":["Fiend Fire","Immolate"],"picked":"Offering","floor":16},{"not_picked":["Twin Strike+1","Ghostly Armor","Armaments+1"],"picked":"Singing Bowl","floor":18},{"not_picked":["Feel No Pain","Flex","Carnage"],"picked":"Singing Bowl","floor":20}],"player_experience":225900,"relics_obtained":[{"floor":6,"key":"Meat on the Bone"},{"floor":13,"key":"Singing Bowl"},{"floor":14,"key":"Ginger"}],"event_choices":[{"damage_healed":0,"gold_gain":0,"player_choice":"Success","damage_taken":7,"relics_obtained":["Strawberry"],"max_hp_gain":0,"max_hp_loss":0,"event_name":"Scrap Ooze","floor":2,"gold_loss":0},{"damage_healed":0,"gold_gain":75,"player_choice":"Gather Gold","damage_taken":11,"max_hp_gain":0,"max_hp_loss":0,"event_name":"World of Goop","floor":3,"gold_loss":0},{"damage_healed":0,"gold_gain":0,"player_choice":"Gave Potion","damage_taken":0,"relics_obtained":["Dream Catcher"],"max_hp_gain":0,"max_hp_loss":0,"event_name":"WeMeetAgain","floor":4,"gold_loss":0},{"damage_healed":0,"gold_gain":0,"player_choice":"Read","damage_taken":0,"max_hp_gain":0,"max_hp_loss":0,"event_name":"The Library","floor":22,"gold_loss":0,"cards_obtained":["Dual Wield"]}],"is_beta":false,"boss_relics":[{"not_picked":["Busted Crown","Runic Dome"],"picked":"Philosopher\u0027s Stone"}],"items_purged_floors":[8,19,21],"is_endless":false,"potions_floor_spawned":[1,7,11,14,16],"killed_by":"Slavers","ascension_level":3}