{"gold_per_floor":[112,112,29,45,45,89,39,78,78,78],"floor_reached":10,"playtime":328,"items_purged":[],"score":81,"play_id":"53115ffb-a769-44a9-940f-896db41ec537","local_time":"20190226131610","is_ascension_mode":true,"campfire_choices":[],"neow_cost":"NONE","seed_source_timestamp":151347315219145,"circlet_count":0,"master_deck":["Strike_R","Strike_R","Strike_R","Strike_R","Strike_R","Defend_R","Defend_R","Defend_R","Defend_R","Bash","Exhume","Dramatic Entrance","Pommel Strike","Searing Blow","Burning Pact"],"relics":["Burning Blood","Golden Idol","Bag of Preparation","Self Forming Clay","Pantograph"],"potions_floor_usage":[8,10],"damage_taken":[{"damage":6,"enemies":"Cultist","floor":1,"turns":4},{"damage":1,"enemies":"2 Louse","floor":4,"turns":2},{"damage":54,"enemies":"Lagavulin","floor":6,"turns":6},{"damage":28,"enemies":"Gremlin Nob","floor":8,"turns":4},{"damage":13,"enemies":"The Mushroom Lair","floor":10,"turns":2}],"seed_played":"-3813811751240820605","potions_obtained":[{"floor":4,"key":"Strength Potion"},{"floor":8,"key":"SkillPotion"}],"is_trial":false,"path_per_floor":["M","?","$","M","$","E","?","E","T","?"],"character_chosen":"IRONCLAD","items_purchased":["Dramatic Entrance"],"campfire_rested":0,"item_purchase_floors":[3],"current_hp_per_floor":[80,80,80,80,80,32,32,10,10,0],"gold":78,"neow_bonus":"ONE_RANDOM_RARE_CARD","is_prod":false,"is_daily":false,"chose_seed":false,"campfire_upgraded":0,"win_rate":0,"timestamp":1551204970,"path_taken":["M","?","$","M","$","E","?","E","T","?"],"build_version":"2019-01-23","purchased_purges":0,"victory":false,"max_hp_per_floor":[80,80,80,80,80,80,80,80,80,80],"card_choices":[{"not_picked":["Heavy Blade","Twin Strike","Perfected Strike"],"picked":"SKIP","floor":1},{"not_picked":["Heavy Blade","Armaments"],"picked":"Pommel Strike","floor":4},{"not_picked":["Dropkick","Twin Strike"],"picked":"Searing Blow","floor":6},{"not_picked":["Perfected Strike","Havoc"],"picked":"Burning Pact","floor":8}],"player_experience":131795,"relics_obtained":[{"floor":6,"key":"Bag of Preparation"},{"floor":8,"key":"Self Forming Clay"},{"floor":9,"key":"Pantograph"}],"event_choices":[{"damage_healed":0,"gold_gain":0,"player_choice":"Take Wound","damage_taken":0,"relics_obtained":["Golden Idol"],"max_hp_gain":0,"max_hp_loss":0,"event_name":"Golden Idol","floor":2,"gold_loss":0,"cards_obtained":["Injury"]},{"cards_removed":["Injury"],"damage_healed":0,"gold_gain":0,"player_choice":"Card Removal","damage_taken":0,"max_hp_gain":0,"max_hp_loss":0,"event_name":"The Cleric","floor":7,"gold_loss":50},{"damage_healed":0,"gold_gain":0,"player_choice":"Fought Mushrooms","damage_taken":0,"max_hp_gain":0,"max_hp_loss":0,"event_name":"Mushrooms","floor":10,"gold_loss":0}],"is_beta":false,"boss_relics":[],"items_purged_floors":[],"is_endless":false,"potions_floor_spawned":[4,8],"killed_by":"The Mushroom Lair","ascension_level":2}