{"gold_per_floor":[10,25,25,25,25,38,52,52,103,134,146,146,162,132,132,232,232,250,232,332,344,359,359,375,375,375,375,375],"floor_reached":28,"playtime":1460,"items_purged":[],"score":280,"play_id":"e0be3247-e1cd-4b28-b614-31a955bb65d9","local_time":"20181219213812","is_ascension_mode":true,"campfire_choices":[{"data":"Neutralize","floor":8,"key":"SMITH"},{"data":"Noxious Fumes","floor":12,"key":"SMITH"},{"floor":15,"key":"REST"},{"floor":23,"key":"REST"},{"floor":25,"key":"REST"}],"neow_cost":"NO_GOLD","seed_source_timestamp":640757587753268,"circlet_count":0,"master_deck":["Defend_G","Defend_G","Defend_G","Defend_G","Strike_G","Strike_G","Strike_G","Strike_G","Survivor","Neutralize+1","Well Laid Plans","Caltrops","Regret","Noxious Fumes+1","Prepared","Phantasmal Killer","Die Die Die","Bouncing Flask+1","Deadly Poison+1","Decay"],"relics":["Ring of the Snake","Bag of Preparation","Strawberry","Mango","Sozu","Gremlin Horn"],"potions_floor_usage":[11,13,21],"damage_taken":[{"damage":0,"enemies":"Jaw Worm","floor":1,"turns":5},{"damage":1,"enemies":"Small Slimes","floor":2,"turns":3},{"damage":7,"enemies":"2 Louse","floor":6,"turns":3},{"damage":1,"enemies":"Blue Slaver","floor":7,"turns":5},{"damage":40,"enemies":"3 Sentries","floor":10,"turns":8},{"damage":6,"enemies":"Large Slime","floor":11,"turns":8},{"damage":18,"enemies":"Lots of Slimes","floor":13,"turns":4},{"damage":0,"enemies":"Looter","floor":14,"turns":4},{"damage":42,"enemies":"The Guardian","floor":16,"turns":11},{"damage":33,"enemies":"Spheric Guardian","floor":18,"turns":6},{"damage":13,"enemies":"2 Thieves","floor":19,"turns":4},{"damage":18,"enemies":"Cultist and Chosen","floor":21,"turns":6},{"damage":23,"enemies":"Centurion and Healer","floor":22,"turns":6},{"damage":22,"enemies":"Snecko","floor":24,"turns":5},{"damage":36,"enemies":"Shelled Parasite and Fungi","floor":28,"turns":3}],"seed_played":"-4670272041887540099","potions_obtained":[{"floor":1,"key":"Ancient Potion"},{"floor":10,"key":"Block Potion"},{"floor":11,"key":"EssenceOfSteel"},{"floor":16,"key":"Poison Potion"}],"is_trial":false,"path_per_floor":["M","M","?","?","?","M","M","R","T","E","M","R","M","M","R","B",null,"M","M","?","M","M","R","M","R","T","?","M"],"character_chosen":"THE_SILENT","items_purchased":[],"campfire_rested":3,"item_purchase_floors":[],"current_hp_per_floor":[70,69,69,69,69,62,61,61,68,42,36,36,18,18,45,3,91,58,45,45,27,4,31,9,36,36,36,0],"gold":375,"neow_bonus":"REMOVE_TWO","is_prod":false,"is_daily":false,"chose_seed":false,"campfire_upgraded":2,"win_rate":0,"timestamp":1545273492,"path_taken":["M","M","?","?","?","M","M","R","T","E","?","R","M","M","R","BOSS","M","M","?","M","?","R","M","R","T","?","M"],"build_version":"2018-12-17","purchased_purges":0,"victory":false,"max_hp_per_floor":[70,70,70,70,70,70,70,70,77,91,91,91,91,91,91,91,91,91,91,91,91,91,91,91,91,91,91,91],"card_choices":[{"not_picked":["Masterful Stab","Acrobatics"],"picked":"Well Laid Plans","floor":1},{"not_picked":["Dodge and Roll","Acrobatics"],"picked":"Caltrops","floor":2},{"not_picked":["Predator","Catalyst","Underhanded Strike"],"picked":"SKIP","floor":6},{"not_picked":["Finisher","Dagger Spray"],"picked":"Noxious Fumes","floor":7},{"not_picked":["Dagger Spray","Dodge and Roll","Storm of Steel"],"picked":"SKIP","floor":10},{"not_picked":["Cloak And Dagger","Riddle With Holes"],"picked":"Prepared","floor":11},{"not_picked":["Dagger Spray","Accuracy","Skewer"],"picked":"SKIP","floor":13},{"not_picked":["Prepared","Flying Knee"],"picked":"Phantasmal Killer","floor":14},{"not_picked":["Venomology","Night Terror"],"picked":"Die Die Die","floor":16},{"not_picked":["Distraction","Outmaneuver"],"picked":"Bouncing Flask+1","floor":18},{"not_picked":["Outmaneuver","Well Laid Plans+1"],"picked":"Deadly Poison+1","floor":19},{"not_picked":["Quick Slash","Acrobatics","Underhanded Strike"],"picked":"SKIP","floor":21},{"not_picked":["Deflect","Predator+1","Outmaneuver"],"picked":"SKIP","floor":22},{"not_picked":["Bane","Dagger Throw","Distraction"],"picked":"SKIP","floor":24}],"player_experience":419747,"relics_obtained":[{"floor":9,"key":"Strawberry"},{"floor":10,"key":"Mango"},{"floor":26,"key":"Gremlin Horn"}],"event_choices":[{"damage_healed":0,"gold_gain":0,"player_choice":"Leave","damage_taken":0,"max_hp_gain":0,"max_hp_loss":0,"event_name":"The Cleric","floor":3,"gold_loss":0},{"damage_healed":0,"gold_gain":0,"player_choice":"Ignored","damage_taken":0,"max_hp_gain":0,"max_hp_loss":0,"event_name":"Liars Game","floor":4,"gold_loss":0},{"damage_healed":0,"gold_gain":0,"player_choice":"Box","damage_taken":0,"relics_obtained":["Bag of Preparation"],"max_hp_gain":0,"max_hp_loss":0,"event_name":"Big Fish","floor":5,"gold_loss":0,"cards_obtained":["Regret"]},{"damage_healed":0,"gold_gain":100,"player_choice":"Pray","damage_taken":0,"max_hp_gain":0,"max_hp_loss":0,"event_name":"Golden Shrine","floor":20,"gold_loss":0},{"damage_healed":0,"gold_gain":0,"player_choice":"Smashed Altar","damage_taken":0,"max_hp_gain":0,"max_hp_loss":0,"event_name":"Forgotten Altar","floor":27,"gold_loss":0,"cards_obtained":["Decay"]}],"is_beta":true,"boss_relics":[{"not_picked":["Philosopher\u0027s Stone","Empty Cage"],"picked":"Sozu"}],"items_purged_floors":[],"is_endless":false,"potions_floor_spawned":[1,10,11,16,21,22,24],"killed_by":"Shelled Parasite and Fungi","ascension_level":3}