{"gold_per_floor":[110,123,99,109,59,59,88,88,143,143,1,1,19,35,35,35],"floor_reached":16,"playtime":1215,"items_purged":[],"score":100,"play_id":"b6f98040-5fa8-46b7-8142-49510ec313e9","local_time":"20181206231545","is_ascension_mode":false,"campfire_choices":[{"data":"Neutralize","floor":6,"key":"SMITH"},{"floor":8,"key":"REST"},{"data":"Sucker Punch","floor":10,"key":"SMITH"},{"floor":15,"key":"REST"}],"neow_cost":"NONE","seed_source_timestamp":292279299702743,"circlet_count":0,"master_deck":["Defend_G","Defend_G","Defend_G","Defend_G","Defend_G","Strike_G","Strike_G","Strike_G","Strike_G","Survivor","Neutralize+1","Flying Knee","Sucker Punch+1","Poisoned Stab","Sucker Punch","Footwork","PiercingWail","Outmaneuver"],"relics":["Ring of the Snake","NeowsBlessing","Lantern","Tiny Chest"],"potions_floor_usage":[16,16],"damage_taken":[{"damage":0,"enemies":"Cultist","floor":1,"turns":1},{"damage":0,"enemies":"2 Louse","floor":2,"turns":1},{"damage":0,"enemies":"Small Slimes","floor":4,"turns":1},{"damage":30,"enemies":"Gremlin Nob","floor":7,"turns":6},{"damage":3,"enemies":"Gremlin Gang","floor":13,"turns":6},{"damage":0,"enemies":"2 Fungi Beasts","floor":14,"turns":4},{"damage":78,"enemies":"Slime Boss","floor":16,"turns":15}],"seed_played":"-4951892577967808315","potions_obtained":[{"floor":7,"key":"Block Potion"},{"floor":13,"key":"LiquidBronze"}],"is_trial":false,"path_per_floor":["M","M","?","M","?","R","E","R","T","R","$","?","M","M","R","B"],"character_chosen":"THE_SILENT","items_purchased":["Footwork","GamblersBrew"],"campfire_rested":2,"item_purchase_floors":[11,11],"current_hp_per_floor":[70,70,70,70,70,70,40,61,61,61,61,61,58,58,70,0],"gold":35,"neow_bonus":"THREE_ENEMY_KILL","is_prod":false,"is_daily":false,"chose_seed":false,"campfire_upgraded":2,"win_rate":0,"timestamp":1544156145,"path_taken":["M","M","?","M","?","R","E","R","T","R","$","?","?","M","R","BOSS"],"build_version":"2018-12-06","purchased_purges":0,"victory":false,"max_hp_per_floor":[70,70,70,70,70,70,70,70,70,70,70,70,70,70,70,70],"card_choices":[{"not_picked":["Poisoned Stab","Eviscerate"],"picked":"Flying Knee","floor":1},{"not_picked":["Dagger Throw","Quick Slash"],"picked":"Sucker Punch","floor":2},{"not_picked":["Slice","Sucker Punch"],"picked":"Poisoned Stab","floor":4},{"not_picked":["Dagger Spray","Masterful Stab"],"picked":"Sucker Punch","floor":7},{"not_picked":["Bouncing Flask","Escape Plan"],"picked":"PiercingWail","floor":13},{"not_picked":["Predator","Dagger Throw"],"picked":"Outmaneuver","floor":14}],"player_experience":401896,"relics_obtained":[{"floor":7,"key":"Lantern"},{"floor":9,"key":"Tiny Chest"}],"event_choices":[{"damage_healed":0,"gold_gain":0,"player_choice":"Left Gold","damage_taken":0,"max_hp_gain":0,"max_hp_loss":0,"event_name":"World of Goop","floor":3,"gold_loss":24},{"cards_removed":["Strike_G"],"damage_healed":0,"gold_gain":0,"player_choice":"Card Removal","damage_taken":0,"max_hp_gain":0,"max_hp_loss":0,"event_name":"The Cleric","floor":5,"gold_loss":50},{"damage_healed":0,"gold_gain":0,"player_choice":"Ignored","damage_taken":0,"max_hp_gain":0,"max_hp_loss":0,"event_name":"NoteForYourself","floor":12,"gold_loss":0}],"is_beta":true,"boss_relics":[],"items_purged_floors":[],"is_endless":false,"potions_floor_spawned":[7,13],"killed_by":"Slime Boss","ascension_level":0}