{"gold_per_floor":[109,3,48,67,26,26,56,74,99,99,117,117,117,144,144,249,249,264,275,275,4,4,4,37,61,61,86,86],"floor_reached":28,"playtime":1264,"items_purged":["Strike_G"],"score":330,"play_id":"ec293e1f-fc59-4839-a324-3624f0ff9817","local_time":"20190509140227","is_ascension_mode":true,"campfire_choices":[{"data":"Caltrops","floor":6,"key":"SMITH"},{"data":"Noxious Fumes","floor":10,"key":"SMITH"},{"data":"Poisoned Stab","floor":12,"key":"SMITH"},{"data":"Doppelganger","floor":15,"key":"SMITH"},{"data":"RitualDagger","floor":23,"key":"SMITH"}],"neow_cost":"NONE","seed_source_timestamp":244012376344600,"circlet_count":0,"master_deck":["Defend_G","Defend_G","Defend_G","Defend_G","Defend_G","Strike_G","Strike_G","Strike_G","Strike_G","Survivor","Neutralize","Noxious Fumes+1","Infinite Blades","Escape Plan","PiercingWail","Caltrops+1","Deflect","Dodge and Roll","Poisoned Stab+1","Doppelganger+1","Neutralize","Acrobatics","Burst","Dodge and Roll","Dodge and Roll","RitualDagger+1","Endless Agony+1"],"relics":["Ring of the Snake","NeowsBlessing","Vajra","Ginger","Juzu Bracelet","Runic Pyramid","Strange Spoon","PreservedInsect","Smiling Mask","Tough Bandages","Bag of Preparation"],"potions_floor_usage":[],"damage_taken":[{"damage":0,"enemies":"Cultist","floor":1,"turns":1},{"damage":0,"enemies":"2 Louse","floor":4,"turns":1},{"damage":0,"enemies":"3 Sentries","floor":7,"turns":2},{"damage":2,"enemies":"Small Slimes","floor":8,"turns":3},{"damage":2,"enemies":"Exordium Wildlife","floor":11,"turns":3},{"damage":15,"enemies":"Lagavulin","floor":14,"turns":7},{"damage":14,"enemies":"Hexaghost","floor":16,"turns":8},{"damage":14,"enemies":"2 Thieves","floor":18,"turns":4},{"damage":6,"enemies":"Shell Parasite","floor":19,"turns":5},{"damage":23,"enemies":"Book of Stabbing","floor":24,"turns":6},{"damage":37,"enemies":"Slavers","floor":27,"turns":6},{"damage":8,"enemies":"Centurion and Healer","floor":28,"turns":2}],"seed_played":"-8969431701764036204","potions_obtained":[{"floor":1,"key":"GamblersBrew"},{"floor":4,"key":"Energy Potion"},{"floor":19,"key":"SkillPotion"},{"floor":24,"key":"GhostInAJar"}],"is_trial":false,"path_per_floor":["M","$","T","M","$","R","E","M","T","R","M","R","?","E","R","B",null,"M","M","?","$","?","R","E","T","T","E","M"],"character_chosen":"THE_SILENT","items_purchased":["Infinite Blades","Escape Plan","Caltrops","Strange Spoon"],"campfire_rested":0,"item_purchase_floors":[2,2,5,21],"current_hp_per_floor":[70,70,70,70,70,70,70,68,68,68,66,66,66,51,51,37,70,56,50,44,44,67,67,44,44,44,7,0],"gold":86,"neow_bonus":"THREE_ENEMY_KILL","is_prod":false,"is_daily":false,"chose_seed":false,"campfire_upgraded":5,"win_rate":0,"timestamp":1557390747,"path_taken":["M","$","?","?","?","R","E","M","T","R","?","R","?","E","R","BOSS","M","M","?","$","?","R","E","?","T","E","M"],"build_version":"2019-01-23","purchased_purges":1,"victory":false,"max_hp_per_floor":[70,70,70,70,70,70,70,70,70,70,70,70,70,70,70,70,70,70,70,70,70,70,70,70,70,70,70,70],"card_choices":[{"not_picked":["Choke","Poisoned Stab"],"picked":"Noxious Fumes","floor":1},{"not_picked":["Distraction","Outmaneuver"],"picked":"PiercingWail","floor":4},{"not_picked":["Underhanded Strike","Acrobatics"],"picked":"Deflect","floor":7},{"not_picked":["Blade Dance","Quick Slash"],"picked":"Dodge and Roll","floor":8},{"not_picked":["Heel Hook","Dodge and Roll"],"picked":"Poisoned Stab","floor":11},{"not_picked":["Predator","Flying Knee"],"picked":"Acrobatics","floor":14},{"not_picked":["Wraith Form v2","Doppelganger"],"picked":"Burst","floor":16},{"not_picked":["Acrobatics","Predator+1"],"picked":"Dodge and Roll","floor":18},{"not_picked":["Leg Sweep","Deflect"],"picked":"Dodge and Roll","floor":19},{"not_picked":["Blade Dance","Reflex"],"picked":"Endless Agony+1","floor":24},{"not_picked":["Prepared","Acrobatics+1","Dagger Throw"],"picked":"SKIP","floor":27}],"player_experience":158583,"relics_obtained":[{"floor":3,"key":"Vajra"},{"floor":7,"key":"Ginger"},{"floor":14,"key":"Juzu Bracelet"},{"floor":24,"key":"PreservedInsect"},{"floor":25,"key":"Smiling Mask"},{"floor":26,"key":"Tough Bandages"},{"floor":27,"key":"Bag of Preparation"}],"event_choices":[{"damage_healed":0,"gold_gain":0,"player_choice":"2 cards matched","damage_taken":0,"max_hp_gain":0,"max_hp_loss":0,"event_name":"Match and Keep!","floor":13,"gold_loss":0,"cards_obtained":["Doppelganger","Neutralize"]},{"damage_healed":0,"gold_gain":0,"player_choice":"Joined the Cult","damage_taken":6,"max_hp_gain":0,"max_hp_loss":0,"event_name":"Nest","floor":20,"gold_loss":0,"cards_obtained":["RitualDagger"]},{"damage_healed":23,"gold_gain":0,"player_choice":"Heal","damage_taken":0,"max_hp_gain":0,"max_hp_loss":0,"event_name":"The Library","floor":22,"gold_loss":0}],"is_beta":false,"boss_relics":[{"not_picked":["HoveringKite","Pandora\u0027s Box"],"picked":"Runic Pyramid"}],"items_purged_floors":[21],"is_endless":false,"potions_floor_spawned":[1,4,19,24],"killed_by":"Centurion and Healer","ascension_level":3}