{"gold_per_floor":[113,113,127,28,28,55,55,66,66,91,103,103,117,150,150,250,250,231,231,231,0,14,14,33,49,49,49,74,92,92,111,111,111],"floor_reached":33,"playtime":1503,"items_purged":["Strike_G+1"],"score":438,"play_id":"2c16f90d-9067-4a1b-ade5-4c658f98b82f","local_time":"20190331183509","is_ascension_mode":true,"campfire_choices":[{"data":"Cloak And Dagger","floor":7,"key":"SMITH"},{"data":"Footwork","floor":12,"key":"SMITH"},{"floor":15,"key":"REST"},{"floor":23,"key":"RECALL"},{"floor":27,"key":"REST"},{"floor":32,"key":"REST"}],"neow_cost":"NONE","seed_source_timestamp":181622438739110,"circlet_count":0,"master_deck":["Defend_G+1","Defend_G+1","Defend_G+1","Defend_G+1","Defend_G+1","Strike_G+1","Strike_G+1","Strike_G+1","Survivor","Neutralize+1","Deflect","Cloak And Dagger+1","Slice+1","Footwork+1","Dash+1","Adrenaline","Choke+1","Night Terror","Deflect+1","Backstab+1","Die Die Die+1","Expertise+1","Caltrops"],"relics":["Ring of the Snake","NeowsBlessing","Molten Egg 2","Bottled Tornado","Orichalcum","Incense Burner","Fusion Hammer","Letter Opener","Whetstone"],"potions_floor_usage":[14,14,16,33,33,33],"damage_taken":[{"damage":0,"enemies":"Small Slimes","floor":1,"turns":1},{"damage":0,"enemies":"Jaw Worm","floor":3,"turns":1},{"damage":0,"enemies":"Gremlin Nob","floor":6,"turns":1},{"damage":1,"enemies":"2 Louse","floor":8,"turns":3},{"damage":13,"enemies":"3 Sentries","floor":10,"turns":16},{"damage":0,"enemies":"Lots of Slimes","floor":11,"turns":6},{"damage":0,"enemies":"3 Louse","floor":13,"turns":3},{"damage":6,"enemies":"Gremlin Nob","floor":14,"turns":4},{"damage":24,"enemies":"Slime Boss","floor":16,"turns":14},{"damage":9,"enemies":"2 Thieves","floor":18,"turns":4},{"damage":0,"enemies":"Shell Parasite","floor":22,"turns":4},{"damage":21,"enemies":"Snake Plant","floor":24,"turns":4},{"damage":0,"enemies":"Centurion and Healer","floor":25,"turns":4},{"damage":0,"enemies":"Slavers","floor":28,"turns":4},{"damage":0,"enemies":"Sentry and Sphere","floor":29,"turns":6},{"damage":0,"enemies":"Cultist and Chosen","floor":31,"turns":3},{"damage":83,"enemies":"Champ","floor":33,"turns":18}],"seed_played":"2498038541343781801","potions_obtained":[{"floor":3,"key":"Block Potion"},{"floor":10,"key":"PowerPotion"},{"floor":11,"key":"Energy Potion"},{"floor":25,"key":"GhostInAJar"},{"floor":29,"key":"AttackPotion"}],"is_trial":false,"path_per_floor":["M","?","M","$","?","E","R","M","T","E","M","R","M","E","R","B",null,"M","?","?","$","M","R","M","M","T","R","E","M","?","M","R","B"],"character_chosen":"THE_SILENT","items_purchased":["Slice","Footwork","Backstab+1","Regen Potion"],"campfire_rested":3,"item_purchase_floors":[4,4,21,21],"current_hp_per_floor":[63,56,56,56,56,56,56,55,55,42,42,42,42,36,57,33,61,52,52,70,70,70,70,49,49,49,70,70,70,63,63,70,0],"gold":111,"neow_bonus":"THREE_ENEMY_KILL","is_prod":false,"is_daily":false,"chose_seed":false,"campfire_upgraded":2,"win_rate":0,"timestamp":1554028509,"path_taken":["M","?","M","$","?","E","R","M","T","E","M","R","M","E","R","BOSS","M","?","?","?","M","R","M","M","T","R","E","M","?","?","R","BOSS"],"build_version":"2019-01-23","purchased_purges":1,"victory":false,"max_hp_per_floor":[70,70,70,70,70,70,70,70,70,70,70,70,70,70,70,70,70,70,70,70,70,70,70,70,70,70,70,70,70,70,70,70,70],"card_choices":[{"not_picked":["Backstab","Flying Knee"],"picked":"Deflect","floor":1},{"not_picked":["Deadly Poison","Dodge and Roll"],"picked":"Cloak And Dagger","floor":3},{"not_picked":["Deadly Poison","Underhanded Strike","Heel Hook"],"picked":"SKIP","floor":6},{"not_picked":["Blade Dance","Slice+1","Outmaneuver"],"picked":"SKIP","floor":8},{"not_picked":["Calculated Gamble","Sucker Punch+1"],"picked":"Dash+1","floor":10},{"not_picked":["Backflip","Bane+1"],"picked":"Adrenaline","floor":11},{"not_picked":["Flechettes+1","Poisoned Stab+1"],"picked":"Choke+1","floor":13},{"not_picked":["Deflect","Heel Hook+1","Escape Plan"],"picked":"SKIP","floor":14},{"not_picked":["Glass Knife+1","Tools of the Trade"],"picked":"Night Terror","floor":16},{"not_picked":["Dagger Spray+1","Dash+1"],"picked":"Deflect+1","floor":18},{"not_picked":["Deadly Poison","Backflip"],"picked":"Die Die Die+1","floor":22},{"not_picked":["Quick Slash+1","Dodge and Roll"],"picked":"Expertise+1","floor":24},{"not_picked":["Deflect","PiercingWail","Slice+1"],"picked":"SKIP","floor":25},{"not_picked":["Cloak And Dagger+1","Skewer+1"],"picked":"Caltrops","floor":28},{"not_picked":["Outmaneuver","PiercingWail","Predator+1"],"picked":"SKIP","floor":29},{"not_picked":["Bouncing Flask+1","Bane+1","Calculated Gamble"],"picked":"SKIP","floor":31}],"player_experience":710640,"relics_obtained":[{"floor":6,"key":"Molten Egg 2"},{"floor":9,"key":"Bottled Tornado"},{"floor":10,"key":"Orichalcum"},{"floor":14,"key":"Incense Burner"},{"floor":26,"key":"Letter Opener"},{"floor":28,"key":"Whetstone"}],"event_choices":[{"cards_removed":["Strike_G"],"damage_healed":0,"gold_gain":0,"player_choice":"Card Removal","damage_taken":7,"max_hp_gain":0,"max_hp_loss":0,"event_name":"Golden Wing","floor":2,"gold_loss":0},{"damage_healed":0,"gold_gain":0,"player_choice":"Grow","damage_taken":0,"max_hp_gain":0,"max_hp_loss":0,"event_name":"Living Wall","floor":5,"gold_loss":0,"cards_upgraded":["Neutralize"]},{"damage_healed":0,"gold_gain":0,"player_choice":"Simplicity","damage_taken":0,"max_hp_gain":0,"max_hp_loss":0,"event_name":"Back to Basics","floor":19,"gold_loss":0,"cards_upgraded":["Defend_G","Defend_G","Defend_G","Defend_G","Defend_G","Strike_G","Strike_G","Strike_G","Strike_G"]},{"damage_healed":23,"gold_gain":0,"player_choice":"Heal","damage_taken":0,"max_hp_gain":0,"max_hp_loss":0,"event_name":"The Library","floor":20,"gold_loss":0},{"damage_healed":0,"gold_gain":0,"player_choice":"","damage_taken":7,"max_hp_gain":0,"max_hp_loss":0,"event_name":"Knowing Skull","floor":30,"potions_obtained":[],"gold_loss":0,"cards_obtained":[]}],"is_beta":false,"boss_relics":[{"not_picked":["Coffee Dripper","Black Star"],"picked":"Fusion Hammer"}],"items_purged_floors":[21],"is_endless":false,"potions_floor_spawned":[3,10,11,25,29,31],"killed_by":"Champ","ascension_level":6}