{"gold_per_floor":[115,115,133,133,151,222,222,242,242,192,39,79,79,79,79,79],"floor_reached":16,"playtime":777,"items_purged":[],"score":119,"play_id":"7bc3dccd-d3b3-4308-9b55-8a8109b320be","local_time":"20190309132103","is_ascension_mode":true,"campfire_choices":[{"floor":7,"key":"RECALL"},{"floor":15,"key":"REST"}],"neow_cost":"NONE","seed_source_timestamp":1101577061233712,"circlet_count":0,"master_deck":["Strike_R","Strike_R+1","Strike_R","Defend_R","Defend_R+1","Defend_R","Bash","Headbutt","Demon Form","Shrug It Off","Cleave","Entrench","Corruption","Armaments"],"relics":["Burning Blood","NeowsBlessing","Golden Idol","Tiny Chest","Dream Catcher","PreservedInsect","Darkstone Periapt"],"potions_floor_usage":[],"damage_taken":[{"damage":0,"enemies":"2 Louse","floor":1,"turns":1},{"damage":0,"enemies":"Jaw Worm","floor":3,"turns":1},{"damage":0,"enemies":"Small Slimes","floor":5,"turns":1},{"damage":26,"enemies":"Gremlin Nob","floor":6,"turns":5},{"damage":19,"enemies":"2 Fungi Beasts","floor":8,"turns":5},{"damage":20,"enemies":"Lagavulin","floor":12,"turns":5},{"damage":29,"enemies":"Hexaghost","floor":16,"turns":9}],"seed_played":"-3939673865905141715","potions_obtained":[{"floor":6,"key":"SpeedPotion"},{"floor":8,"key":"LiquidBronze"}],"is_trial":false,"path_per_floor":["M","?","M","?","M","E","R","M","T","?","$","E","?","?","R","B"],"character_chosen":"IRONCLAD","items_purchased":["PreservedInsect"],"campfire_rested":1,"item_purchase_floors":[11],"current_hp_per_floor":[80,60,66,50,56,36,36,23,23,23,23,9,2,2,26,0],"gold":79,"neow_bonus":"THREE_ENEMY_KILL","is_prod":false,"is_daily":false,"chose_seed":false,"campfire_upgraded":0,"win_rate":0,"timestamp":1552155663,"path_taken":["M","?","M","?","M","E","R","M","T","?","?","E","?","?","R","BOSS"],"build_version":"2019-01-23","purchased_purges":0,"victory":false,"max_hp_per_floor":[80,80,80,80,80,80,80,80,80,80,80,80,80,80,80,80],"card_choices":[{"not_picked":["Pommel Strike","Sword Boomerang"],"picked":"Headbutt","floor":1},{"not_picked":["Clash","Anger","True Grit"],"picked":"SKIP","floor":3},{"not_picked":["Thunderclap","Battle Trance"],"picked":"Demon Form","floor":5},{"not_picked":["Carnage","Pommel Strike"],"picked":"Shrug It Off","floor":6},{"not_picked":["Corruption","Anger"],"picked":"Cleave","floor":8},{"not_picked":["Sever Soul","Bludgeon"],"picked":"Entrench","floor":12},{"not_picked":["Reckless Charge","Thunderclap"],"picked":"Armaments","floor":15}],"player_experience":165979,"relics_obtained":[{"floor":6,"key":"Tiny Chest"},{"floor":9,"key":"Dream Catcher"},{"floor":12,"key":"Darkstone Periapt"}],"event_choices":[{"damage_healed":0,"gold_gain":0,"player_choice":"Take Damage","damage_taken":20,"relics_obtained":["Golden Idol"],"max_hp_gain":0,"max_hp_loss":0,"event_name":"Golden Idol","floor":2,"gold_loss":0},{"damage_healed":0,"gold_gain":0,"player_choice":"Entered Light","damage_taken":16,"max_hp_gain":0,"max_hp_loss":0,"event_name":"Shining Light","floor":4,"gold_loss":0,"cards_upgraded":["Defend_R","Strike_R"]},{"cards_removed":["Strike_R"],"damage_healed":0,"gold_gain":0,"player_choice":"Card Removal","damage_taken":0,"max_hp_gain":0,"max_hp_loss":0,"event_name":"The Cleric","floor":10,"gold_loss":50},{"cards_removed":["Strike_R"],"damage_healed":0,"gold_gain":0,"player_choice":"Card Removal","damage_taken":7,"max_hp_gain":0,"max_hp_loss":0,"event_name":"Golden Wing","floor":13,"gold_loss":0},{"damage_healed":0,"gold_gain":0,"cards_transformed":["Defend_R"],"player_choice":"Change","damage_taken":0,"max_hp_gain":0,"max_hp_loss":0,"event_name":"Living Wall","floor":14,"gold_loss":0,"cards_obtained":["Corruption"]}],"is_beta":false,"boss_relics":[],"items_purged_floors":[],"is_endless":false,"potions_floor_spawned":[6,8],"killed_by":"Hexaghost","ascension_level":2}