{"gold_per_floor":[112,37,212,229,241,241,267,281,331,331,350,350,368,381,381,486,486,503,130,150,150,150,210,67,93,93,111,111,123,73,88,88,185,185,201,161,111,111,130,130,141,141],"floor_reached":42,"playtime":2236,"items_purged":["Strike_B","Doubt","Defend_B","Writhe"],"score":579,"play_id":"456ca3d3-ffa4-4b9b-b4d8-9dd11836b96e","local_time":"20181011114813","is_ascension_mode":true,"campfire_choices":[{"data":"Hyperbeam","floor":6,"key":"SMITH"},{"data":"Beam Cell","floor":10,"key":"SMITH"},{"data":"Hologram","floor":12,"key":"SMITH"},{"data":"Conserve Battery","floor":15,"key":"SMITH"},{"data":"Seek","floor":28,"key":"SMITH"},{"floor":32,"key":"REST"},{"floor":40,"key":"DIG"}],"neow_cost":"NONE","seed_source_timestamp":47915382061370,"circlet_count":0,"master_deck":["Strike_B","Strike_B","Strike_B","Defend_B","Defend_B","Defend_B","Zap","Dualcast","Hyperbeam+1","BootSequence","Conserve Battery+1","Steam","Beam Cell+1","Hologram+1","Steam","Sweeping Beam","Seek+1","Auto Shields","Genetic Algorithm","Leap","Echo Form","Rebound","Panacea","Madness"],"relics":["Cracked Core","Sundial","Omamori","Busted Crown","Lee\u0027s Waffle","Anchor","Tiny Chest","Smiling Mask","Gremlin Horn","Calling Bell","Blood Vial","Matryoshka","Shovel","Ancient Tea Set"],"potions_floor_usage":[7,16,16,18,23,27,31,35,41,42,42],"damage_taken":[{"damage":0,"enemies":"Small Slimes","floor":1,"turns":1},{"damage":0,"enemies":"2 Louse","floor":4,"turns":1},{"damage":0,"enemies":"Cultist","floor":5,"turns":3},{"damage":4,"enemies":"Gremlin Nob","floor":7,"turns":3},{"damage":0,"enemies":"Gremlin Gang","floor":8,"turns":1},{"damage":2,"enemies":"Large Slime","floor":11,"turns":3},{"damage":0,"enemies":"Exordium Wildlife","floor":13,"turns":2},{"damage":3,"enemies":"Blue Slaver","floor":14,"turns":2},{"damage":24,"enemies":"Slime Boss","floor":16,"turns":9},{"damage":26,"enemies":"Spheric Guardian","floor":18,"turns":6},{"damage":0,"enemies":"Chosen","floor":20,"turns":3},{"damage":6,"enemies":"Colosseum Slavers","floor":22,"turns":4},{"damage":0,"enemies":"Slavers","floor":23,"turns":3},{"damage":0,"enemies":"3 Cultists","floor":27,"turns":3},{"damage":0,"enemies":"Chosen and Byrds","floor":29,"turns":3},{"damage":19,"enemies":"Snake Plant","floor":31,"turns":4},{"damage":36,"enemies":"Champ","floor":33,"turns":10},{"damage":0,"enemies":"Orb Walker","floor":35,"turns":2},{"damage":8,"enemies":"3 Darklings","floor":39,"turns":6},{"damage":34,"enemies":"Maw","floor":41,"turns":8},{"damage":31,"enemies":"Sphere and 2 Shapes","floor":42,"turns":4}],"seed_played":"-2625817311483986056","potions_obtained":[{"floor":1,"key":"Energy Potion"},{"floor":4,"key":"Block Potion"},{"floor":8,"key":"Fire Potion"},{"floor":11,"key":"Block Potion"},{"floor":16,"key":"Strength Potion"},{"floor":20,"key":"Explosive Potion"},{"floor":27,"key":"Swift Potion"},{"floor":33,"key":"Swift Potion"},{"floor":36,"key":"GamblersBrew"},{"floor":36,"key":"Poison Potion"},{"floor":36,"key":"Weak Potion"},{"floor":41,"key":"SteroidPotion"}],"is_trial":false,"path_per_floor":["M","$","?","M","M","R","E","M","T","R","M","R","M","M","R","B",null,"M","$","M","?","?","E","$","T","T","M","R","M","$","M","R","B",null,"M","?","$","?","M","R","M"],"character_chosen":"DEFECT","items_purchased":["Lee\u0027s Waffle","Genetic Algorithm","Echo Form"],"campfire_rested":1,"item_purchase_floors":[19,19,24],"current_hp_per_floor":[68,68,68,68,68,68,64,64,64,64,62,62,62,59,59,35,65,39,82,82,82,76,76,76,76,76,76,76,76,76,57,81,45,73,75,75,75,65,59,59,27,0],"gold":141,"neow_bonus":"ONE_RANDOM_RARE_CARD","is_prod":false,"is_daily":false,"chose_seed":false,"campfire_upgraded":5,"win_rate":0,"timestamp":1539272893,"path_taken":["M","$","?","?","M","R","E","M","T","R","?","R","M","M","R","BOSS","M","$","M","?","?","E","$","?","T","M","R","M","$","M","R","BOSS","M","?","$","?","M","R","?","M"],"build_version":"2018-10-10","purchased_purges":4,"victory":false,"max_hp_per_floor":[75,75,75,75,75,75,75,75,75,75,75,75,75,75,75,75,75,75,82,82,82,82,82,82,82,82,82,82,82,82,82,82,82,82,82,82,82,82,82,82,82,82],"card_choices":[{"not_picked":["Recycle","Streamline"],"picked":"BootSequence","floor":1},{"not_picked":["Static Discharge","Streamline"],"picked":"Conserve Battery","floor":4},{"not_picked":["Redo","Compile Driver"],"picked":"Steam","floor":5},{"not_picked":["Redo","Chill","Tempest"],"picked":"SKIP","floor":7},{"not_picked":["Turbo","Hologram"],"picked":"Beam Cell","floor":8},{"not_picked":["Storm","Coolheaded"],"picked":"Hologram","floor":11},{"not_picked":["Coolheaded","Redo"],"picked":"Steam","floor":13},{"not_picked":["Barrage","Biased Cognition"],"picked":"Sweeping Beam","floor":14},{"not_picked":["Meteor Strike","Buffer"],"picked":"Seek","floor":16},{"not_picked":[],"picked":"Auto Shields","floor":18},{"not_picked":[],"picked":"Leap","floor":20},{"not_picked":["Reprogram"],"picked":"SKIP","floor":23},{"not_picked":["Reprogram"],"picked":"SKIP","floor":23},{"not_picked":["Capacitor"],"picked":"SKIP","floor":27},{"not_picked":["Steam+1"],"picked":"SKIP","floor":29},{"not_picked":[],"picked":"Rebound","floor":31},{"not_picked":["Ball Lightning"],"picked":"SKIP","floor":35},{"not_picked":[],"picked":"Panacea","floor":38},{"not_picked":[],"picked":"Madness","floor":38},{"not_picked":["Glacier"],"picked":"SKIP","floor":39},{"not_picked":["Compile Driver"],"picked":"SKIP","floor":41}],"player_experience":327343,"relics_obtained":[{"floor":7,"key":"Sundial"},{"floor":9,"key":"Omamori"},{"floor":23,"key":"Tiny Chest"},{"floor":25,"key":"Smiling Mask"},{"floor":26,"key":"Gremlin Horn"},{"floor":34,"key":"Blood Vial"},{"floor":34,"key":"Matryoshka"},{"floor":34,"key":"Shovel"},{"floor":40,"key":"Ancient Tea Set"}],"event_choices":[{"event_name":"Liars Game","player_choice":"agreed","floor":3,"damage_taken":0},{"event_name":"The Mausoleum","player_choice":"Yes","floor":21,"damage_taken":0},{"event_name":"Colosseum","player_choice":"Fight","floor":22,"damage_taken":0},{"event_name":"Colosseum","player_choice":"Fled From Nobs","floor":22,"damage_taken":0},{"event_name":"The Woman in Blue","player_choice":"Bought 3 Potions","floor":36,"damage_taken":0},{"event_name":"SensoryStone","player_choice":"Memory 3","floor":38,"damage_taken":0}],"is_beta":true,"boss_relics":[{"not_picked":["FrozenCore","Velvet Choker"],"picked":"Busted Crown"},{"not_picked":["Fusion Hammer","Nuclear Battery"],"picked":"Calling Bell"}],"items_purged_floors":[2,19,30,37],"is_endless":false,"potions_floor_spawned":[1,4,8,11,16,20,22,27,33,41],"killed_by":"Sphere and 2 Shapes","ascension_level":6}