{"gold_per_floor":[119,119,131,146,146,146,177,177,245,256,285,296,325,336,336,435,435,454,454,404,424,47,74,74,93,143,143,154,186,217,217,217,313,313,333,333,283,332,350,350,381,394,419,433,39,68,81,112,112,112,112,112,62,97,97],"floor_reached":56,"playtime":2645,"items_purged":["Pain","Strike_R","Strike_R","Strike_R"],"score":1680,"play_id":"e1d2eca9-f96a-499c-8eb4-0d3d2a165412","local_time":"20181120200148","is_ascension_mode":true,"campfire_choices":[{"data":"Bash","floor":6,"key":"SMITH"},{"data":"Body Slam","floor":15,"key":"SMITH"},{"data":"Offering","floor":24,"key":"SMITH"},{"floor":27,"key":"REST"},{"data":"Disarm","floor":32,"key":"SMITH"},{"floor":40,"key":"RECALL"},{"floor":49,"key":"REST"},{"data":"Barricade","floor":52,"key":"SMITH"}],"neow_cost":"NONE","seed_source_timestamp":431711856451349,"circlet_count":0,"master_deck":["Strike_R","Strike_R","Defend_R","Defend_R","Defend_R","Defend_R","Bash+1","Headbutt","Pommel Strike","Cleave","Impervious","Body Slam+1","Impervious","Offering+1","Entrench+1","Offering+1","Rampage+1","Master of Strategy+1","Body Slam+1","Disarm+1","Barricade+1","Seeing Red+1","Burning Pact+1","Impervious","Warcry+1"],"relics":["Burning Blood","Potion Belt","Bag of Marbles","Orichalcum","WarpedTongs","Blue Candle","Smiling Mask","Pen Nib","Philosopher\u0027s Stone","Strange Spoon","Gremlin Horn","Lantern","War Paint","Red Mask","Runic Cube","Charon\u0027s Ashes","Centennial Puzzle","Sling","Dodecahedron","Prayer Wheel","Red Skull"],"potions_floor_usage":[4,7,7,11,11,13,16,18,44,47,55,55,55],"damage_taken":[{"damage":9,"enemies":"2 Louse","floor":1,"turns":3},{"damage":1,"enemies":"Cultist","floor":3,"turns":3},{"damage":7,"enemies":"Jaw Worm","floor":4,"turns":2},{"damage":8,"enemies":"Gremlin Nob","floor":7,"turns":3},{"damage":2,"enemies":"Looter","floor":10,"turns":3},{"damage":8,"enemies":"Lagavulin","floor":11,"turns":4},{"damage":1,"enemies":"Exordium Thugs","floor":12,"turns":3},{"damage":1,"enemies":"Gremlin Nob","floor":13,"turns":2},{"damage":1,"enemies":"Gremlin Gang","floor":14,"turns":2},{"damage":33,"enemies":"The Guardian","floor":16,"turns":11},{"damage":14,"enemies":"Shell Parasite","floor":18,"turns":3},{"damage":12,"enemies":"Spheric Guardian","floor":21,"turns":3},{"damage":18,"enemies":"Book of Stabbing","floor":23,"turns":4},{"damage":6,"enemies":"Chosen and Byrds","floor":25,"turns":3},{"damage":1,"enemies":"Snake Plant","floor":28,"turns":2},{"damage":13,"enemies":"Slavers","floor":29,"turns":3},{"damage":6,"enemies":"Masked Bandits","floor":30,"turns":1},{"damage":14,"enemies":"Champ","floor":33,"turns":4},{"damage":12,"enemies":"3 Shapes","floor":35,"turns":2},{"damage":6,"enemies":"2 Orb Walkers","floor":38,"turns":3},{"damage":6,"enemies":"3 Darklings","floor":39,"turns":1},{"damage":6,"enemies":"Nemesis","floor":41,"turns":5},{"damage":15,"enemies":"Jaw Worm Horde","floor":42,"turns":5},{"damage":6,"enemies":"Sphere and 2 Shapes","floor":44,"turns":2},{"damage":12,"enemies":"Reptomancer","floor":46,"turns":1},{"damage":0,"enemies":"Maw","floor":47,"turns":4},{"damage":24,"enemies":"Nemesis","floor":48,"turns":5},{"damage":12,"enemies":"Donu and Deca","floor":50,"turns":2},{"damage":12,"enemies":"Shield and Spear","floor":54,"turns":3},{"damage":70,"enemies":"The Heart","floor":55,"turns":4}],"seed_played":"6720157160628106756","potions_obtained":[{"floor":1,"key":"Block Potion"},{"floor":2,"key":"GamblersBrew"},{"floor":2,"key":"Fire Potion"},{"floor":2,"key":"SpeedPotion"},{"floor":3,"key":"Poison Potion"},{"floor":4,"key":"Poison Potion"},{"floor":10,"key":"SteroidPotion"},{"floor":16,"key":"Fruit Juice"},{"floor":23,"key":"SpeedPotion"},{"floor":25,"key":"Strength Potion"},{"floor":29,"key":"Regen Potion"},{"floor":41,"key":"PowerPotion"},{"floor":42,"key":"Swift Potion"},{"floor":44,"key":"FearPotion"}],"is_trial":false,"path_per_floor":["M","?","M","M","?","R","E","?","T","M","E","M","E","M","R","B",null,"M","?","$","M","$","E","R","M","T","R","M","E","?","?","R","B",null,"M","?","$","?","M","R","E","M","T","M","$","E","M","E","R","B",null,"R","$","E","B",null],"character_chosen":"IRONCLAD","items_purchased":["Strange Spoon","Master of Strategy","Impervious","Sling"],"campfire_rested":2,"item_purchase_floors":[22,22,45,45],"current_hp_per_floor":[77,77,80,79,54,54,52,52,52,56,54,59,64,69,69,42,80,77,77,77,71,71,59,59,59,59,84,85,78,78,78,78,70,85,79,79,79,79,79,79,79,70,70,70,70,64,70,52,77,71,85,85,85,79,27],"gold":97,"neow_bonus":"RANDOM_COMMON_RELIC","is_prod":false,"is_daily":false,"chose_seed":false,"campfire_upgraded":5,"win_rate":0,"timestamp":1542762108,"path_taken":["M","?","?","M","?","R","E","?","T","?","E","M","E","M","R","BOSS","M","?","$","M","$","E","R","?","T","R","M","E","?","?","R","BOSS","M","?","$","?","M","R","E","M","T","M","$","E","M","E","R","BOSS","R","$","E","BOSS"],"build_version":"2018-11-15","purchased_purges":4,"victory":true,"max_hp_per_floor":[80,80,80,80,80,80,80,80,80,80,80,80,80,80,80,80,80,85,85,85,85,85,85,85,85,85,85,85,85,85,85,85,85,85,85,85,85,85,85,85,85,85,85,85,85,85,85,85,85,85,85,85,85,85,85],"card_choices":[{"not_picked":["Rupture","Sever Soul"],"picked":"Headbutt","floor":1},{"not_picked":["Clash","Combust"],"picked":"Pommel Strike","floor":3},{"not_picked":["Havoc","Entrench"],"picked":"Cleave","floor":4},{"not_picked":["Sword Boomerang","Wild Strike"],"picked":"Impervious","floor":7},{"not_picked":["Pummel","Twin Strike"],"picked":"Body Slam","floor":10},{"not_picked":["Armaments","Shockwave"],"picked":"Impervious","floor":11},{"not_picked":["Thunderclap","Cleave","Combust"],"picked":"SKIP","floor":12},{"not_picked":["Pummel","Heavy Blade","Shockwave"],"picked":"SKIP","floor":13},{"not_picked":["Havoc","Corruption","Dropkick"],"picked":"SKIP","floor":14},{"not_picked":["Bludgeon","Fiend Fire"],"picked":"Offering","floor":16},{"not_picked":["Warcry+1","Shockwave"],"picked":"Entrench+1","floor":18},{"not_picked":["Searing Blow","Headbutt"],"picked":"Rampage+1","floor":21},{"not_picked":["Battle Trance","True Grit","Rupture"],"picked":"SKIP","floor":23},{"not_picked":["Carnage","Twin Strike+1","Sword Boomerang"],"picked":"SKIP","floor":25},{"not_picked":["Sentinel","Sever Soul"],"picked":"Body Slam+1","floor":28},{"not_picked":["Clash","Power Through","Hemokinesis"],"picked":"SKIP","floor":29},{"not_picked":["Wild Strike","Twin Strike"],"picked":"Disarm","floor":30},{"not_picked":["Brutality","Offering"],"picked":"Barricade","floor":33},{"not_picked":["Cleave","Anger+1","Flex+1"],"picked":"SKIP","floor":35},{"not_picked":["Headbutt+1","Clothesline","Thunderclap+1"],"picked":"SKIP","floor":39},{"not_picked":["Thunderclap+1","Pummel"],"picked":"Seeing Red+1","floor":41},{"not_picked":["Clash","Spot Weakness","Burning Pact+1"],"picked":"SKIP","floor":42},{"not_picked":["Clash","Spot Weakness"],"picked":"Burning Pact+1","floor":42},{"not_picked":["Metallicize","Combust","Rupture+1"],"picked":"SKIP","floor":44},{"not_picked":["Ghostly Armor","Berserk","Corruption"],"picked":"SKIP","floor":46},{"not_picked":["Cleave+1","Headbutt","Rampage+1"],"picked":"SKIP","floor":47},{"not_picked":["Dark Embrace","Burning Pact"],"picked":"Warcry+1","floor":48},{"not_picked":["Headbutt","Pommel Strike+1","Shrug It Off+1"],"picked":"SKIP","floor":54}],"player_experience":373163,"relics_obtained":[{"floor":7,"key":"Orichalcum"},{"floor":9,"key":"Blue Candle"},{"floor":11,"key":"Smiling Mask"},{"floor":13,"key":"Pen Nib"},{"floor":23,"key":"Gremlin Horn"},{"floor":26,"key":"Lantern"},{"floor":29,"key":"War Paint"},{"floor":30,"key":"Red Mask"},{"floor":38,"key":"Charon\u0027s Ashes"},{"floor":41,"key":"Centennial Puzzle"},{"floor":46,"key":"Dodecahedron"},{"floor":48,"key":"Prayer Wheel"},{"floor":54,"key":"Red Skull"}],"event_choices":[{"damage_healed":0,"gold_gain":0,"player_choice":"Got Potions","damage_taken":0,"max_hp_gain":0,"max_hp_loss":0,"event_name":"Lab","floor":2,"gold_loss":0},{"damage_healed":0,"gold_gain":0,"player_choice":"Success","damage_taken":25,"relics_obtained":["Bag of Marbles"],"max_hp_gain":0,"max_hp_loss":0,"event_name":"Scrap Ooze","floor":5,"gold_loss":0},{"damage_healed":0,"gold_gain":0,"player_choice":"Rummage","damage_taken":0,"relics_obtained":["WarpedTongs"],"max_hp_gain":0,"max_hp_loss":0,"event_name":"Accursed Blacksmith","floor":8,"gold_loss":0,"cards_obtained":["Pain"]},{"damage_healed":0,"gold_gain":0,"player_choice":"1 cards matched","damage_taken":0,"max_hp_gain":0,"max_hp_loss":0,"event_name":"Match and Keep!","floor":19,"gold_loss":0,"cards_obtained":["Offering"]},{"damage_healed":0,"gold_gain":0,"player_choice":"Fought Bandits","damage_taken":0,"max_hp_gain":0,"max_hp_loss":0,"event_name":"Masked Bandits","floor":30,"gold_loss":0},{"damage_healed":0,"gold_gain":0,"player_choice":"Ignored","damage_taken":0,"max_hp_gain":0,"max_hp_loss":0,"event_name":"N\u0027loth","floor":31,"gold_loss":0},{"damage_healed":0,"gold_gain":0,"player_choice":"Memory 1","damage_taken":0,"max_hp_gain":0,"max_hp_loss":0,"event_name":"SensoryStone","floor":36,"gold_loss":0},{"damage_healed":0,"gold_gain":0,"player_choice":"Fight","damage_taken":0,"max_hp_gain":0,"max_hp_loss":0,"event_name":"Mysterious Sphere","floor":38,"gold_loss":0}],"is_beta":true,"boss_relics":[{"not_picked":["Calling Bell","Ectoplasm"],"picked":"Philosopher\u0027s Stone"},{"not_picked":["Pandora\u0027s Box","Snecko Eye"],"picked":"Runic Cube"}],"items_purged_floors":[20,37,45,53],"is_endless":false,"potions_floor_spawned":[1,3,4,10,16,23,25,29,41,42,44],"ascension_level":3}