{"gold_per_floor":[119,119,133,153,78,78,93,43,43,43,62,62,79,98,98,202,202,212,202,202],"floor_reached":20,"playtime":945,"items_purged":["Strike_G"],"score":218,"play_id":"becd8646-b284-4292-812f-fecd1833a69c","local_time":"20190311054339","is_ascension_mode":true,"campfire_choices":[{"data":"Leg Sweep","floor":6,"key":"SMITH"},{"data":"Neutralize","floor":10,"key":"SMITH"},{"floor":15,"key":"REST"}],"neow_cost":"NONE","seed_source_timestamp":412536538114089,"circlet_count":0,"master_deck":["Defend_G","Defend_G","Defend_G","Defend_G","Defend_G","Strike_G","Strike_G","Strike_G","Survivor","Neutralize+1","Riddle With Holes","Dagger Throw","Leg Sweep+1","Infinite Blades","Heel Hook","Acrobatics","Burst","Tactician+1"],"relics":["Ring of the Snake","Incense Burner","WristBlade"],"potions_floor_usage":[16,16],"damage_taken":[{"damage":0,"enemies":"Jaw Worm","floor":1,"turns":6},{"damage":1,"enemies":"Cultist","floor":3,"turns":3},{"damage":0,"enemies":"2 Louse","floor":4,"turns":3},{"damage":4,"enemies":"Blue Slaver","floor":7,"turns":4},{"damage":7,"enemies":"Exordium Thugs","floor":11,"turns":7},{"damage":6,"enemies":"Exordium Wildlife","floor":13,"turns":3},{"damage":3,"enemies":"Large Slime","floor":14,"turns":7},{"damage":11,"enemies":"Hexaghost","floor":16,"turns":14},{"damage":13,"enemies":"3 Byrds","floor":18,"turns":8},{"damage":22,"enemies":"2 Thieves","floor":19,"turns":4},{"damage":37,"enemies":"3 Cultists","floor":20,"turns":4}],"seed_played":"-7606210784401773338","potions_obtained":[{"floor":0,"key":"SpeedPotion"},{"floor":0,"key":"Strength Potion"},{"floor":0,"key":"Dexterity Potion"},{"floor":7,"key":"Poison Potion"},{"floor":14,"key":"Ancient Potion"}],"is_trial":false,"path_per_floor":["M","?","M","M","$","R","M","?","T","R","M","$","M","M","R","B",null,"M","M","M"],"character_chosen":"THE_SILENT","items_purchased":[],"campfire_rested":1,"item_purchase_floors":[],"current_hp_per_floor":[63,68,67,67,67,67,63,63,63,63,56,56,50,47,69,58,71,58,36,0],"gold":202,"neow_bonus":"THREE_SMALL_POTIONS","is_prod":false,"is_daily":false,"chose_seed":false,"campfire_upgraded":2,"win_rate":0,"timestamp":1552308219,"path_taken":["M","?","M","M","$","R","M","?","T","R","M","$","?","M","R","BOSS","M","M","?"],"build_version":"2019-01-23","purchased_purges":1,"victory":false,"max_hp_per_floor":[70,75,75,75,75,75,75,75,75,75,75,75,75,75,75,75,75,75,75,75],"card_choices":[{"not_picked":["Flying Knee","Bane"],"picked":"Riddle With Holes","floor":1},{"not_picked":["Blade Dance","Masterful Stab"],"picked":"Dagger Throw","floor":3},{"not_picked":["Blade Dance","Escape Plan"],"picked":"Leg Sweep","floor":4},{"not_picked":["Blade Dance","Skewer","Sucker Punch"],"picked":"SKIP","floor":7},{"not_picked":["Sucker Punch","Concentrate"],"picked":"Infinite Blades","floor":11},{"not_picked":["Deflect","Prepared"],"picked":"Heel Hook","floor":13},{"not_picked":["Die Die Die","Deflect"],"picked":"Acrobatics","floor":14},{"not_picked":["Malaise","Phantasmal Killer"],"picked":"Burst","floor":16},{"not_picked":["Acrobatics","Flying Knee+1","Bane"],"picked":"SKIP","floor":18},{"not_picked":["Finisher","Deadly Poison"],"picked":"Tactician+1","floor":19}],"player_experience":695469,"relics_obtained":[{"floor":9,"key":"Incense Burner"}],"event_choices":[{"damage_healed":0,"gold_gain":0,"player_choice":"Donut","damage_taken":0,"max_hp_gain":5,"max_hp_loss":0,"event_name":"Big Fish","floor":2,"gold_loss":0},{"cards_removed":["Strike_G"],"damage_healed":0,"gold_gain":0,"player_choice":"Card Removal","damage_taken":0,"max_hp_gain":0,"max_hp_loss":0,"event_name":"The Cleric","floor":8,"gold_loss":50}],"is_beta":false,"boss_relics":[{"not_picked":["Ring of the Serpent","Ectoplasm"],"picked":"WristBlade"}],"items_purged_floors":[5],"is_endless":false,"potions_floor_spawned":[7,11,13,14],"killed_by":"3 Cultists","ascension_level":6}