{"gold_per_floor":[115,39,51,64,139,139,149,149,175,175,26,26,49,60,60,165,165,132,132],"floor_reached":19,"playtime":775,"items_purged":[],"score":165,"play_id":"ed802c0a-fc9d-46d7-899e-61150b2a7866","local_time":"20181106204233","is_ascension_mode":true,"campfire_choices":[{"floor":6,"key":"REST"},{"data":"Prepared","floor":8,"key":"SMITH"},{"data":"Tactician","floor":10,"key":"SMITH"},{"floor":15,"key":"REST"}],"neow_cost":"NONE","seed_source_timestamp":371245547233484,"circlet_count":0,"master_deck":["Defend_G","Defend_G","Defend_G","Defend_G","Defend_G","Strike_G","Strike_G","Strike_G","Strike_G","Strike_G+1","Survivor","Neutralize+1","Grand Finale","Blade Dance","Prepared+1","Dagger Spray","Setup","Tactician+1","Dodge and Roll","Dodge and Roll","Doppelganger","Acrobatics"],"relics":["Ring of the Serpent","Whetstone","Regal Pillow","Odd Mushroom"],"potions_floor_usage":[16,16,16],"damage_taken":[{"damage":7,"enemies":"2 Louse","floor":1,"turns":4},{"damage":0,"enemies":"Small Slimes","floor":3,"turns":3},{"damage":1,"enemies":"Cultist","floor":4,"turns":3},{"damage":8,"enemies":"3 Louse","floor":7,"turns":5},{"damage":11,"enemies":"The Mushroom Lair","floor":13,"turns":4},{"damage":14,"enemies":"Large Slime","floor":14,"turns":9},{"damage":45,"enemies":"Hexaghost","floor":16,"turns":10},{"damage":45,"enemies":"2 Thieves","floor":18,"turns":5},{"damage":27,"enemies":"Spheric Guardian","floor":19,"turns":6}],"seed_played":"8239360819364922155","potions_obtained":[{"floor":1,"key":"Strength Potion"},{"floor":3,"key":"LiquidBronze"},{"floor":4,"key":"Poison Potion"},{"floor":18,"key":"Weak Potion"}],"is_trial":false,"path_per_floor":["M","$","M","M","?","R","M","R","T","R","$","?","?","M","R","B",null,"M","M"],"character_chosen":"THE_SILENT","items_purchased":["Prepared","Dagger Spray","Regal Pillow"],"campfire_rested":2,"item_purchase_floors":[2,2,11],"current_hp_per_floor":[63,63,63,62,51,70,62,62,62,62,62,62,51,37,70,25,70,25,0],"gold":132,"neow_bonus":"ONE_RANDOM_RARE_CARD","is_prod":false,"is_daily":false,"chose_seed":false,"campfire_upgraded":2,"win_rate":0,"timestamp":1541508153,"path_taken":["M","$","M","M","?","R","M","R","T","R","$","?","?","M","R","BOSS","M","M"],"build_version":"2018-11-01","purchased_purges":0,"victory":false,"max_hp_per_floor":[70,70,70,70,70,70,70,70,70,70,70,70,70,70,70,70,70,70,70],"card_choices":[{"not_picked":["Catalyst","Distraction"],"picked":"Blade Dance","floor":1},{"not_picked":["Bane","All Out Attack"],"picked":"Setup","floor":3},{"not_picked":["Sucker Punch","Bane"],"picked":"Tactician","floor":4},{"not_picked":["Bane","All Out Attack","Finisher"],"picked":"SKIP","floor":7},{"not_picked":["Bane","Deadly Poison"],"picked":"Dodge and Roll","floor":13},{"not_picked":["Blade Dance","Bane"],"picked":"Dodge and Roll","floor":14},{"not_picked":["Unload","After Image"],"picked":"Doppelganger","floor":16},{"not_picked":["Bouncing Flask","Prepared"],"picked":"Acrobatics","floor":18}],"player_experience":421801,"relics_obtained":[{"floor":9,"key":"Whetstone"},{"floor":13,"key":"Odd Mushroom"}],"event_choices":[{"damage_healed":0,"gold_gain":75,"player_choice":"Gather Gold","damage_taken":11,"max_hp_gain":0,"max_hp_loss":0,"event_name":"World of Goop","floor":5,"gold_loss":0},{"damage_healed":0,"gold_gain":0,"player_choice":"Searched \u00270\u0027 times","damage_taken":0,"max_hp_gain":0,"max_hp_loss":0,"event_name":"Dead Adventurer","floor":12,"gold_loss":0},{"damage_healed":0,"gold_gain":0,"player_choice":"Fought Mushrooms","damage_taken":0,"max_hp_gain":0,"max_hp_loss":0,"event_name":"Mushrooms","floor":13,"gold_loss":0}],"is_beta":false,"boss_relics":[{"not_picked":["Empty Cage","Calling Bell"],"picked":"Ring of the Serpent"}],"items_purged_floors":[],"is_endless":false,"potions_floor_spawned":[1,3,4,13,18],"killed_by":"Spheric Guardian","ascension_level":1}