{"gold_per_floor":[116,66,80,80,96,96,129,129,129,149,159,0,0,15,15,110,110,128,143,160,174,174,174,174],"floor_reached":24,"playtime":967,"items_purged":[],"score":300,"play_id":"4b01b830-e8ff-4271-8490-e604115bd725","local_time":"20190103190615","is_ascension_mode":true,"campfire_choices":[{"data":"Zap","floor":6.0,"key":"SMITH"},{"data":"Steam","floor":8.0,"key":"SMITH"},{"floor":13.0,"key":"REST"},{"data":"Defragment","floor":15.0,"key":"SMITH"},{"floor":23.0,"key":"REST"}],"neow_cost":"NONE","seed_source_timestamp":1234164708711180,"circlet_count":0,"master_deck":["AscendersBane","Strike_B","Strike_B","Strike_B","Defend_B","Defend_B","Defend_B","Defend_B","Zap+1","Dualcast","Capacitor","Steam+1","Conserve Battery","Echo Form","Cold Snap","Lockon","Defragment+1","Electrodynamics","Cold Snap","Self Repair","Chill"],"special_seed":0,"relics":["Cracked Core","NeowsBlessing","Darkstone Periapt","Anchor","Velvet Choker"],"potions_floor_usage":[24],"damage_taken":[{"damage":0.0,"enemies":"2 Louse","floor":1.0,"turns":1.0},{"damage":0.0,"enemies":"Small Slimes","floor":3.0,"turns":1.0},{"damage":0.0,"enemies":"Cultist","floor":5.0,"turns":1.0},{"damage":14.0,"enemies":"Lagavulin","floor":7.0,"turns":8.0},{"damage":8.0,"enemies":"Lots of Slimes","floor":10.0,"turns":6.0},{"damage":27.0,"enemies":"Gremlin Gang","floor":11.0,"turns":6.0},{"damage":6.0,"enemies":"Exordium Thugs","floor":14.0,"turns":6.0},{"damage":6.0,"enemies":"The Guardian","floor":16.0,"turns":8.0},{"damage":5.0,"enemies":"3 Byrds","floor":18.0,"turns":4.0},{"damage":9.0,"enemies":"2 Thieves","floor":19.0,"turns":4.0},{"damage":6.0,"enemies":"Centurion and Healer","floor":20.0,"turns":6.0},{"damage":23.0,"enemies":"Shelled Parasite and Fungi","floor":21.0,"turns":6.0},{"damage":72,"enemies":"Book of Stabbing","floor":24,"turns":4}],"seed_played":"-4420108117652722027","potions_obtained":[{"floor":1.0,"key":"SkillPotion"},{"floor":4.0,"key":"EntropicBrew"},{"floor":4.0,"key":"FearPotion"},{"floor":10.0,"key":"Ancient Potion"},{"floor":14.0,"key":"FairyPotion"},{"floor":21.0,"key":"SpeedPotion"}],"is_trial":false,"path_per_floor":["M","?","M","?","M","R","E","R","T","M","M","$","R","M","R","B",null,"M","M","M","M","?","R","E"],"character_chosen":"DEFECT","items_purchased":["Lockon","Regen Potion"],"campfire_rested":2,"item_purchase_floors":[12,12],"current_hp_per_floor":[68,68,68,68,68,68,54,54,54,46,19,19,41,49,49,43,67,62,53,47,38,38,60,0],"gold":174,"neow_bonus":"THREE_ENEMY_KILL","is_prod":false,"is_daily":false,"chose_seed":false,"campfire_upgraded":3,"win_rate":0,"timestamp":1546560375,"path_taken":["M","?","M","?","M","R","E","R","T","?","M","?","R","M","R","BOSS","M","?","M","M","?","R","E"],"build_version":"2019-01-02","purchased_purges":0,"victory":false,"max_hp_per_floor":[75,75,75,75,75,75,75,75,75,75,75,75,75,75,75,75,75,75,75,75,75,75,75,75],"card_choices":[{"not_picked":["Leap","Reprogram"],"picked":"Capacitor","floor":1.0},{"not_picked":["FTL","Turbo"],"picked":"Steam","floor":3.0},{"not_picked":["Redo","Static Discharge"],"picked":"Conserve Battery","floor":5.0},{"not_picked":["Reprogram","Steam","Rebound"],"picked":"SKIP","floor":7.0},{"not_picked":["Turbo","Ball Lightning"],"picked":"Echo Form","floor":10.0},{"not_picked":["Darkness","Redo"],"picked":"Cold Snap","floor":11.0},{"not_picked":["Storm","Force Field"],"picked":"Defragment","floor":14.0},{"not_picked":["Thunder Strike","All For One"],"picked":"Electrodynamics","floor":16.0},{"not_picked":["Double Energy","Static Discharge","Undo+1"],"picked":"SKIP","floor":18.0},{"not_picked":["Redo","Leap"],"picked":"Cold Snap","floor":19.0},{"not_picked":["Go for the Eyes","Coolheaded"],"picked":"Self Repair","floor":20.0},{"not_picked":["Force Field","Streamline"],"picked":"Chill","floor":21.0}],"player_experience":442466,"relics_obtained":[{"floor":7.0,"key":"Darkstone Periapt"},{"floor":9.0,"key":"Anchor"}],"event_choices":[{"cards_removed":["Strike_B"],"damage_healed":0.0,"max_hp_gain":0.0,"max_hp_loss":0.0,"gold_gain":0.0,"event_name":"The Cleric","player_choice":"Card Removal","floor":2.0,"gold_loss":50.0,"damage_taken":0.0},{"damage_healed":0.0,"max_hp_gain":0.0,"max_hp_loss":0.0,"gold_gain":0.0,"event_name":"Lab","player_choice":"Got Potions","floor":4.0,"gold_loss":0.0,"damage_taken":0.0},{"damage_healed":0.0,"max_hp_gain":0.0,"max_hp_loss":0.0,"gold_gain":0.0,"event_name":"Vampires","player_choice":"Ignored","floor":22.0,"gold_loss":0.0,"damage_taken":0.0}],"is_beta":true,"boss_relics":[{"not_picked":["Calling Bell","Coffee Dripper"],"picked":"Velvet Choker"}],"items_purged_floors":[],"is_endless":false,"potions_floor_spawned":[1,10,14,21],"killed_by":"Book of Stabbing","ascension_level":10}