{"gold_per_floor":[113,113,133,151,151,182,182,202,202,212,232,232,232,243,243,348,378,394,394,409,409],"floor_reached":21,"playtime":879,"items_purged":[],"score":263,"play_id":"86a3e2b8-c0e9-4537-8dd1-f469ef39eaf0","local_time":"20190402113449","is_ascension_mode":true,"campfire_choices":[{"data":"Infinite Blades","floor":7,"key":"SMITH"},{"data":"Accuracy","floor":12,"key":"SMITH"},{"floor":15,"key":"REST"}],"neow_cost":"NONE","seed_source_timestamp":329823805717328,"circlet_count":0,"master_deck":["Defend_G","Defend_G","Defend_G","Defend_G","Defend_G","Strike_G","Strike_G","Strike_G","Strike_G","Survivor","Neutralize+1","Caltrops","Dagger Spray","Infinite Blades+1","Blade Dance","Accuracy+1","Crippling Poison","Well Laid Plans","Skewer","Leg Sweep","Doppelganger","Shame","Regret","Shame"],"relics":["Ring of the Snake","Sundial","Darkstone Periapt","Calling Bell","Tiny Chest","Frozen Egg 2","Ice Cream"],"potions_floor_usage":[6,6,8,14,16,20],"damage_taken":[{"damage":0,"enemies":"Cultist","floor":1,"turns":4},{"damage":0,"enemies":"Small Slimes","floor":3,"turns":4},{"damage":0,"enemies":"2 Louse","floor":4,"turns":3},{"damage":5,"enemies":"3 Sentries","floor":6,"turns":4},{"damage":18,"enemies":"Lots of Slimes","floor":8,"turns":4},{"damage":3,"enemies":"Looter","floor":10,"turns":4},{"damage":9,"enemies":"Exordium Wildlife","floor":11,"turns":5},{"damage":0,"enemies":"Large Slime","floor":14,"turns":6},{"damage":26,"enemies":"The Guardian","floor":16,"turns":14},{"damage":22,"enemies":"3 Byrds","floor":18,"turns":5},{"damage":39,"enemies":"Spheric Guardian","floor":20,"turns":7}],"seed_played":"99711002579423351","potions_obtained":[{"floor":1,"key":"Explosive Potion"},{"floor":3,"key":"Strength Potion"},{"floor":6,"key":"Block Potion"},{"floor":8,"key":"Explosive Potion"},{"floor":14,"key":"Dexterity Potion"},{"floor":18,"key":"SkillPotion"},{"floor":20,"key":"PowerPotion"}],"is_trial":false,"path_per_floor":["M","?","M","M","$","E","R","M","T","M","M","R","?","M","R","B",null,"M","?","M","?"],"character_chosen":"THE_SILENT","items_purchased":[],"campfire_rested":1,"item_purchase_floors":[],"current_hp_per_floor":[63,63,63,63,63,58,58,40,40,37,28,28,28,28,49,23,76,54,54,15,27],"gold":409,"neow_bonus":"UPGRADE_CARD","is_prod":false,"is_daily":false,"chose_seed":false,"campfire_upgraded":2,"win_rate":0,"timestamp":1554176089,"path_taken":["M","?","M","M","$","E","R","M","T","M","?","R","?","M","R","BOSS","M","?","?","?"],"build_version":"2019-01-23","purchased_purges":0,"victory":false,"max_hp_per_floor":[70,70,70,70,70,70,70,70,70,70,70,70,70,70,70,70,88,88,88,88,97],"card_choices":[{"not_picked":["Riddle With Holes","Bouncing Flask"],"picked":"Caltrops","floor":1},{"not_picked":["Caltrops","Crippling Poison"],"picked":"Infinite Blades","floor":3},{"not_picked":["Noxious Fumes","Dagger Spray"],"picked":"Blade Dance","floor":4},{"not_picked":["Skewer","Prepared"],"picked":"Accuracy","floor":6},{"not_picked":["Poisoned Stab","Blur"],"picked":"Crippling Poison","floor":8},{"not_picked":["Sucker Punch","Endless Agony"],"picked":"Well Laid Plans","floor":10},{"not_picked":["Underhanded Strike","Flying Knee"],"picked":"Skewer","floor":11},{"not_picked":["Expertise","Caltrops"],"picked":"Leg Sweep","floor":14},{"not_picked":["Phantasmal Killer","Night Terror"],"picked":"Doppelganger","floor":16},{"not_picked":["Endless Agony","Dodge and Roll","Poisoned Stab+1"],"picked":"SKIP","floor":18},{"not_picked":["Quick Slash","Sucker Punch","Leg Sweep+1"],"picked":"SKIP","floor":20}],"player_experience":718731,"relics_obtained":[{"floor":6,"key":"Sundial"},{"floor":9,"key":"Darkstone Periapt"},{"floor":17,"key":"Tiny Chest"},{"floor":17,"key":"Frozen Egg 2"},{"floor":17,"key":"Ice Cream"}],"event_choices":[{"damage_healed":0,"gold_gain":0,"cards_transformed":["Strike_G"],"player_choice":"Transformed","damage_taken":0,"max_hp_gain":0,"max_hp_loss":0,"event_name":"Transmorgrifier","floor":2,"gold_loss":0,"cards_obtained":["Dagger Spray"]},{"damage_healed":0,"gold_gain":0,"player_choice":"Ignored","damage_taken":0,"max_hp_gain":0,"max_hp_loss":0,"event_name":"Shining Light","floor":13,"gold_loss":0},{"damage_healed":0,"gold_gain":0,"player_choice":"0 cards matched","damage_taken":0,"max_hp_gain":0,"max_hp_loss":0,"event_name":"Match and Keep!","floor":19,"gold_loss":0,"cards_obtained":[]},{"damage_healed":0,"gold_gain":0,"cards_transformed":["Parasite","Normality"],"player_choice":"Became Test Subject","damage_taken":0,"max_hp_gain":0,"max_hp_loss":0,"event_name":"Drug Dealer","floor":21,"gold_loss":0,"cards_obtained":["Regret","Shame"]}],"is_beta":false,"boss_relics":[{"not_picked":["Coffee Dripper","Cursed Key"],"picked":"Calling Bell"}],"items_purged_floors":[],"is_endless":false,"potions_floor_spawned":[1,3,6,8,14,18,20],"ascension_level":6}