{"gold_per_floor":[209,209,20,44,44,44,77,92,117,135,35,35,71,87,87,208,208,233,249,249,101,376,414,430,461,461,479,479,517,517,540,540,666,666,680,695,695,23,41,84,104,0,0,16,29,29,45,63,63,63,63,63,63,103,103],"floor_reached":55,"playtime":4617,"items_purged":["Injury","Strike_R","Strike_R"],"score":854,"play_id":"7b6bb062-8d4f-43cb-b75b-79e851505a4a","local_time":"20190509115435","is_ascension_mode":true,"campfire_choices":[{"data":"Armaments","floor":6,"key":"SMITH"},{"data":"Corruption","floor":12,"key":"SMITH"},{"data":"Immolate","floor":15,"key":"SMITH"},{"data":"Fiend Fire","floor":28,"key":"SMITH"},{"data":"Uppercut","floor":30,"key":"SMITH"},{"data":"Burning Pact","floor":32,"key":"SMITH"},{"floor":46,"key":"REST"},{"floor":49,"key":"RECALL"},{"data":"Master of Strategy","floor":52,"key":"SMITH"}],"neow_cost":"NONE","seed_source_timestamp":232982052086600,"circlet_count":0,"master_deck":["Strike_R","Defend_R","Defend_R","Defend_R","Defend_R","Bash","Anger","Corruption+1","Armaments+1","Clothesline","Sentinel","Shrug It Off","Immolate+1","Feel No Pain","Uppercut+1","Iron Wave","Fiend Fire+1","Shrug It Off","Burning Pact+1","Feel No Pain","Metallicize","Armaments+1","Impervious","True Grit+1","Inflame","Master of Strategy+1","Impervious","Bloodletting+1","Whirlwind+1","Pain","True Grit+1","Parasite","Rupture+1"],"relics":["Burning Blood","Golden Idol","Bronze Scales","PreservedInsect","Juzu Bracelet","Cursed Key","Enchiridion","Omamori","Blue Candle","Pen Nib","Centennial Puzzle","White Beast Statue","Happy Flower","Blood Vial","Red Mask","Dodecahedron","Red Skull"],"potions_floor_usage":[16,19,27,50,50,55],"damage_taken":[{"damage":10,"enemies":"Small Slimes","floor":1,"turns":4},{"damage":1,"enemies":"2 Louse","floor":4,"turns":3},{"damage":9,"enemies":"Lagavulin","floor":7,"turns":7},{"damage":4,"enemies":"Cultist","floor":8,"turns":3},{"damage":8,"enemies":"2 Fungi Beasts","floor":10,"turns":3},{"damage":10,"enemies":"Gremlin Nob","floor":13,"turns":3},{"damage":8,"enemies":"Red Slaver","floor":14,"turns":3},{"damage":47,"enemies":"Hexaghost","floor":16,"turns":9},{"damage":2,"enemies":"Shell Parasite","floor":18,"turns":5},{"damage":6,"enemies":"Spheric Guardian","floor":19,"turns":4},{"damage":8,"enemies":"Gremlin Leader","floor":23,"turns":4},{"damage":8,"enemies":"Snecko","floor":24,"turns":4},{"damage":8,"enemies":"Book of Stabbing","floor":25,"turns":4},{"damage":3,"enemies":"3 Cultists","floor":27,"turns":4},{"damage":8,"enemies":"Slavers","floor":29,"turns":2},{"damage":15,"enemies":"Cultist and Chosen","floor":31,"turns":4},{"damage":32,"enemies":"Automaton","floor":33,"turns":9},{"damage":3,"enemies":"3 Darklings","floor":35,"turns":5},{"damage":3,"enemies":"Orb Walker","floor":36,"turns":4},{"damage":35,"enemies":"Transient","floor":39,"turns":5},{"damage":18,"enemies":"Nemesis","floor":40,"turns":7},{"damage":1,"enemies":"Jaw Worm Horde","floor":41,"turns":6},{"damage":32,"enemies":"4 Shapes","floor":44,"turns":1},{"damage":8,"enemies":"Transient","floor":45,"turns":5},{"damage":11,"enemies":"3 Darklings","floor":47,"turns":3},{"damage":6,"enemies":"Writhing Mass","floor":48,"turns":6},{"damage":22,"enemies":"Awakened One","floor":50,"turns":12},{"damage":12,"enemies":"Shield and Spear","floor":54,"turns":3},{"damage":82,"enemies":"The Heart","floor":55,"turns":3}],"seed_played":"6748882423420934570","potions_obtained":[{"floor":1,"key":"AttackPotion"},{"floor":10,"key":"SteroidPotion"},{"floor":13,"key":"SpeedPotion"},{"floor":16,"key":"Strength Potion"},{"floor":19,"key":"FearPotion"},{"floor":24,"key":"Ancient Potion"},{"floor":35,"key":"EntropicBrew"},{"floor":36,"key":"SteroidPotion"},{"floor":40,"key":"Block Potion"},{"floor":41,"key":"Strength Potion"},{"floor":48,"key":"Swift Potion"},{"floor":54,"key":"FearPotion"}],"is_trial":false,"path_per_floor":["M","?","$","M","?","R","E","M","T","M","$","R","E","M","R","B",null,"M","M","?","$","?","E","M","E","T","M","R","E","R","M","R","B",null,"M","M","?","$","M","E","M","?","T","M","M","R","M","M","R","B",null,"R","$","E","B"],"character_chosen":"IRONCLAD","items_purchased":["Corruption","Armaments","Omamori","Happy Flower","Inflame","Master of Strategy","Impervious"],"campfire_rested":1,"item_purchase_floors":[3,3,21,38,38,38,38],"current_hp_per_floor":[76,76,76,80,80,80,77,79,79,77,77,77,73,71,71,30,80,80,80,64,64,64,62,60,58,58,61,61,59,59,50,50,24,80,80,80,80,80,51,39,46,46,46,22,22,46,43,45,45,31,80,80,80,74,0],"gold":103,"neow_bonus":"HUNDRED_GOLD","is_prod":false,"is_daily":false,"chose_seed":false,"campfire_upgraded":7,"win_rate":0,"timestamp":1557383075,"path_taken":["M","?","$","M","?","R","E","M","T","M","$","R","E","M","R","BOSS","M","M","?","$","?","E","M","E","T","M","R","E","R","M","R","BOSS","M","M","?","$","M","E","M","?","T","M","M","R","M","M","R","BOSS","R","$","E","BOSS"],"build_version":"2019-01-23","purchased_purges":3,"victory":false,"max_hp_per_floor":[80,80,80,80,80,80,80,80,80,80,80,80,80,80,80,80,80,80,80,80,80,80,80,80,80,80,80,80,80,80,80,80,80,80,80,80,80,80,80,80,80,80,80,80,80,80,80,80,80,80,80,80,80,80,80],"card_choices":[{"not_picked":["Disarm","Searing Blow"],"picked":"Anger","floor":1},{"not_picked":["Evolve","Warcry"],"picked":"Clothesline","floor":4},{"not_picked":["Sword Boomerang","Sever Soul"],"picked":"Shrug It Off","floor":7},{"not_picked":["Searing Blow","Clothesline"],"picked":"Immolate","floor":8},{"not_picked":["Reckless Charge","Second Wind"],"picked":"Feel No Pain","floor":10},{"not_picked":["Searing Blow","Sentinel"],"picked":"Uppercut","floor":13},{"not_picked":["Headbutt","Twin Strike"],"picked":"Iron Wave","floor":14},{"not_picked":["Immolate","Limit Break"],"picked":"Fiend Fire","floor":16},{"not_picked":["Body Slam","Twin Strike"],"picked":"Shrug It Off","floor":18},{"not_picked":["Sword Boomerang","Sever Soul","Power Through"],"picked":"SKIP","floor":19},{"not_picked":["Infernal Blade","Uppercut"],"picked":"Burning Pact","floor":23},{"not_picked":["Second Wind","Armaments"],"picked":"Feel No Pain","floor":24},{"not_picked":["Heavy Blade","Rupture"],"picked":"Metallicize","floor":25},{"not_picked":["Heavy Blade","Evolve+1"],"picked":"Armaments+1","floor":27},{"not_picked":["Iron Wave","Havoc","Wild Strike"],"picked":"SKIP","floor":29},{"not_picked":["Dark Embrace","Armaments","Wild Strike+1"],"picked":"SKIP","floor":31},{"not_picked":["Offering","Feed"],"picked":"Impervious","floor":33},{"not_picked":["Clash+1","Body Slam","Rage"],"picked":"SKIP","floor":35},{"not_picked":["Clothesline+1","Cleave"],"picked":"True Grit+1","floor":36},{"not_picked":["Sword Boomerang+1","Cleave"],"picked":"Bloodletting+1","floor":39},{"not_picked":["Sentinel","Bloodletting+1"],"picked":"Whirlwind+1","floor":40},{"not_picked":["Iron Wave","Dual Wield+1","Rampage"],"picked":"SKIP","floor":41},{"not_picked":["Fiend Fire","Clash","Flex"],"picked":"SKIP","floor":44},{"not_picked":["Thunderclap+1","Shockwave","Iron Wave"],"picked":"SKIP","floor":45},{"not_picked":["Flex+1","Warcry+1"],"picked":"True Grit+1","floor":47},{"not_picked":["Entrench+1","Burning Pact+1"],"picked":"Rupture+1","floor":48},{"not_picked":["Entrench","Intimidate+1","Warcry+1"],"picked":"SKIP","floor":54}],"player_experience":151675,"relics_obtained":[{"floor":7,"key":"Bronze Scales"},{"floor":9,"key":"PreservedInsect"},{"floor":13,"key":"Juzu Bracelet"},{"floor":20,"key":"Enchiridion"},{"floor":23,"key":"Blue Candle"},{"floor":25,"key":"Pen Nib"},{"floor":29,"key":"Centennial Puzzle"},{"floor":40,"key":"Blood Vial"},{"floor":43,"key":"Dodecahedron"},{"floor":54,"key":"Red Skull"}],"event_choices":[{"damage_healed":0,"gold_gain":0,"player_choice":"Take Wound","damage_taken":0,"relics_obtained":["Golden Idol"],"max_hp_gain":0,"max_hp_loss":0,"event_name":"Golden Idol","floor":2,"gold_loss":0,"cards_obtained":["Injury"]},{"damage_healed":0,"gold_gain":0,"cards_transformed":["Strike_R"],"player_choice":"Transformed","damage_taken":0,"max_hp_gain":0,"max_hp_loss":0,"event_name":"Transmorgrifier","floor":5,"gold_loss":0,"cards_obtained":["Sentinel"]},{"damage_healed":0,"gold_gain":0,"player_choice":"Obtained Book","damage_taken":16,"max_hp_gain":0,"max_hp_loss":0,"event_name":"Cursed Tome","floor":20,"gold_loss":0},{"damage_healed":0,"gold_gain":275,"player_choice":"Desecrate","damage_taken":0,"max_hp_gain":0,"max_hp_loss":0,"event_name":"Golden Shrine","floor":22,"gold_loss":0,"cards_obtained":["Regret"]},{"cards_removed":["Strike_R"],"damage_healed":0,"gold_gain":0,"player_choice":"Offered Basic","damage_taken":0,"max_hp_gain":0,"max_hp_loss":0,"event_name":"Bonfire Elementals","floor":37,"gold_loss":0},{"damage_healed":0,"gold_gain":0,"player_choice":"Paid","damage_taken":0,"relics_obtained":["Red Mask"],"max_hp_gain":0,"max_hp_loss":0,"event_name":"Tomb of Lord Red Mask","floor":42,"gold_loss":104}],"is_beta":false,"boss_relics":[{"not_picked":["Eternal Feather","Busted Crown"],"picked":"Cursed Key"},{"not_picked":["Runic Cube","Pandora\u0027s Box"],"picked":"White Beast Statue"}],"items_purged_floors":[3,11,38],"is_endless":false,"potions_floor_spawned":[1,10,13,16,19,23,24,35,36,39,40,41,44,45,47,48,54],"killed_by":"The Heart","ascension_level":3}