{"gold_per_floor":[117,90,104,36,36,71,71,88,111,141,161,61,77,77,77,77],"floor_reached":16,"playtime":631,"items_purged":["Strike_R"],"score":133,"play_id":"a92167ef-b3ff-4d39-804c-ca5c033a2310","local_time":"20190221194655","is_ascension_mode":false,"campfire_choices":[{"data":"Bash","floor":7,"key":"SMITH"},{"floor":15,"key":"REST"}],"neow_cost":"NONE","seed_source_timestamp":374967820283200,"circlet_count":0,"master_deck":["Strike_R","Strike_R","Strike_R","Strike_R","Defend_R","Defend_R","Defend_R","Defend_R","Bash+1","Bloodletting","Flex","Twin Strike","Uppercut","Inflame","Flex","Dropkick","Anger"],"relics":["Burning Blood","NeowsBlessing","PreservedInsect","Strawberry","Centennial Puzzle","Odd Mushroom","Smiling Mask"],"potions_floor_usage":[16,16],"damage_taken":[{"damage":0,"enemies":"Small Slimes","floor":1,"turns":1},{"damage":0,"enemies":"2 Louse","floor":3,"turns":1},{"damage":0,"enemies":"3 Sentries","floor":6,"turns":2},{"damage":6,"enemies":"Jaw Worm","floor":8,"turns":2},{"damage":16,"enemies":"Gremlin Nob","floor":10,"turns":3},{"damage":38,"enemies":"The Mushroom Lair","floor":11,"turns":5},{"damage":2,"enemies":"2 Fungi Beasts","floor":13,"turns":3},{"damage":63,"enemies":"The Guardian","floor":16,"turns":11}],"seed_played":"-6192632295278769385","potions_obtained":[{"floor":1,"key":"Strength Potion"},{"floor":11,"key":"GamblersBrew"},{"floor":13,"key":"Strength Potion"}],"is_trial":false,"path_per_floor":["M","$","M","$","?","E","R","M","T","E","?","$","M","?","R","B"],"character_chosen":"IRONCLAD","items_purchased":["Flex","Uppercut","Anger"],"campfire_rested":1,"item_purchase_floors":[2,4,12],"current_hp_per_floor":[80,80,80,80,80,80,80,80,87,77,45,45,49,37,63,0],"gold":77,"neow_bonus":"THREE_ENEMY_KILL","is_prod":false,"is_daily":false,"chose_seed":false,"campfire_upgraded":1,"win_rate":0,"timestamp":1550796415,"path_taken":["M","$","M","$","?","E","R","M","T","E","?","?","M","?","R","BOSS"],"build_version":"2019-02-06","purchased_purges":1,"victory":false,"max_hp_per_floor":[80,80,80,80,80,80,80,80,87,87,87,87,87,87,87,87],"card_choices":[{"not_picked":["Feel No Pain","Warcry"],"picked":"Bloodletting","floor":1},{"not_picked":["True Grit","Wild Strike"],"picked":"Twin Strike","floor":3},{"not_picked":["Immolate","Thunderclap"],"picked":"Inflame","floor":6},{"not_picked":["True Grit","Perfected Strike","Warcry"],"picked":"SKIP","floor":8},{"not_picked":["Perfected Strike","Clash"],"picked":"Flex","floor":10},{"not_picked":["Rage","Havoc"],"picked":"Dropkick","floor":11},{"not_picked":["Headbutt","Reckless Charge","Pommel Strike"],"picked":"SKIP","floor":13}],"player_experience":657085,"relics_obtained":[{"floor":6,"key":"PreservedInsect"},{"floor":9,"key":"Strawberry"},{"floor":10,"key":"Centennial Puzzle"},{"floor":11,"key":"Odd Mushroom"}],"event_choices":[{"damage_healed":0,"gold_gain":0,"player_choice":"Leave","damage_taken":0,"max_hp_gain":0,"max_hp_loss":0,"event_name":"The Cleric","floor":5,"gold_loss":0},{"damage_healed":0,"gold_gain":0,"player_choice":"Fought Mushrooms","damage_taken":0,"max_hp_gain":0,"max_hp_loss":0,"event_name":"Mushrooms","floor":11,"gold_loss":0},{"damage_healed":0,"gold_gain":0,"player_choice":"Success","damage_taken":12,"relics_obtained":["Smiling Mask"],"max_hp_gain":0,"max_hp_loss":0,"event_name":"Scrap Ooze","floor":14,"gold_loss":0}],"is_beta":true,"boss_relics":[],"items_purged_floors":[12],"is_endless":false,"potions_floor_spawned":[1,11,13],"killed_by":"The Guardian","ascension_level":0}