{"gold_per_floor":[118,132,10,28,28,28,61,61,61,95,95,121,136,146,146,220,220,236,87,87,98,108,108,108,135,217,251,266,266,19,118,118,197,197,211,222,222,154,167,167],"floor_reached":40,"playtime":3371,"items_purged":["Blade Dance"],"score":780,"play_id":"3cbc986a-7374-46a0-9fd7-6d536794de5a","local_time":"20190210182657","is_ascension_mode":true,"campfire_choices":[{"data":"Neutralize","floor":6.0,"key":"SMITH"},{"floor":8.0,"key":"REST"},{"floor":11.0,"key":"REST"},{"floor":15.0,"key":"REST"},{"floor":23.0,"key":"REST"},{"data":"Footwork","floor":29.0,"key":"SMITH"},{"floor":32.0,"key":"REST"}],"neow_cost":"NONE","seed_source_timestamp":0,"circlet_count":0,"master_deck":["AscendersBane","Survivor","Neutralize+1","Burst","Distraction+1","Endless Agony","Footwork+1","Predator","Malaise+1","Bullet Time","Well Laid Plans","Escape Plan","Bouncing Flask","Bane","Dash","Flechettes","Dodge and Roll","Dagger Spray","Cloak And Dagger","Deadly Poison","Adrenaline","Dodge and Roll+1","Master of Strategy","Malaise","Catalyst","Crippling Poison"],"special_seed":0,"relics":["Ring of the Snake","Pantograph","War Paint","Tingsha","Juzu Bracelet","Pandora\u0027s Box","Oddly Smooth Stone","Singing Bowl","Peace Pipe","Frozen Egg 2","Nunchaku","Velvet Choker"],"potions_floor_usage":[40,40],"damage_taken":[{"damage":1.0,"enemies":"2 Louse","floor":1.0,"turns":3.0},{"damage":1.0,"enemies":"Small Slimes","floor":2.0,"turns":5.0},{"damage":4.0,"enemies":"Cultist","floor":4.0,"turns":5.0},{"damage":24.0,"enemies":"Gremlin Nob","floor":7.0,"turns":4.0},{"damage":5.0,"enemies":"3 Sentries","floor":10.0,"turns":3.0},{"damage":34.0,"enemies":"Gremlin Nob","floor":12.0,"turns":5.0},{"damage":1.0,"enemies":"Blue Slaver","floor":13.0,"turns":4.0},{"damage":9.0,"enemies":"Lots of Slimes","floor":14.0,"turns":5.0},{"damage":12.0,"enemies":"The Guardian","floor":16.0,"turns":11.0},{"damage":11.0,"enemies":"Shell Parasite","floor":18.0,"turns":5.0},{"damage":2.0,"enemies":"Chosen","floor":21.0,"turns":7.0},{"damage":10.0,"enemies":"Snake Plant","floor":22.0,"turns":5.0},{"damage":6.0,"enemies":"Book of Stabbing","floor":25.0,"turns":7.0},{"damage":13.0,"enemies":"Gremlin Leader","floor":27.0,"turns":10.0},{"damage":31.0,"enemies":"Sentry and Sphere","floor":28.0,"turns":7.0},{"damage":66.0,"enemies":"Champ","floor":33.0,"turns":17.0},{"damage":6.0,"enemies":"3 Darklings","floor":35.0,"turns":4.0},{"damage":23.0,"enemies":"3 Shapes","floor":36.0,"turns":8.0},{"damage":17,"enemies":"Sphere and 2 Shapes","floor":39,"turns":5},{"damage":41,"enemies":"Giant Head","floor":40,"turns":12}],"seed_played":"-7408910729644463902","potions_obtained":[{"floor":1.0,"key":"FearPotion"},{"floor":2.0,"key":"Energy Potion"},{"floor":12.0,"key":"Fire Potion"},{"floor":13.0,"key":"PowerPotion"},{"floor":33.0,"key":"GhostInAJar"},{"floor":35.0,"key":"Energy Potion"}],"is_trial":false,"path_per_floor":["M","M","$","M","?","R","E","R","T","E","R","E","M","M","R","B",null,"M","$","?","M","M","R","?","E","T","E","M","R","$","?","R","B",null,"M","M","?","$","M","E"],"character_chosen":"THE_SILENT","items_purchased":["Footwork","Block Potion","Oddly Smooth Stone","Master of Strategy","Crippling Poison"],"campfire_rested":5,"item_purchase_floors":[3,3,19,30,38],"current_hp_per_floor":[58,57,57,53,53,53,29,48,48,43,62,28,27,18,37,50,62,51,51,51,51,43,64,80,74,74,63,32,32,32,32,56,15,65,59,38,38,38,23,0],"gold":167,"neow_bonus":"TRANSFORM_CARD","is_prod":false,"is_daily":false,"chose_seed":false,"campfire_upgraded":2,"win_rate":0,"timestamp":1549841217,"path_taken":["M","M","$","M","?","R","E","R","T","E","R","E","M","M","R","BOSS","M","$","?","M","M","R","?","E","T","E","M","R","$","?","R","BOSS","M","M","?","$","M","E"],"build_version":"2019-02-06","purchased_purges":1,"victory":false,"max_hp_per_floor":[66,66,66,66,66,66,66,66,66,66,66,66,66,66,66,66,66,66,66,66,68,70,70,80,80,80,82,82,82,82,82,82,82,82,82,84,84,84,86,86],"card_choices":[{"not_picked":["Well Laid Plans","Slice"],"picked":"Distraction","floor":1.0},{"not_picked":["Acrobatics","Prepared"],"picked":"Endless Agony","floor":2.0},{"not_picked":["Setup","Flying Knee"],"picked":"Predator","floor":4.0},{"not_picked":["Bouncing Flask","Dagger Spray"],"picked":"Malaise","floor":7.0},{"not_picked":["Distraction","Bane"],"picked":"Bullet Time","floor":10.0},{"not_picked":["PiercingWail","Quick Slash"],"picked":"Well Laid Plans","floor":12.0},{"not_picked":["Reflex","Slice"],"picked":"Escape Plan","floor":13.0},{"not_picked":["Setup","Caltrops"],"picked":"Bouncing Flask","floor":14.0},{"not_picked":["Flying Knee","Flechettes"],"picked":"Deadly Poison","floor":18.0},{"not_picked":["Setup","Skewer","Well Laid Plans+1"],"picked":"Singing Bowl","floor":21.0},{"not_picked":["Quick Slash","Underhanded Strike","Setup"],"picked":"Singing Bowl","floor":22.0},{"not_picked":["Quick Slash","Slice+1"],"picked":"Adrenaline","floor":25.0},{"not_picked":["Underhanded Strike","Cloak And Dagger","Infinite Blades+1"],"picked":"Singing Bowl","floor":27.0},{"not_picked":["Underhanded Strike","Backflip"],"picked":"Dodge and Roll+1","floor":28.0},{"not_picked":["Venomology","Adrenaline"],"picked":"Malaise","floor":33.0},{"not_picked":["Finisher","Slice"],"picked":"Catalyst","floor":35.0},{"not_picked":["Well Laid Plans+1","Deflect","Dagger Spray"],"picked":"Singing Bowl","floor":36.0},{"not_picked":["Well Laid Plans+1","Backstab","Blade Dance"],"picked":"Singing Bowl","floor":39}],"player_experience":609855,"relics_obtained":[{"floor":7.0,"key":"Pantograph"},{"floor":9.0,"key":"War Paint"},{"floor":10.0,"key":"Tingsha"},{"floor":12.0,"key":"Juzu Bracelet"},{"floor":25.0,"key":"Peace Pipe"},{"floor":26.0,"key":"Frozen Egg 2"},{"floor":27.0,"key":"Nunchaku"}],"event_choices":[{"damage_healed":0.0,"max_hp_gain":0.0,"max_hp_loss":0.0,"gold_gain":0.0,"event_name":"The Cleric","player_choice":"Leave","floor":5.0,"gold_loss":0.0,"damage_taken":0.0},{"damage_healed":0.0,"max_hp_gain":0.0,"max_hp_loss":0.0,"gold_gain":0.0,"event_name":"The Mausoleum","player_choice":"Opened","floor":20.0,"gold_loss":0.0,"damage_taken":0.0,"relics_obtained":["Singing Bowl"]},{"cards_removed":["A Thousand Cuts"],"damage_healed":6.0,"max_hp_gain":10.0,"max_hp_loss":0.0,"gold_gain":0.0,"event_name":"Bonfire Elementals","player_choice":"Offered Rare","floor":24.0,"gold_loss":0.0,"damage_taken":0.0},{"damage_healed":0.0,"max_hp_gain":0.0,"max_hp_loss":0.0,"gold_gain":99.0,"event_name":"Nest","player_choice":"Stole From Cult","floor":31.0,"gold_loss":0.0,"damage_taken":0.0},{"cards_removed":["Quick Slash"],"damage_healed":0.0,"max_hp_gain":0.0,"max_hp_loss":0.0,"gold_gain":0.0,"event_name":"Purifier","player_choice":"Purged","floor":37.0,"gold_loss":0.0,"damage_taken":0.0}],"is_beta":true,"boss_relics":[{"not_picked":["Black Star","Empty Cage"],"picked":"Pandora\u0027s Box"},{"not_picked":["HoveringKite","White Beast Statue"],"picked":"Velvet Choker"}],"items_purged_floors":[30],"is_endless":false,"potions_floor_spawned":[1,2,12,13,16,21,22,25,33,35,39],"killed_by":"Giant Head","ascension_level":14}