{"gold_per_floor":[115,130,205,14,14,14,29,42,42,74,93,112,145,163,163,267,267,280,280,104,114,124,158,158,158,185,110,125,125,125,137,137,235,235,251,251,261,280,292,292,319,619,667,697,697,707,742,742,742,742,742,742,137,167,167],"floor_reached":56,"playtime":8394,"items_purged":["Strike_B","Strike_B","Sweeping Beam"],"score":1543,"play_id":"203b4513-a4d3-4471-8191-fd228ec7eaab","local_time":"20190518170056","is_ascension_mode":true,"campfire_choices":[{"data":"Sunder","floor":6,"key":"SMITH"},{"data":"Reinforced Body","floor":15,"key":"SMITH"},{"data":"Fission","floor":25,"key":"SMITH"},{"data":"Consume","floor":29,"key":"SMITH"},{"data":"Capacitor","floor":32,"key":"SMITH"},{"floor":40,"key":"RECALL"},{"data":"Loop","floor":45,"key":"SMITH"},{"data":"Biased Cognition","floor":49,"key":"SMITH"},{"data":"Static Discharge","floor":52,"key":"SMITH"}],"neow_cost":"NONE","seed_source_timestamp":11676811350500,"circlet_count":0,"master_deck":["Defend_B+1","Defend_B+1","Defend_B+1","Defend_B+1","Zap+1","Ball Lightning","Capacitor+1","FTL","Sunder+1","Coolheaded","Undo","Skim","Consume+1","Reinforced Body+1","Fission+1","FTL","Loop","Go for the Eyes+1","Coolheaded+1","Coolheaded+1","Self Repair","BootSequence+1","Biased Cognition+1","Beam Cell+1","Dark Shackles","Flash of Steel","Melter+1","Loop+1","Static Discharge+1","White Noise","Capacitor+1","Reprogram+1","Chill","Apotheosis","Glacier","Core Surge"],"relics":["Cracked Core","Question Card","Dead Branch","Bottled Tornado","Sozu","Meat on the Bone","DataDisk","Runic Pyramid","Blood Vial","Happy Flower","Juzu Bracelet","Membership Card","Sundial","Orichalcum","Centennial Puzzle"],"potions_floor_usage":[13,55,55],"damage_taken":[{"damage":1,"enemies":"Cultist","floor":1,"turns":3},{"damage":0,"enemies":"Small Slimes","floor":2,"turns":2},{"damage":2,"enemies":"Jaw Worm","floor":7,"turns":2},{"damage":0,"enemies":"Gremlin Gang","floor":8,"turns":3},{"damage":21,"enemies":"Lagavulin","floor":10,"turns":6},{"damage":6,"enemies":"Exordium Thugs","floor":11,"turns":3},{"damage":0,"enemies":"2 Fungi Beasts","floor":12,"turns":2},{"damage":5,"enemies":"Gremlin Nob","floor":13,"turns":3},{"damage":8,"enemies":"Exordium Wildlife","floor":14,"turns":3},{"damage":3,"enemies":"Hexaghost","floor":16,"turns":12},{"damage":0,"enemies":"Chosen","floor":18,"turns":4},{"damage":12,"enemies":"2 Thieves","floor":21,"turns":4},{"damage":1,"enemies":"Cultist and Chosen","floor":22,"turns":6},{"damage":20,"enemies":"Book of Stabbing","floor":23,"turns":7},{"damage":0,"enemies":"Centurion and Healer","floor":28,"turns":5},{"damage":3,"enemies":"Snake Plant","floor":31,"turns":5},{"damage":2,"enemies":"Collector","floor":33,"turns":7},{"damage":0,"enemies":"3 Shapes","floor":35,"turns":3},{"damage":1,"enemies":"3 Darklings","floor":37,"turns":4},{"damage":8,"enemies":"Writhing Mass","floor":38,"turns":6},{"damage":5,"enemies":"Jaw Worm Horde","floor":39,"turns":5},{"damage":18,"enemies":"Nemesis","floor":41,"turns":9},{"damage":14,"enemies":"Giant Head","floor":44,"turns":10},{"damage":5,"enemies":"Sphere and 2 Shapes","floor":46,"turns":3},{"damage":26,"enemies":"Reptomancer","floor":47,"turns":7},{"damage":0,"enemies":"Donu and Deca","floor":50,"turns":10},{"damage":8,"enemies":"Shield and Spear","floor":54,"turns":10},{"damage":56,"enemies":"The Heart","floor":55,"turns":17}],"seed_played":"-1552496560967507931","potions_obtained":[{"floor":7,"key":"SkillPotion"},{"floor":8,"key":"FearPotion"},{"floor":10,"key":"GamblersBrew"},{"floor":13,"key":"SkillPotion"}],"is_trial":false,"path_per_floor":["M","M","?","$","?","R","M","M","T","E","M","M","E","M","R","B",null,"M","?","$","M","M","E","?","R","T","?","M","R","$","M","R","B",null,"M","?","M","M","M","R","E","?","T","E","R","M","E","?","R","B",null,"R","$","E","B",null],"character_chosen":"DEFECT","items_purchased":["FTL","Sunder","Loop","Membership Card","Apotheosis","Sundial","Glacier","Orichalcum"],"campfire_rested":0,"item_purchase_floors":[4,4,20,53,53,53,53,53],"current_hp_per_floor":[74,74,63,63,63,63,61,61,61,40,34,34,29,21,21,18,61,61,61,61,49,48,28,28,28,28,28,40,40,40,56,56,61,72,75,65,71,70,72,72,61,61,61,63,63,67,50,50,50,59,71,71,71,75,38],"gold":167,"neow_bonus":"UPGRADE_CARD","is_prod":false,"is_daily":false,"chose_seed":false,"campfire_upgraded":8,"win_rate":0,"timestamp":1558179056,"path_taken":["M","?","?","$","?","R","M","?","T","E","M","M","E","M","R","BOSS","M","?","$","?","M","E","?","R","T","?","M","R","$","M","R","BOSS","M","?","M","M","M","R","E","?","T","E","R","M","E","?","R","BOSS","R","$","E","BOSS"],"build_version":"2019-01-23","purchased_purges":3,"victory":true,"max_hp_per_floor":[75,75,75,75,75,75,75,75,75,75,75,75,75,75,75,75,75,75,75,75,75,75,75,75,75,75,75,75,75,75,75,75,75,75,75,75,75,75,75,75,75,75,75,75,75,75,75,75,75,75,75,75,75,75,75],"card_choices":[{"not_picked":["Compile Driver","Steam"],"picked":"Ball Lightning","floor":1},{"not_picked":["Lockon","Aggregate"],"picked":"Capacitor","floor":2},{"not_picked":["Double Energy","Ball Lightning","Streamline"],"picked":"SKIP","floor":7},{"not_picked":["Beam Cell","Conserve Battery"],"picked":"Coolheaded","floor":8},{"not_picked":["Reprogram","Redo","Buffer"],"picked":"Undo","floor":10},{"not_picked":["Aggregate","Turbo","Steam Power"],"picked":"Skim","floor":11},{"not_picked":["Stack","Hologram","Streamline"],"picked":"Sweeping Beam","floor":12},{"not_picked":["Sweeping Beam","Gash","Barrage"],"picked":"Consume","floor":13},{"not_picked":["Capacitor","Streamline","Turbo"],"picked":"Reinforced Body","floor":14},{"not_picked":["Meteor Strike","All For One","Core Surge"],"picked":"Fission","floor":16},{"not_picked":["Ball Lightning","Streamline","Gash"],"picked":"FTL","floor":18},{"not_picked":["Rebound","Scrape","Cold Snap"],"picked":"Go for the Eyes+1","floor":21},{"not_picked":["Streamline+1","Self Repair","Chaos"],"picked":"Coolheaded+1","floor":22},{"not_picked":["Leap","Chaos","FTL+1"],"picked":"Coolheaded+1","floor":23},{"not_picked":["Coolheaded","Gash","Streamline"],"picked":"Self Repair","floor":28},{"not_picked":["Buffer","Undo","Ball Lightning"],"picked":"BootSequence+1","floor":31},{"not_picked":["All For One","Machine Learning","Creative AI"],"picked":"Biased Cognition","floor":33},{"not_picked":["Go for the Eyes","Force Field","Sweeping Beam+1"],"picked":"Beam Cell+1","floor":35},{"not_picked":["Flash of Steel","Deep Breath","Finesse"],"picked":"Dark Shackles","floor":36},{"not_picked":["Swift Strike","Transmutation","Jack Of All Trades"],"picked":"Flash of Steel","floor":36},{"not_picked":["Steam+1","Sweeping Beam","Lockon+1"],"picked":"Melter+1","floor":37},{"not_picked":["Lockon+1","Redo+1","Stack"],"picked":"Loop","floor":38},{"not_picked":["Sunder","Redo+1","Coolheaded"],"picked":"Static Discharge","floor":39},{"not_picked":["Force Field+1","Gash+1","Turbo"],"picked":"White Noise","floor":41},{"not_picked":["Fusion+1","Melter","Loop+1"],"picked":"Capacitor+1","floor":44},{"not_picked":["Static Discharge+1","Turbo+1","Gash+1"],"picked":"Reprogram+1","floor":46},{"not_picked":["Stack+1","Loop","Machine Learning"],"picked":"Chill","floor":47},{"not_picked":["Glacier","Go for the Eyes","Stack+1"],"picked":"Core Surge","floor":54}],"player_experience":211795,"relics_obtained":[{"floor":9,"key":"Question Card"},{"floor":10,"key":"Dead Branch"},{"floor":13,"key":"Bottled Tornado"},{"floor":23,"key":"Meat on the Bone"},{"floor":26,"key":"DataDisk"},{"floor":41,"key":"Blood Vial"},{"floor":44,"key":"Happy Flower"},{"floor":47,"key":"Juzu Bracelet"},{"floor":54,"key":"Centennial Puzzle"}],"event_choices":[{"damage_healed":0,"gold_gain":75,"player_choice":"Gather Gold","damage_taken":11,"max_hp_gain":0,"max_hp_loss":0,"event_name":"World of Goop","floor":3,"gold_loss":0},{"cards_removed":["Strike_B"],"damage_healed":0,"gold_gain":0,"player_choice":"Purged","damage_taken":0,"max_hp_gain":0,"max_hp_loss":0,"event_name":"Purifier","floor":5,"gold_loss":0},{"damage_healed":0,"gold_gain":0,"player_choice":"Got Potions","damage_taken":0,"max_hp_gain":0,"max_hp_loss":0,"event_name":"Lab","floor":19,"gold_loss":0},{"damage_healed":0,"gold_gain":0,"player_choice":"Simplicity","damage_taken":0,"max_hp_gain":0,"max_hp_loss":0,"event_name":"Back to Basics","floor":24,"gold_loss":0,"cards_upgraded":["Strike_B","Defend_B","Defend_B","Defend_B","Defend_B"]},{"cards_removed":["Strike_B"],"damage_healed":0,"gold_gain":0,"player_choice":"Gave Gold","damage_taken":0,"max_hp_gain":0,"max_hp_loss":0,"event_name":"Beggar","floor":27,"gold_loss":75},{"damage_healed":0,"gold_gain":0,"player_choice":"Memory 3","damage_taken":10,"max_hp_gain":0,"max_hp_loss":0,"event_name":"SensoryStone","floor":36,"gold_loss":0},{"damage_healed":0,"gold_gain":300,"player_choice":"Gold","damage_taken":0,"max_hp_gain":0,"max_hp_loss":0,"event_name":"Wheel of Change","floor":42,"gold_loss":0},{"cards_removed":["Dualcast"],"damage_healed":0,"gold_gain":0,"player_choice":"Removed Skill","damage_taken":0,"max_hp_gain":0,"max_hp_loss":0,"event_name":"Falling","floor":48,"gold_loss":0}],"is_beta":false,"boss_relics":[{"not_picked":["Fusion Hammer","Velvet Choker"],"picked":"Sozu"},{"not_picked":["Busted Crown","Cursed Key"],"picked":"Runic Pyramid"}],"items_purged_floors":[4,20,53],"is_endless":false,"potions_floor_spawned":[7,8,10,13,18,21,22,37,38,47,54],"ascension_level":5}