{"gold_per_floor":[111,211,223,223,240,240,315,285,285,299,299,299],"floor_reached":12,"playtime":606,"items_purged":[],"score":92,"play_id":"c81c8158-82ae-48ac-8c36-42facfa04291","local_time":"20181110102224","is_ascension_mode":true,"campfire_choices":[{"data":"Fusion","floor":6,"key":"SMITH"}],"neow_cost":"NONE","seed_source_timestamp":490830743254393,"circlet_count":0,"master_deck":["Strike_B","Strike_B","Strike_B","Defend_B","Defend_B","Defend_B","Defend_B","Zap","Dualcast","Seek","Go for the Eyes","Auto Shields","Fusion+1","Leap"],"relics":["Cracked Core","Matryoshka"],"potions_floor_usage":[12,12],"damage_taken":[{"damage":0,"enemies":"Small Slimes","floor":1,"turns":3},{"damage":0,"enemies":"Cultist","floor":3,"turns":3},{"damage":0,"enemies":"2 Louse","floor":5,"turns":2},{"damage":1,"enemies":"Looter","floor":8,"turns":4},{"damage":10,"enemies":"2 Fungi Beasts","floor":10,"turns":3},{"damage":105,"enemies":"Gremlin Nob","floor":12,"turns":7}],"seed_played":"-7558911121945151729","potions_obtained":[{"floor":3,"key":"Regen Potion"},{"floor":10,"key":"LiquidBronze"}],"is_trial":false,"path_per_floor":["M","?","M","?","M","R","?","M","T","M","?","E"],"character_chosen":"DEFECT","items_purchased":[],"campfire_rested":0,"item_purchase_floors":[],"current_hp_per_floor":[68,68,68,73,73,73,62,61,61,51,51,0],"gold":299,"neow_bonus":"ONE_RANDOM_RARE_CARD","is_prod":false,"is_daily":false,"chose_seed":false,"campfire_upgraded":1,"win_rate":0,"timestamp":1541863344,"path_taken":["M","?","?","?","M","R","?","M","T","M","?","E"],"build_version":"2018-11-08","purchased_purges":0,"victory":false,"max_hp_per_floor":[75,75,75,80,80,80,80,80,80,80,80,80],"card_choices":[{"not_picked":["Streamline","Steam"],"picked":"Go for the Eyes","floor":1},{"not_picked":["Rebound","Biased Cognition"],"picked":"Auto Shields","floor":3},{"not_picked":["Compile Driver","Static Discharge"],"picked":"Fusion","floor":5},{"not_picked":["Rebound","Go for the Eyes","Blizzard"],"picked":"SKIP","floor":8},{"not_picked":["Coolheaded","Streamline"],"picked":"Leap","floor":10}],"player_experience":337349,"relics_obtained":[{"floor":9,"key":"Matryoshka"}],"event_choices":[{"damage_healed":0,"gold_gain":100,"player_choice":"Pray","damage_taken":0,"max_hp_gain":0,"max_hp_loss":0,"event_name":"Golden Shrine","floor":2,"gold_loss":0},{"damage_healed":0,"gold_gain":0,"player_choice":"Donut","damage_taken":0,"max_hp_gain":5,"max_hp_loss":0,"event_name":"Big Fish","floor":4,"gold_loss":0},{"damage_healed":0,"gold_gain":75,"player_choice":"Gather Gold","damage_taken":11,"max_hp_gain":0,"max_hp_loss":0,"event_name":"World of Goop","floor":7,"gold_loss":0},{"cards_removed":["Strike_B"],"damage_healed":0,"gold_gain":0,"player_choice":"Offered Basic","damage_taken":0,"max_hp_gain":0,"max_hp_loss":0,"event_name":"Bonfire Elementals","floor":11,"gold_loss":0}],"is_beta":true,"boss_relics":[],"items_purged_floors":[],"is_endless":false,"potions_floor_spawned":[3,10],"killed_by":"Gremlin Nob","ascension_level":7}