{"gold_per_floor":[112,37,112,287,298,298,318,318,343,363,363,107,142,161,161,263,263,274,274,274,260,280,280,297,297,297,297],"floor_reached":27,"playtime":752,"items_purged":["Doubt"],"score":210,"play_id":"03960b7c-bf67-4e06-bb64-d1f9a427b5c5","local_time":"20190124221601","is_ascension_mode":false,"campfire_choices":[{"data":"Loop","floor":6,"key":"SMITH"},{"data":"Zap","floor":8,"key":"SMITH"},{"data":"Thinking Ahead","floor":15,"key":"SMITH"},{"floor":23,"key":"REST"}],"neow_cost":"NONE","seed_source_timestamp":9228382082040,"circlet_count":0,"master_deck":["Strike_B","Strike_B","Strike_B","Strike_B","Defend_B","Defend_B","Defend_B","Defend_B","Zap+1","Dualcast","Self Repair","Self Repair","Loop+1","Lockon","Melter","Thinking Ahead+1","Cold Snap","Echo Form","Defragment+1","Conserve Battery","Reinforced Body"],"special_seed":0,"relics":["Cracked Core","NeowsBlessing","Odd Mushroom","Regal Pillow","Turnip","Calipers","Inserter","Singing Bowl","Spirit Poop","Question Card"],"potions_floor_usage":[16,18,27],"damage_taken":[{"damage":0.0,"enemies":"Small Slimes","floor":1.0,"turns":1.0},{"damage":0,"enemies":"2 Louse","floor":5,"turns":1},{"damage":0,"enemies":"The Mushroom Lair","floor":7,"turns":1},{"damage":1,"enemies":"Cultist","floor":10,"turns":3},{"damage":38,"enemies":"Lagavulin","floor":13,"turns":5},{"damage":7,"enemies":"Looter","floor":14,"turns":3},{"damage":31,"enemies":"The Guardian","floor":16,"turns":12},{"damage":26,"enemies":"Chosen","floor":18,"turns":6},{"damage":40,"enemies":"2 Thieves","floor":21,"turns":5},{"damage":25,"enemies":"Cultist and Chosen","floor":22,"turns":8},{"damage":70,"enemies":"3 Cultists","floor":24,"turns":7},{"damage":11,"enemies":"Centurion and Healer","floor":27,"turns":1}],"seed_played":"3379734309930298265","potions_obtained":[{"floor":5,"key":"EssenceOfSteel"},{"floor":7,"key":"SkillPotion"},{"floor":13,"key":"Energy Potion"},{"floor":24,"key":"EssenceOfSteel"}],"is_trial":false,"path_per_floor":["M","$","?","?","M","R","?","R","T","M","?","$","E","M","R","B",null,"M","T","?","M","M","R","M","?","T","M"],"character_chosen":"DEFECT","items_purchased":["Self Repair","Thinking Ahead"],"campfire_rested":1,"item_purchase_floors":[2,12],"current_hp_per_floor":[75,75,64,64,71,71,71,71,71,75,75,75,51,58,58,41,75,63,63,63,46,35,73,10,10,10,0],"gold":297,"neow_bonus":"THREE_ENEMY_KILL","is_prod":false,"is_daily":false,"chose_seed":false,"campfire_upgraded":3,"win_rate":0,"timestamp":1548386161,"path_taken":["M","$","?","?","M","R","?","R","T","M","?","?","E","M","R","BOSS","M","?","?","M","M","R","M","?","T","M"],"build_version":"2019-01-23","purchased_purges":1,"victory":false,"max_hp_per_floor":[75,75,75,75,75,75,75,75,75,75,75,75,75,75,75,75,75,75,75,75,77,77,77,77,77,77,77],"card_choices":[{"not_picked":["Sweeping Beam","Storm"],"picked":"Self Repair","floor":1.0},{"not_picked":["Stack","Sweeping Beam"],"picked":"Loop","floor":5},{"not_picked":["Barrage","Hologram"],"picked":"Lockon","floor":7},{"not_picked":["Sweeping Beam","Ball Lightning"],"picked":"Melter","floor":10},{"not_picked":["Redo","Hyperbeam","Sweeping Beam"],"picked":"SKIP","floor":13},{"not_picked":["Fusion","Static Discharge"],"picked":"Cold Snap","floor":14},{"not_picked":["Reboot","Rainbow"],"picked":"Echo Form","floor":16},{"not_picked":["Doom and Gloom","Leap"],"picked":"Defragment+1","floor":18},{"not_picked":["Compile Driver","Tempest","Chaos"],"picked":"Singing Bowl","floor":21},{"not_picked":["Gash","FTL"],"picked":"Conserve Battery","floor":22},{"not_picked":["Storm","Gash"],"picked":"Reinforced Body","floor":24}],"player_experience":529827,"relics_obtained":[{"floor":7,"key":"Odd Mushroom"},{"floor":9,"key":"Regal Pillow"},{"floor":13,"key":"Calipers"},{"floor":19,"key":"Singing Bowl"},{"floor":26,"key":"Question Card"}],"event_choices":[{"damage_healed":0.0,"max_hp_gain":0.0,"max_hp_loss":0.0,"gold_gain":75.0,"event_name":"World of Goop","player_choice":"Gather Gold","floor":3.0,"gold_loss":0.0,"damage_taken":11.0},{"damage_healed":0.0,"max_hp_gain":0.0,"max_hp_loss":0.0,"gold_gain":175.0,"event_name":"Liars Game","player_choice":"AGREE","floor":4.0,"gold_loss":0.0,"damage_taken":0.0,"cards_obtained":["Doubt"]},{"damage_healed":0,"gold_gain":0,"player_choice":"Fought Mushrooms","damage_taken":0,"max_hp_gain":0,"max_hp_loss":0,"event_name":"Mushrooms","floor":7,"gold_loss":0},{"damage_healed":0,"gold_gain":0,"player_choice":"Box","damage_taken":0,"relics_obtained":["Turnip"],"max_hp_gain":0,"max_hp_loss":0,"event_name":"Big Fish","floor":11,"gold_loss":0,"cards_obtained":["Regret"]},{"damage_healed":0,"gold_gain":0,"player_choice":"Ignored","damage_taken":0,"max_hp_gain":0,"max_hp_loss":0,"event_name":"Ghosts","floor":20,"gold_loss":0},{"cards_removed":["Regret"],"damage_healed":0,"gold_gain":0,"player_choice":"Offered Curse","damage_taken":0,"relics_obtained":["Spirit Poop"],"max_hp_gain":0,"max_hp_loss":0,"event_name":"Bonfire Elementals","floor":25,"gold_loss":0}],"is_beta":true,"boss_relics":[{"not_picked":["Cursed Key","Snecko Eye"],"picked":"Inserter"}],"items_purged_floors":[12],"is_endless":false,"potions_floor_spawned":[5,7,13,14,24],"killed_by":"Centurion and Healer","ascension_level":0}