{"gold_per_floor":[114,114,64,239,252,285,285,318,318,338,338,19,19,19,19,119,119,139,139,157,171,189,189,219,246,246,118,118,43,43,43,43,147,147,158,233,248,261,8,43,43,54,54,82,109,137,137,148,148,148],"floor_reached":51,"playtime":1772,"items_purged":["Regret","Defend_R","Defend_R"],"score":934,"play_id":"f890d561-a060-4828-a6a5-d817895bc321","local_time":"20190518121357","is_ascension_mode":false,"campfire_choices":[{"data":"Bash","floor":7.0,"key":"SMITH"},{"data":"Cleave","floor":11.0,"key":"SMITH"},{"data":"Cleave","floor":13.0,"key":"SMITH"},{"data":"Iron Wave","floor":15.0,"key":"SMITH"},{"data":"Immolate","floor":23.0,"key":"SMITH"},{"data":"Thunderclap","floor":30.0,"key":"SMITH"},{"data":"Strike_R","floor":32.0,"key":"SMITH"},{"data":"Reaper","floor":49.0,"key":"SMITH"}],"neow_cost":"NONE","seed_source_timestamp":65275368300400,"circlet_count":0,"master_deck":["Strike_R+1","Strike_R+1","Strike_R","Strike_R","Bash+1","Cleave+1","Anger+1","Cleave+1","Iron Wave+1","Immolate+1","Clash+1","Thunderclap+1","Rage+1","Flex+1","Limit Break+1","Rage+1","True Grit+1","Reaper+1"],"special_seed":0,"relics":["Burning Blood","Bronze Scales","Blue Candle","FossilizedHelix","Singing Bowl","Whetstone","Membership Card","Anchor","Empty Cage","Red Mask","Dream Catcher","Toxic Egg 2","Omamori","Sozu","Brimstone","Ginger","Mango","Mercury Hourglass","Pen Nib","Sundial"],"potions_floor_usage":[],"damage_taken":[{"damage":3.0,"enemies":"2 Louse","floor":1.0,"turns":3.0},{"damage":12.0,"enemies":"Jaw Worm","floor":5.0,"turns":2.0},{"damage":38.0,"enemies":"Lagavulin","floor":6.0,"turns":6.0},{"damage":23.0,"enemies":"3 Sentries","floor":8.0,"turns":6.0},{"damage":0.0,"enemies":"Small Slimes","floor":10.0,"turns":2.0},{"damage":0.0,"enemies":"Slime Boss","floor":16.0,"turns":8.0},{"damage":0.0,"enemies":"Chosen","floor":18.0,"turns":3.0},{"damage":18.0,"enemies":"Shell Parasite","floor":20.0,"turns":3.0},{"damage":0.0,"enemies":"Centurion and Healer","floor":21.0,"turns":4.0},{"damage":0.0,"enemies":"Cultist and Chosen","floor":22.0,"turns":3.0},{"damage":0.0,"enemies":"Masked Bandits","floor":24.0,"turns":2.0},{"damage":18.0,"enemies":"Gremlin Leader","floor":25.0,"turns":5.0},{"damage":30.0,"enemies":"Champ","floor":33.0,"turns":10.0},{"damage":0.0,"enemies":"3 Shapes","floor":35.0,"turns":3.0},{"damage":0.0,"enemies":"3 Darklings","floor":37.0,"turns":2.0},{"damage":13.0,"enemies":"Spire Growth","floor":38.0,"turns":4.0},{"damage":8.0,"enemies":"Nemesis","floor":40.0,"turns":3.0},{"damage":0.0,"enemies":"Sphere and 2 Shapes","floor":42.0,"turns":2.0},{"damage":0.0,"enemies":"Giant Head","floor":44.0,"turns":5.0},{"damage":0.0,"enemies":"Reptomancer","floor":46.0,"turns":3.0},{"damage":0.0,"enemies":"Jaw Worm Horde","floor":48.0,"turns":2.0},{"damage":96,"enemies":"Awakened One","floor":50,"turns":8}],"seed_played":"-2116071392063225084","potions_obtained":[{"floor":6.0,"key":"Regen Potion"},{"floor":16.0,"key":"Energy Potion"},{"floor":19.0,"key":"Fruit Juice"},{"floor":19.0,"key":"Regen Potion"},{"floor":19.0,"key":"EssenceOfSteel"},{"floor":21.0,"key":"Dexterity Potion"},{"floor":24.0,"key":"EssenceOfSteel"},{"floor":33.0,"key":"SpeedPotion"}],"is_trial":false,"path_per_floor":["M","?","$","?","M","E","R","E","T","M","R","$","R","?","R","B",null,"M","?","M","M","M","R","?","E","T","$","?","$","R","?","R","B",null,"M","?","M","M","$","E","?","M","T","E","T","E","?","M","R","B",null],"character_chosen":"IRONCLAD","items_purchased":["Anger","Membership Card","Anchor","Omamori","Flex+1","Brimstone","Ginger"],"campfire_rested":0,"item_purchase_floors":[3,12,12,27,29,39,39],"current_hp_per_floor":[80,80,80,80,74,42,42,42,42,50,50,50,50,50,50,56,84,86,91,79,85,93,93,93,83,83,83,83,83,83,95,95,71,95,95,86,92,87,87,101,113,115,115,117,117,117,117,119,119,47],"gold":148,"neow_bonus":"RANDOM_COMMON_RELIC","is_prod":false,"is_daily":false,"chose_seed":false,"campfire_upgraded":8,"win_rate":0,"timestamp":1558196037,"path_taken":["M","?","$","?","M","E","R","E","T","M","R","$","R","?","R","BOSS","M","?","M","M","?","R","?","E","T","?","?","$","R","?","R","BOSS","M","?","?","M","$","E","?","M","T","E","?","E","?","?","R","BOSS"],"build_version":"2019-05-07","purchased_purges":3,"victory":true,"max_hp_per_floor":[80,80,80,80,80,80,80,82,82,84,84,84,84,84,84,84,84,86,91,91,91,93,93,93,95,95,95,95,95,95,95,95,95,95,95,95,95,97,97,113,113,115,115,117,117,117,117,119,119,119],"card_choices":[{"not_picked":["Iron Wave","Metallicize"],"picked":"Cleave","floor":1.0},{"not_picked":["Anger","Perfected Strike"],"picked":"Cleave","floor":5.0},{"not_picked":["Warcry","Perfected Strike"],"picked":"Iron Wave","floor":6.0},{"not_picked":["Warcry","Perfected Strike","Sever Soul"],"picked":"Singing Bowl","floor":8.0},{"not_picked":["Sentinel","Dropkick","Cleave"],"picked":"Singing Bowl","floor":10.0},{"not_picked":["Offering","Impervious"],"picked":"Immolate","floor":16.0},{"not_picked":["Armaments","Twin Strike","Dual Wield"],"picked":"Singing Bowl","floor":18.0},{"not_picked":["Heavy Blade","Anger"],"picked":"Clash+1","floor":20.0},{"not_picked":["Shrug It Off","Demon Form"],"picked":"Thunderclap","floor":21.0},{"not_picked":["Pummel+1","Evolve","Reckless Charge+1"],"picked":"Singing Bowl","floor":22.0},{"not_picked":["Twin Strike","Iron Wave"],"picked":"Rage+1","floor":24.0},{"not_picked":["Body Slam","Reckless Charge","Clothesline+1"],"picked":"Singing Bowl","floor":25.0},{"not_picked":["Berserk","Demon Form"],"picked":"Limit Break+1","floor":33.0},{"not_picked":["Wild Strike","Headbutt+1"],"picked":"Rage+1","floor":35.0},{"not_picked":["Thunderclap","Iron Wave+1"],"picked":"True Grit+1","floor":37.0},{"not_picked":["Anger","Body Slam","Perfected Strike+1"],"picked":"Singing Bowl","floor":38.0},{"not_picked":["Bludgeon","Cleave+1","Evolve+1"],"picked":"Singing Bowl","floor":40.0},{"not_picked":["Armaments+1","Spot Weakness+1","Iron Wave"],"picked":"Singing Bowl","floor":42.0},{"not_picked":["Sentinel+1","Perfected Strike+1","Fire Breathing"],"picked":"Singing Bowl","floor":44.0},{"not_picked":["Shrug It Off+1","Pommel Strike"],"picked":"Reaper","floor":46.0},{"not_picked":["Iron Wave+1","Pommel Strike+1","Combust"],"picked":"Singing Bowl","floor":48.0}],"player_experience":707709,"relics_obtained":[{"floor":6.0,"key":"FossilizedHelix"},{"floor":8.0,"key":"Singing Bowl"},{"floor":9.0,"key":"Whetstone"},{"floor":24.0,"key":"Red Mask"},{"floor":25.0,"key":"Dream Catcher"},{"floor":26.0,"key":"Toxic Egg 2"},{"floor":40.0,"key":"Mango"},{"floor":44.0,"key":"Mercury Hourglass"},{"floor":45.0,"key":"Pen Nib"},{"floor":46.0,"key":"Sundial"}],"event_choices":[{"damage_healed":0.0,"max_hp_gain":0.0,"max_hp_loss":0.0,"gold_gain":0.0,"event_name":"Big Fish","player_choice":"Box","floor":2.0,"gold_loss":0.0,"damage_taken":0.0,"relics_obtained":["Blue Candle"],"cards_obtained":["Regret"]},{"damage_healed":0.0,"max_hp_gain":0.0,"max_hp_loss":0.0,"gold_gain":175.0,"event_name":"Liars Game","player_choice":"AGREE","floor":4.0,"gold_loss":0.0,"damage_taken":0.0,"cards_obtained":["Doubt"]},{"cards_removed":["Doubt"],"damage_healed":0.0,"max_hp_gain":0.0,"max_hp_loss":0.0,"gold_gain":0.0,"event_name":"Living Wall","player_choice":"Forget","floor":14.0,"gold_loss":0.0,"damage_taken":0.0},{"damage_healed":0.0,"max_hp_gain":0.0,"max_hp_loss":0.0,"gold_gain":0.0,"event_name":"Lab","player_choice":"Got Potions","floor":19.0,"gold_loss":0.0,"damage_taken":0.0},{"damage_healed":0.0,"max_hp_gain":0.0,"max_hp_loss":0.0,"gold_gain":0.0,"event_name":"Masked Bandits","player_choice":"Fought Bandits","floor":24.0,"gold_loss":0.0,"damage_taken":0.0},{"damage_healed":0.0,"max_hp_gain":0.0,"max_hp_loss":0.0,"gold_gain":0.0,"event_name":"Forgotten Altar","player_choice":"Smashed Altar","floor":28.0,"gold_loss":0.0,"damage_taken":0.0,"cards_obtained":["Decay"]},{"damage_healed":31.0,"max_hp_gain":0.0,"max_hp_loss":0.0,"gold_gain":0.0,"event_name":"The Library","player_choice":"Heal","floor":31.0,"gold_loss":0.0,"damage_taken":0.0},{"damage_healed":0.0,"max_hp_gain":0.0,"max_hp_loss":0.0,"gold_gain":75.0,"event_name":"FaceTrader","player_choice":"Touch","floor":36.0,"gold_loss":0.0,"damage_taken":9.0},{"damage_healed":28.0,"max_hp_gain":0.0,"max_hp_loss":0.0,"gold_gain":0.0,"event_name":"Winding Halls","player_choice":"Writhe","floor":41.0,"gold_loss":0.0,"damage_taken":0.0,"cards_obtained":["Writhe"]},{"cards_removed":["Defend_R"],"damage_healed":0.0,"max_hp_gain":0.0,"max_hp_loss":0.0,"gold_gain":0.0,"event_name":"Wheel of Change","player_choice":"Card Removal","floor":47.0,"gold_loss":0.0,"damage_taken":0.0}],"is_beta":true,"boss_relics":[{"not_picked":["Black Star","Orrery"],"picked":"Empty Cage"},{"not_picked":["Black Blood","Calling Bell"],"picked":"Sozu"}],"items_purged_floors":[12,27,29],"is_endless":false,"potions_floor_spawned":[6,16,21,24,33,37,42,44,48],"ascension_level":0}