{"gold_per_floor":[218,84,84,84,99,99,135,135,162,235,271,271,284,318,318,408,408,426,426,426,426,445,445,772,790,815,4,4,4,4,34,34,34],"floor_reached":33,"playtime":2073,"items_purged":["Injury"],"score":560,"play_id":"6be79f6b-e023-415d-ba08-803494c9eeeb","local_time":"20190529000835","is_ascension_mode":true,"campfire_choices":[{"data":"Glass Knife","floor":6.0,"key":"SMITH"},{"floor":8.0,"key":"REST"},{"data":"Skewer","floor":12.0,"key":"SMITH"},{"floor":15.0,"key":"REST"},{"data":"Malaise","floor":23.0,"key":"SMITH"},{"data":"Noxious Fumes","floor":28.0,"key":"SMITH"},{"data":"Footwork","floor":30.0,"key":"SMITH"},{"data":"Skewer","floor":32.0,"key":"SMITH"}],"neow_cost":"NONE","seed_source_timestamp":0,"circlet_count":0,"master_deck":["AscendersBane","Defend_G","Defend_G","Defend_G","Defend_G","Defend_G","Survivor","Neutralize","Deadly Poison","Glass Knife+1","Skewer+1","Quick Slash","Dagger Spray","Malaise+1","Corpse Explosion","Deflect","Bite","Bite","Bite","Bite","Bite","Escape Plan","Noxious Fumes+1","Flying Knee","Footwork+1","Skewer+1"],"special_seed":0,"relics":["Ring of the Snake","Bloody Idol","Mummified Hand","Regal Pillow","Meat on the Bone","Anchor","Ice Cream","Sozu","Old Coin","Art of War","Strawberry","Lee\u0027s Waffle","Frozen Egg 2","Enchiridion","Darkstone Periapt"],"potions_floor_usage":[],"damage_taken":[{"damage":2.0,"enemies":"2 Louse","floor":1.0,"turns":5.0},{"damage":4.0,"enemies":"Small Slimes","floor":5.0,"turns":4.0},{"damage":23.0,"enemies":"Lagavulin","floor":7.0,"turns":6.0},{"damage":32.0,"enemies":"Lagavulin Event","floor":10.0,"turns":6.0},{"damage":14.0,"enemies":"3 Sentries","floor":11.0,"turns":7.0},{"damage":0.0,"enemies":"Cultist","floor":13.0,"turns":2.0},{"damage":29.0,"enemies":"Lagavulin","floor":14.0,"turns":6.0},{"damage":37.0,"enemies":"Slime Boss","floor":16.0,"turns":12.0},{"damage":8.0,"enemies":"2 Thieves","floor":18.0,"turns":2.0},{"damage":19.0,"enemies":"Spheric Guardian","floor":22.0,"turns":4.0},{"damage":15.0,"enemies":"Slavers","floor":24.0,"turns":2.0},{"damage":18.0,"enemies":"3 Cultists","floor":25.0,"turns":3.0},{"damage":23.0,"enemies":"Gremlin Leader","floor":31.0,"turns":5.0},{"damage":63,"enemies":"Collector","floor":33,"turns":5}],"seed_played":"-4093943642574436289","potions_obtained":[{"floor":7.0,"key":"SpeedPotion"},{"floor":10.0,"key":"Fire Potion"},{"floor":14.0,"key":"Swift Potion"}],"is_trial":false,"path_per_floor":["M","$","?","?","M","R","E","R","T","?","E","R","M","E","R","B",null,"M","?","?","?","M","R","E","M","T","$","R","?","R","E","R","B"],"character_chosen":"THE_SILENT","items_purchased":["Regen Potion","AttackPotion","Footwork","Strawberry","Lee\u0027s Waffle","Frozen Egg 2"],"campfire_rested":2,"item_purchase_floors":[2,2,27,27,27,27],"current_hp_per_floor":[57,57,57,57,53,53,30,49,49,32,30,30,42,25,59,34,58,50,50,46,40,35,35,36,31,36,60,60,39,39,41,41,0],"gold":34,"neow_bonus":"HUNDRED_GOLD","is_prod":false,"is_daily":false,"chose_seed":false,"campfire_upgraded":6,"win_rate":0,"timestamp":1559113715,"path_taken":["M","$","?","?","M","R","E","R","T","?","E","R","M","E","R","BOSS","M","?","?","?","?","R","E","M","T","$","R","?","R","E","R","BOSS"],"build_version":"2019-01-23","purchased_purges":1,"victory":false,"max_hp_per_floor":[66,66,66,66,66,66,66,66,66,66,66,66,66,66,66,66,66,66,66,46,46,46,46,46,46,46,60,60,60,60,60,60,60],"card_choices":[{"not_picked":["Blade Dance","Underhanded Strike"],"picked":"Deadly Poison","floor":1.0},{"not_picked":["Quick Slash","Poisoned Stab"],"picked":"Glass Knife","floor":5.0},{"not_picked":["Poisoned Stab","Outmaneuver"],"picked":"Skewer","floor":7.0},{"not_picked":["Reflex","Unload"],"picked":"Quick Slash","floor":10.0},{"not_picked":["Poisoned Stab","Skewer"],"picked":"Dagger Spray","floor":11.0},{"not_picked":["Poisoned Stab","Underhanded Strike","Deadly Poison"],"picked":"SKIP","floor":13.0},{"not_picked":["Backstab","Predator"],"picked":"Malaise","floor":14.0},{"not_picked":["Grand Finale","Envenom"],"picked":"Corpse Explosion","floor":16.0},{"not_picked":["Slice","Blade Dance+1"],"picked":"Deflect","floor":18.0},{"not_picked":["PiercingWail","Terror"],"picked":"Escape Plan","floor":22.0},{"not_picked":["Cloak And Dagger","Predator"],"picked":"Noxious Fumes","floor":24.0},{"not_picked":["Blade Dance","Acrobatics"],"picked":"Flying Knee","floor":25.0},{"not_picked":["Masterful Stab","Backflip"],"picked":"Skewer","floor":31.0}],"player_experience":498689,"relics_obtained":[{"floor":7.0,"key":"Mummified Hand"},{"floor":9.0,"key":"Regal Pillow"},{"floor":10.0,"key":"Meat on the Bone"},{"floor":11.0,"key":"Anchor"},{"floor":14.0,"key":"Ice Cream"},{"floor":24.0,"key":"Old Coin"},{"floor":26.0,"key":"Art of War"},{"floor":29.0,"key":"Enchiridion"},{"floor":31.0,"key":"Darkstone Periapt"}],"event_choices":[{"damage_healed":0.0,"max_hp_gain":0.0,"max_hp_loss":0.0,"gold_gain":0.0,"event_name":"Liars Game","player_choice":"Ignored","floor":3.0,"gold_loss":0.0,"damage_taken":0.0},{"damage_healed":0.0,"max_hp_gain":0.0,"max_hp_loss":0.0,"gold_gain":0.0,"event_name":"Golden Idol","player_choice":"Take Wound","floor":4.0,"gold_loss":0.0,"damage_taken":0.0,"relics_obtained":["Golden Idol"],"cards_obtained":["Injury"]},{"damage_healed":0.0,"max_hp_gain":0.0,"max_hp_loss":0.0,"gold_gain":0.0,"event_name":"Dead Adventurer","player_choice":"Searched \u00271\u0027 times","floor":10.0,"gold_loss":0.0,"damage_taken":0.0},{"damage_healed":0.0,"max_hp_gain":0.0,"max_hp_loss":0.0,"gold_gain":0.0,"event_name":"Forgotten Altar","player_choice":"Gave Idol","floor":19.0,"relics_lost":["Golden Idol"],"gold_loss":0.0,"damage_taken":0.0,"relics_obtained":["Bloody Idol"]},{"damage_healed":0.0,"max_hp_gain":0.0,"max_hp_loss":20.0,"gold_gain":0.0,"event_name":"Vampires","player_choice":"Became a vampire","floor":20.0,"gold_loss":0.0,"damage_taken":0.0,"cards_obtained":["Bite","Bite","Bite","Bite","Bite"]},{"damage_healed":0.0,"max_hp_gain":0.0,"max_hp_loss":0.0,"gold_gain":0.0,"event_name":"Wheel of Change","player_choice":"Damaged","floor":21.0,"gold_loss":0.0,"damage_taken":6.0},{"damage_healed":0.0,"max_hp_gain":0.0,"max_hp_loss":0.0,"gold_gain":0.0,"event_name":"Cursed Tome","player_choice":"Obtained Book","floor":29.0,"gold_loss":0.0,"damage_taken":21.0}],"is_beta":false,"boss_relics":[{"not_picked":["Pandora\u0027s Box","Coffee Dripper"],"picked":"Sozu"}],"items_purged_floors":[27],"is_endless":false,"potions_floor_spawned":[7,10,14,22,25,31],"killed_by":"Collector","ascension_level":16}