{"gold_per_floor":[112,125,142,92,107,107,185,185,263,280,280,294,294,322,322,423,423,442,442,442,455,470,470,484,514,514,844,844,25,44,69,69,165,165,184,199,210,224,57,57,57,89,89,100,117,117,145,156,156,156,156,156,40,69,69],"floor_reached":56,"playtime":2134,"items_purged":["Strike_R"],"score":1396,"play_id":"aa11cabc-a9c2-4ed3-a642-7de79847fc28","local_time":"20190517124914","is_ascension_mode":false,"campfire_choices":[{"data":"Bash","floor":6.0,"key":"SMITH"},{"data":"Searing Blow","floor":8.0,"key":"SMITH"},{"data":"Searing Blow+1","floor":11.0,"key":"SMITH"},{"data":"Searing Blow+2","floor":15.0,"key":"SMITH"},{"data":"Searing Blow+3","floor":23.0,"key":"SMITH"},{"floor":28.0,"key":"REST"},{"data":"Searing Blow+4","floor":32.0,"key":"SMITH"},{"data":"Searing Blow+5","floor":40.0,"key":"SMITH"},{"floor":46,"key":"RECALL"},{"data":"Searing Blow+6","floor":49,"key":"SMITH"},{"data":"Searing Blow+7","floor":52,"key":"SMITH"}],"neow_cost":"NONE","seed_source_timestamp":609268299584000,"circlet_count":0,"master_deck":["Strike_R","Strike_R","Strike_R","Strike_R","Defend_R","Defend_R","Defend_R","Defend_R","Bash+1","Anger","Clash","Pommel Strike","Searing Blow+8","Thunderclap","Offering","Infernal Blade+1","RitualDagger","Intimidate+1","Double Tap","Pommel Strike+1","RitualDagger","Decay"],"special_seed":0,"relics":["Burning Blood","Self Forming Clay","PreservedInsect","Lizard Tail","MutagenicStrength","The Courier","Blue Candle","Old Coin","Lantern","Vajra","Paper Frog","Matryoshka","Boot","Bag of Marbles","Coffee Dripper","DollysMirror","Meat on the Bone","Strawberry","Blood Vial","Centennial Puzzle","Happy Flower","Art of War"],"potions_floor_usage":[50,55,55],"damage_taken":[{"damage":2.0,"enemies":"2 Louse","floor":1.0,"turns":4.0},{"damage":6.0,"enemies":"Jaw Worm","floor":2.0,"turns":4.0},{"damage":3.0,"enemies":"Cultist","floor":3.0,"turns":5.0},{"damage":4.0,"enemies":"Exordium Wildlife","floor":5.0,"turns":3.0},{"damage":10.0,"enemies":"Looter","floor":10.0,"turns":2.0},{"damage":12.0,"enemies":"Blue Slaver","floor":12.0,"turns":2.0},{"damage":13.0,"enemies":"Gremlin Nob","floor":14.0,"turns":4.0},{"damage":42.0,"enemies":"Hexaghost","floor":16.0,"turns":9.0},{"damage":21.0,"enemies":"2 Thieves","floor":18.0,"turns":4.0},{"damage":11.0,"enemies":"3 Byrds","floor":21.0,"turns":3.0},{"damage":8.0,"enemies":"Shelled Parasite and Fungi","floor":22.0,"turns":4.0},{"damage":24.0,"enemies":"Snake Plant","floor":24.0,"turns":3.0},{"damage":6.0,"enemies":"Gremlin Leader","floor":25.0,"turns":5.0},{"damage":29.0,"enemies":"Slavers","floor":27.0,"turns":5.0},{"damage":6.0,"enemies":"Cultist and Chosen","floor":30.0,"turns":2.0},{"damage":6.0,"enemies":"Gremlin Leader","floor":31.0,"turns":2.0},{"damage":11.0,"enemies":"Collector","floor":33.0,"turns":4.0},{"damage":0.0,"enemies":"Orb Walker","floor":35.0,"turns":1.0},{"damage":6.0,"enemies":"3 Shapes","floor":36.0,"turns":3.0},{"damage":7.0,"enemies":"Transient","floor":37.0,"turns":5.0},{"damage":0.0,"enemies":"Sphere and 2 Shapes","floor":38.0,"turns":2.0},{"damage":6.0,"enemies":"Nemesis","floor":42.0,"turns":1.0},{"damage":0.0,"enemies":"Spire Growth","floor":44.0,"turns":1.0},{"damage":5.0,"enemies":"Writhing Mass","floor":45.0,"turns":2.0},{"damage":8,"enemies":"Giant Head","floor":47,"turns":3},{"damage":6,"enemies":"Sphere and 2 Shapes","floor":48,"turns":2},{"damage":38,"enemies":"Donu and Deca","floor":50,"turns":5},{"damage":6,"enemies":"Shield and Spear","floor":54,"turns":1},{"damage":137,"enemies":"The Heart","floor":55,"turns":8}],"seed_played":"-6324938601875782538","potions_obtained":[{"floor":1.0,"key":"Weak Potion"},{"floor":5.0,"key":"Weak Potion"},{"floor":12.0,"key":"Poison Potion"},{"floor":16.0,"key":"Regen Potion"},{"floor":18.0,"key":"Ancient Potion"},{"floor":27.0,"key":"AttackPotion"},{"floor":33.0,"key":"AttackPotion"},{"floor":35.0,"key":"PowerPotion"},{"floor":38.0,"key":"Fire Potion"},{"floor":45.0,"key":"Explosive Potion"},{"floor":48,"key":"FearPotion"}],"is_trial":false,"path_per_floor":["M","M","M","?","M","R","T","R","T","M","R","M","?","E","R","B",null,"M","?","?","M","M","R","M","E","T","E","R","$","M","E","R","B",null,"M","M","M","M","$","R","?","E","T","M","M","R","E","M","R","B",null,"R","$","E","B",null],"character_chosen":"IRONCLAD","items_purchased":["Lantern","Vajra","Paper Frog","Matryoshka","Boot","DollysMirror","Happy Flower"],"campfire_rested":1,"item_purchase_floors":[29,29,29,29,29,39,53],"current_hp_per_floor":[80,80,80,80,80,80,80,80,80,76,76,70,75,68,68,32,85,70,70,64,59,57,57,44,44,44,21,46,46,46,46,46,41,85,85,85,84,85,85,85,85,85,92,92,92,92,90,92,92,60,92,92,92,92,22],"gold":69,"neow_bonus":"ONE_RANDOM_RARE_CARD","is_prod":false,"is_daily":false,"chose_seed":false,"campfire_upgraded":9,"win_rate":0,"timestamp":1558111754,"path_taken":["M","M","M","?","M","R","?","R","T","?","R","M","?","E","R","BOSS","M","?","?","M","M","R","M","E","T","E","R","$","M","E","R","BOSS","M","M","M","M","$","R","?","E","T","M","M","R","E","?","R","BOSS","R","$","E","BOSS"],"build_version":"2019-05-07","purchased_purges":1,"victory":true,"max_hp_per_floor":[80,80,80,80,80,80,80,80,80,80,80,80,85,85,85,85,85,85,85,85,85,85,85,85,85,85,85,85,85,85,85,85,85,85,85,85,85,85,85,85,85,85,92,92,92,92,92,92,92,92,92,92,92,92,92],"card_choices":[{"not_picked":["Rage","Cleave"],"picked":"Anger","floor":1.0},{"not_picked":["Metallicize","Body Slam"],"picked":"Clash","floor":2.0},{"not_picked":["Perfected Strike","Body Slam"],"picked":"Pommel Strike","floor":3.0},{"not_picked":["Second Wind","Body Slam"],"picked":"Searing Blow","floor":5.0},{"not_picked":["Body Slam","Metallicize","Iron Wave"],"picked":"SKIP","floor":10.0},{"not_picked":["Blood for Blood","Corruption"],"picked":"Thunderclap","floor":12.0},{"not_picked":["Reaper","Flex","Anger"],"picked":"SKIP","floor":14.0},{"not_picked":["Barricade","Immolate"],"picked":"Offering","floor":16.0},{"not_picked":["Thunderclap+1","Pummel"],"picked":"Infernal Blade+1","floor":18.0},{"not_picked":["Havoc","Cleave","Twin Strike+1"],"picked":"SKIP","floor":21.0},{"not_picked":["Perfected Strike+1","Battle Trance","Reckless Charge+1"],"picked":"SKIP","floor":22.0},{"not_picked":["Iron Wave+1","Sword Boomerang"],"picked":"Intimidate+1","floor":24.0},{"not_picked":["Barricade","Body Slam","Cleave"],"picked":"SKIP","floor":25.0},{"not_picked":["Wild Strike","Brutality","Body Slam+1"],"picked":"SKIP","floor":27.0},{"not_picked":["Pommel Strike","Perfected Strike+1","Twin Strike"],"picked":"SKIP","floor":30.0},{"not_picked":["Pommel Strike","Twin Strike","Rupture"],"picked":"SKIP","floor":31.0},{"not_picked":["Dark Embrace","Impervious"],"picked":"Double Tap","floor":33.0},{"not_picked":["Havoc","Headbutt+1","Wild Strike+1"],"picked":"SKIP","floor":35.0},{"not_picked":["Perfected Strike","True Grit+1","Clash"],"picked":"SKIP","floor":36.0},{"not_picked":["Perfected Strike+1","Iron Wave+1"],"picked":"Pommel Strike+1","floor":37.0},{"not_picked":["Burning Pact","Perfected Strike+1","Warcry"],"picked":"SKIP","floor":38.0},{"not_picked":["Dropkick+1","Hemokinesis","Reckless Charge+1"],"picked":"SKIP","floor":42.0},{"not_picked":["Metallicize+1","Clothesline","Juggernaut"],"picked":"SKIP","floor":44.0},{"not_picked":["Disarm+1","Evolve+1","Body Slam+1"],"picked":"SKIP","floor":45.0},{"not_picked":["Havoc","Battle Trance+1","Body Slam"],"picked":"SKIP","floor":47},{"not_picked":["Anger","Inflame+1","Clothesline+1"],"picked":"SKIP","floor":48},{"not_picked":["Wild Strike","Sword Boomerang+1","Iron Wave+1"],"picked":"SKIP","floor":54}],"player_experience":705575,"relics_obtained":[{"floor":7.0,"key":"Self Forming Clay"},{"floor":14.0,"key":"PreservedInsect"},{"floor":25.0,"key":"The Courier"},{"floor":26.0,"key":"Blue Candle"},{"floor":27.0,"key":"Old Coin"},{"floor":31.0,"key":"Bag of Marbles"},{"floor":42.0,"key":"Meat on the Bone"},{"floor":43.0,"key":"Strawberry"},{"floor":43.0,"key":"Blood Vial"},{"floor":47,"key":"Centennial Puzzle"},{"floor":54,"key":"Art of War"}],"event_choices":[{"cards_removed":["Dark Embrace"],"damage_healed":0.0,"max_hp_gain":0.0,"max_hp_loss":0.0,"gold_gain":0.0,"event_name":"The Cleric","player_choice":"Card Removal","floor":4.0,"gold_loss":50.0,"damage_taken":0.0},{"damage_healed":0.0,"max_hp_gain":5.0,"max_hp_loss":0.0,"gold_gain":0.0,"event_name":"Big Fish","player_choice":"Donut","floor":13.0,"gold_loss":0.0,"damage_taken":0.0},{"damage_healed":0.0,"max_hp_gain":0.0,"max_hp_loss":0.0,"gold_gain":0.0,"event_name":"Drug Dealer","player_choice":"Inject Mutagens","floor":19.0,"gold_loss":0.0,"damage_taken":0.0,"relics_obtained":["MutagenicStrength"]},{"damage_healed":0.0,"max_hp_gain":0.0,"max_hp_loss":0.0,"gold_gain":0.0,"event_name":"Nest","player_choice":"Joined the Cult","floor":20.0,"gold_loss":0.0,"damage_taken":6.0,"cards_obtained":["RitualDagger"]},{"damage_healed":0.0,"max_hp_gain":0.0,"max_hp_loss":0.0,"gold_gain":0.0,"event_name":"Wheel of Change","player_choice":"Cursed","floor":41.0,"gold_loss":0.0,"damage_taken":0.0,"cards_obtained":["Decay"]}],"is_beta":true,"boss_relics":[{"not_picked":["Fusion Hammer","Tiny House"],"picked":"Lizard Tail"},{"not_picked":["Pandora\u0027s Box","Eternal Feather"],"picked":"Coffee Dripper"}],"items_purged_floors":[29],"is_endless":false,"potions_floor_spawned":[1,5,12,16,18,27,33,35,38,45,48],"ascension_level":0}