{"gold_per_floor":[116,132,132,152,152,185,185,198,198,198],"floor_reached":10,"playtime":618,"items_purged":[],"score":116,"play_id":"34245852-4585-4df2-b33b-9b2ba8c587a4","local_time":"20190504002108","is_ascension_mode":true,"campfire_choices":[],"neow_cost":"NONE","seed_source_timestamp":3066116574785,"circlet_count":0,"master_deck":["AscendersBane","Strike_B","Strike_B","Strike_B","Defend_B","Defend_B","Defend_B","Defend_B","Zap","Dualcast","Trip","Conserve Battery","Steam","Loop"],"relics":["Cracked Core","Peace Pipe","Golden Idol","Singing Bowl","Mummified Hand"],"potions_floor_usage":[6,10],"damage_taken":[{"damage":0,"enemies":"2 Louse","floor":1,"turns":2},{"damage":7,"enemies":"Jaw Worm","floor":2,"turns":3},{"damage":0,"enemies":"Cultist","floor":4,"turns":3},{"damage":15,"enemies":"3 Sentries","floor":6,"turns":9},{"damage":8,"enemies":"Looter","floor":8,"turns":4},{"damage":10,"enemies":"Gremlin Gang","floor":10,"turns":3}],"seed_played":"-6797095055815503474","potions_obtained":[{"floor":1,"key":"Swift Potion"},{"floor":8,"key":"Energy Potion"}],"is_trial":false,"path_per_floor":["M","M","?","M","?","E","?","M","T","M"],"character_chosen":"DEFECT","items_purchased":[],"campfire_rested":0,"item_purchase_floors":[],"current_hp_per_floor":[64,57,50,50,33,20,20,12,12,2],"gold":198,"neow_bonus":"RANDOM_COLORLESS","is_prod":false,"is_daily":false,"chose_seed":false,"campfire_upgraded":0,"win_rate":0,"timestamp":1556954468,"path_taken":["M","M","?","M","?","E","?","M","T","M"],"build_version":"2019-01-23","purchased_purges":0,"victory":false,"max_hp_per_floor":[71,71,71,71,71,73,73,73,73,73],"card_choices":[{"not_picked":["Rebound","Redo"],"picked":"Conserve Battery","floor":1},{"not_picked":["Streamline","Rebound"],"picked":"Steam","floor":2},{"not_picked":["Chaos","Rebound","Beam Cell"],"picked":"SKIP","floor":4},{"not_picked":["Multi-Cast","Steam Power","Redo"],"picked":"Singing Bowl","floor":6},{"not_picked":["Recycle","Doom and Gloom"],"picked":"Loop","floor":8}],"player_experience":451353,"relics_obtained":[{"floor":6,"key":"Singing Bowl"},{"floor":9,"key":"Mummified Hand"}],"event_choices":[{"damage_healed":0,"gold_gain":0,"player_choice":"Success","damage_taken":7,"relics_obtained":["Peace Pipe"],"max_hp_gain":0,"max_hp_loss":0,"event_name":"Scrap Ooze","floor":3,"gold_loss":0},{"damage_healed":0,"gold_gain":0,"player_choice":"Take Damage","damage_taken":17,"relics_obtained":["Golden Idol"],"max_hp_gain":0,"max_hp_loss":0,"event_name":"Golden Idol","floor":5,"gold_loss":0},{"cards_removed":["Strike_B"],"damage_healed":0,"gold_gain":0,"player_choice":"Purged","damage_taken":0,"max_hp_gain":0,"max_hp_loss":0,"event_name":"Purifier","floor":7,"gold_loss":0}],"is_beta":false,"boss_relics":[],"items_purged_floors":[],"is_endless":false,"potions_floor_spawned":[1,8],"killed_by":"Gremlin Gang","ascension_level":14}