{"gold_per_floor":[118,70,20,20,20,37,63,81,132,65,65,78,78,111,111,241,241,257,12,12,12,23,53,64,64],"floor_reached":25,"playtime":3277,"items_purged":["Defend_R"],"score":279,"play_id":"cb4fd3a2-7824-4a02-ba6e-f8ea0ce36b54","local_time":"20190309185136","is_ascension_mode":true,"campfire_choices":[{"floor":11,"key":"RECALL"},{"data":"Rampage","floor":15,"key":"SMITH"}],"neow_cost":"NONE","seed_source_timestamp":0,"circlet_count":0,"master_deck":["Strike_R","Strike_R","Defend_R","Bash","Battle Trance","Shrug It Off","Body Slam","Headbutt","Shrug It Off","Rampage+1","True Grit","Barricade","Warcry","Bloodletting","Forethought","Headbutt","Rage"],"special_seed":0,"relics":["Burning Blood","NeowsBlessing","Bag of Preparation","Bloody Idol","Omamori","Empty Cage","Meat on the Bone"],"potions_floor_usage":[16,18,22,23,24,24],"damage_taken":[{"damage":0.0,"enemies":"Cultist","floor":1.0,"turns":1.0},{"damage":0.0,"enemies":"2 Louse","floor":6.0,"turns":1.0},{"damage":0.0,"enemies":"Gremlin Nob","floor":7.0,"turns":1.0},{"damage":8.0,"enemies":"Jaw Worm","floor":8.0,"turns":4.0},{"damage":5,"enemies":"2 Fungi Beasts","floor":12,"turns":4},{"damage":29,"enemies":"3 Sentries","floor":14,"turns":12},{"damage":35,"enemies":"The Guardian","floor":16,"turns":9},{"damage":21,"enemies":"3 Byrds","floor":18,"turns":6},{"damage":9,"enemies":"2 Thieves","floor":22,"turns":3},{"damage":60,"enemies":"Book of Stabbing","floor":23,"turns":7},{"damage":19,"enemies":"Chosen and Byrds","floor":24,"turns":7},{"damage":30,"enemies":"3 Cultists","floor":25,"turns":3}],"seed_played":"5746194379518150791","potions_obtained":[{"floor":1.0,"key":"SteroidPotion"},{"floor":7.0,"key":"Strength Potion"},{"floor":16,"key":"Explosive Potion"},{"floor":21,"key":"SkillPotion"},{"floor":21,"key":"Swift Potion"},{"floor":23,"key":"Explosive Potion"},{"floor":24,"key":"Energy Potion"}],"is_trial":false,"path_per_floor":["M","$","?","?","?","M","E","M","T","$","R","M","?","E","R","B",null,"M","$","?","?","M","E","M","M"],"character_chosen":"IRONCLAD","items_purchased":["Shrug It Off","Rampage","Bloodletting","Forethought"],"campfire_rested":0,"item_purchase_floors":[2,10,19,19],"current_hp_per_floor":[80,80,80,73,73,79,80,78,78,78,78,79,59,36,36,7,80,65,65,65,65,72,23,27,0],"gold":64,"neow_bonus":"THREE_ENEMY_KILL","is_prod":false,"is_daily":false,"chose_seed":false,"campfire_upgraded":1,"win_rate":0,"timestamp":1552175496,"path_taken":["M","$","?","?","?","M","E","M","T","?","R","M","?","E","R","BOSS","M","$","?","?","M","E","?","M"],"build_version":"2019-01-23","purchased_purges":1,"victory":false,"max_hp_per_floor":[80,80,80,80,80,80,80,80,80,80,80,80,80,80,80,80,80,80,80,80,80,80,80,80,80],"card_choices":[{"not_picked":["Pommel Strike","Clothesline"],"picked":"Battle Trance","floor":1.0},{"not_picked":["Havoc","Inflame"],"picked":"Headbutt","floor":6.0},{"not_picked":["Exhume","Sword Boomerang"],"picked":"Shrug It Off","floor":7.0},{"not_picked":["Second Wind","Thunderclap","Searing Blow"],"picked":"SKIP","floor":8},{"not_picked":["Infernal Blade","Pummel","Flex"],"picked":"SKIP","floor":12},{"not_picked":["Armaments","Pommel Strike"],"picked":"True Grit","floor":14},{"not_picked":["Limit Break","Bludgeon"],"picked":"Barricade","floor":16},{"not_picked":["Uppercut+1","Perfected Strike"],"picked":"Warcry","floor":18},{"not_picked":["Second Wind","Havoc"],"picked":"Headbutt","floor":22},{"not_picked":["Warcry","Headbutt"],"picked":"Rage","floor":23},{"not_picked":["Carnage","Pummel+1","Body Slam"],"picked":"SKIP","floor":24}],"player_experience":167259,"relics_obtained":[{"floor":7.0,"key":"Bag of Preparation"},{"floor":14,"key":"Omamori"},{"floor":23,"key":"Meat on the Bone"}],"event_choices":[{"cards_removed":["Strike_R"],"damage_healed":0.0,"max_hp_gain":0.0,"max_hp_loss":0.0,"gold_gain":0.0,"event_name":"The Cleric","player_choice":"Card Removal","floor":3.0,"gold_loss":50.0,"damage_taken":0.0},{"cards_removed":["Defend_R"],"damage_healed":0.0,"max_hp_gain":0.0,"max_hp_loss":0.0,"gold_gain":0.0,"event_name":"Golden Wing","player_choice":"Card Removal","floor":4.0,"gold_loss":0.0,"damage_taken":7.0},{"damage_healed":0.0,"max_hp_gain":0.0,"max_hp_loss":0.0,"gold_gain":0.0,"cards_transformed":["Strike_R"],"event_name":"Living Wall","player_choice":"Change","floor":5.0,"gold_loss":0.0,"damage_taken":0.0,"cards_obtained":["Body Slam"]},{"damage_healed":0,"gold_gain":0,"player_choice":"Take Damage","damage_taken":20,"relics_obtained":["Golden Idol"],"max_hp_gain":0,"max_hp_loss":0,"event_name":"Golden Idol","floor":13,"gold_loss":0},{"damage_healed":0,"gold_gain":0,"player_choice":"Gave Idol","damage_taken":0,"relics_obtained":["Bloody Idol"],"max_hp_gain":0,"max_hp_loss":0,"event_name":"Forgotten Altar","floor":20,"relics_lost":["Golden Idol"],"gold_loss":0},{"damage_healed":0,"gold_gain":0,"player_choice":"Got Potions","damage_taken":0,"max_hp_gain":0,"max_hp_loss":0,"event_name":"Lab","floor":21,"gold_loss":0}],"is_beta":false,"boss_relics":[{"not_picked":["White Beast Statue","Busted Crown"],"picked":"Empty Cage"}],"items_purged_floors":[19],"is_endless":false,"potions_floor_spawned":[1,7,16,23,24],"killed_by":"3 Cultists","ascension_level":2}