{"gold_per_floor":[112,112,129,146,161,195,195,42,67,67,87,87,106,121,121,217,217,235,335,335,350,366,366,391,406,453,453,453,482,42,54,54,156,156,169,182,182,32,132,132,148,73,97,124,134,159,170,190,190,190],"floor_reached":51,"playtime":5216,"items_purged":["Defend_R"],"score":726,"play_id":"28ff3e60-b834-480a-bfab-19bc69233b1e","local_time":"20181125004328","is_ascension_mode":false,"campfire_choices":[{"data":"Bludgeon","floor":7.0,"key":"SMITH"},{"data":"Hemokinesis","floor":10.0,"key":"SMITH"},{"data":"Hemokinesis","floor":12,"key":"SMITH"},{"data":"Rupture","floor":15,"key":"SMITH"},{"data":"Limit Break","floor":23,"key":"SMITH"},{"floor":32,"key":"REST"},{"data":"Bash","floor":40,"key":"SMITH"},{"floor":49,"key":"REST"}],"neow_cost":"NONE","seed_source_timestamp":0,"circlet_count":0,"master_deck":["Strike_R","Strike_R","Strike_R","Strike_R","Defend_R","Defend_R","Defend_R","Bash+1","Bludgeon+1","Cleave","Hemokinesis+1","Twin Strike","Hemokinesis+1","Combust","Rupture+1","Limit Break+1","Pummel","Shrug It Off+1","Metallicize","Finesse","Headbutt","Infernal Blade+1","Inflame+1","Hemokinesis+1"],"special_seed":0,"relics":["Burning Blood","Blood Vial","Red Skull","Boot","Busted Crown","Thread and Needle","Sundial","Art of War","PreservedInsect","MutagenicStrength","Singing Bowl","Mercury Hourglass","Ice Cream","Lizard Tail","Vajra","Nunchaku","Bronze Scales","Turnip"],"potions_floor_usage":[16,16,19,19,19,33,33,48,50,50],"damage_taken":[{"damage":16.0,"enemies":"Jaw Worm","floor":1.0,"turns":4.0},{"damage":1.0,"enemies":"Cultist","floor":3.0,"turns":3.0},{"damage":3.0,"enemies":"2 Louse","floor":4.0,"turns":3.0},{"damage":10.0,"enemies":"Looter","floor":5.0,"turns":2.0},{"damage":19.0,"enemies":"3 Sentries","floor":6.0,"turns":5.0},{"damage":17.0,"enemies":"Exordium Wildlife","floor":11.0,"turns":3.0},{"damage":8,"enemies":"Large Slime","floor":13,"turns":4},{"damage":2,"enemies":"2 Fungi Beasts","floor":14,"turns":2},{"damage":36,"enemies":"The Guardian","floor":16,"turns":8},{"damage":12,"enemies":"Chosen","floor":18,"turns":2},{"damage":11,"enemies":"Colosseum Slavers","floor":19,"turns":3},{"damage":20,"enemies":"Colosseum Nobs","floor":19,"turns":3},{"damage":4,"enemies":"3 Byrds","floor":21,"turns":2},{"damage":26,"enemies":"Snake Plant","floor":22,"turns":3},{"damage":34,"enemies":"Book of Stabbing","floor":24,"turns":4},{"damage":4,"enemies":"Centurion and Healer","floor":25,"turns":4},{"damage":12,"enemies":"Slavers","floor":29,"turns":2},{"damage":5,"enemies":"Snecko","floor":31,"turns":3},{"damage":42,"enemies":"Collector","floor":33,"turns":6},{"damage":22,"enemies":"3 Darklings","floor":35,"turns":5},{"damage":16,"enemies":"Orb Walker","floor":36,"turns":3},{"damage":32,"enemies":"Mind Bloom Boss Battle","floor":39,"turns":6},{"damage":14,"enemies":"Transient","floor":41,"turns":5},{"damage":2,"enemies":"Reptomancer","floor":44,"turns":2},{"damage":13,"enemies":"3 Darklings","floor":45,"turns":3},{"damage":15,"enemies":"Nemesis","floor":46,"turns":3},{"damage":5,"enemies":"Spire Growth","floor":47,"turns":3},{"damage":28,"enemies":"Maw","floor":48,"turns":5},{"damage":107,"enemies":"Time Eater","floor":50,"turns":9}],"seed_played":"-6358569250816451676","potions_obtained":[{"floor":1.0,"key":"Fire Potion"},{"floor":5.0,"key":"Strength Potion"},{"floor":11,"key":"SkillPotion"},{"floor":13,"key":"AttackPotion"},{"floor":16,"key":"SteroidPotion"},{"floor":18,"key":"Strength Potion"},{"floor":21,"key":"Dexterity Potion"},{"floor":24,"key":"LiquidBronze"},{"floor":29,"key":"Ancient Potion"},{"floor":33,"key":"Weak Potion"},{"floor":41,"key":"Block Potion"},{"floor":44,"key":"Regen Potion"}],"is_trial":false,"path_per_floor":["M","?","M","M","M","E","R","$","T","R","M","M","R","M","M","R","B",null,"M","?","?","M","M","R","E","M","T","?","T","E","$","M","R","B",null,"M","M","?","$","?","R","M","$","T","E","M","E","M","M","R","B",null],"character_chosen":"IRONCLAD","items_purchased":["Red Skull","Finesse","Block Potion","Ice Cream","Vajra"],"campfire_rested":2,"item_purchase_floors":[8,30,30,30,38],"current_hp_per_floor":[70,70,75,78,74,61,61,61,61,61,52,52,52,58,58,30,80,74,59,80,80,60,60,34,38,38,38,38,36,36,41,66,34,86,72,66,66,66,42,42,36,36,36,44,41,34,39,19,46,26],"gold":190,"neow_bonus":"ONE_RANDOM_RARE_CARD","is_prod":false,"is_daily":false,"chose_seed":false,"campfire_upgraded":6,"win_rate":0,"timestamp":1543124608,"path_taken":["M","?","M","?","M","E","R","$","T","R","M","R","M","M","R","BOSS","M","?","?","M","M","R","E","M","T","?","?","E","$","M","R","BOSS","M","M","?","$","?","R","M","$","T","E","M","E","M","M","R","BOSS"],"build_version":"2018-11-15","purchased_purges":1,"victory":true,"max_hp_per_floor":[80,80,80,80,80,80,80,80,80,80,80,80,80,80,80,80,80,80,80,80,80,80,80,80,80,80,80,80,82,82,84,84,86,86,88,90,85,85,85,85,85,85,85,87,89,89,91,91,91,91],"card_choices":[{"not_picked":["Seeing Red","Entrench"],"picked":"Cleave","floor":1.0},{"not_picked":["Warcry","Infernal Blade"],"picked":"Hemokinesis","floor":3.0},{"not_picked":["Cleave","Perfected Strike"],"picked":"Twin Strike","floor":4.0},{"not_picked":["True Grit","Heavy Blade","Clash"],"picked":"SKIP","floor":5.0},{"not_picked":["Warcry","True Grit"],"picked":"Hemokinesis","floor":6.0},{"not_picked":["Clash","Inflame"],"picked":"Combust","floor":11},{"not_picked":["Headbutt","Body Slam","Armaments"],"picked":"SKIP","floor":13},{"not_picked":["Heavy Blade","Twin Strike"],"picked":"Rupture","floor":14},{"not_picked":["Juggernaut","Immolate"],"picked":"Limit Break","floor":16},{"not_picked":[],"picked":"Pummel","floor":18},{"not_picked":["True Grit"],"picked":"SKIP","floor":21},{"not_picked":[],"picked":"Shrug It Off+1","floor":22},{"not_picked":["Blood for Blood"],"picked":"SKIP","floor":24},{"not_picked":[],"picked":"Metallicize","floor":25},{"not_picked":["Clash"],"picked":"Singing Bowl","floor":29},{"not_picked":["Burning Pact"],"picked":"Singing Bowl","floor":31},{"not_picked":["Impervious"],"picked":"Singing Bowl","floor":33},{"not_picked":["Iron Wave"],"picked":"Singing Bowl","floor":35},{"not_picked":["Anger+1"],"picked":"Singing Bowl","floor":36},{"not_picked":[],"picked":"Headbutt","floor":39},{"not_picked":[],"picked":"Infernal Blade+1","floor":41},{"not_picked":["Twin Strike"],"picked":"Singing Bowl","floor":44},{"not_picked":["Evolve"],"picked":"Singing Bowl","floor":45},{"not_picked":[],"picked":"Inflame+1","floor":46},{"not_picked":["Ghostly Armor+1"],"picked":"Singing Bowl","floor":47},{"not_picked":[],"picked":"Hemokinesis+1","floor":48}],"player_experience":375808,"relics_obtained":[{"floor":6.0,"key":"Blood Vial"},{"floor":9.0,"key":"Boot"},{"floor":19,"key":"Thread and Needle"},{"floor":19,"key":"Sundial"},{"floor":24,"key":"Art of War"},{"floor":26,"key":"PreservedInsect"},{"floor":28,"key":"Singing Bowl"},{"floor":29,"key":"Mercury Hourglass"},{"floor":39,"key":"Nunchaku"},{"floor":44,"key":"Bronze Scales"},{"floor":46,"key":"Turnip"}],"event_choices":[{"cards_removed":["Strike_R"],"damage_healed":0.0,"max_hp_gain":0.0,"max_hp_loss":0.0,"gold_gain":0.0,"event_name":"Purifier","player_choice":"Purged","floor":2.0,"gold_loss":0.0,"damage_taken":0.0},{"damage_healed":0,"gold_gain":0,"player_choice":"Fight","damage_taken":0,"max_hp_gain":0,"max_hp_loss":0,"event_name":"Colosseum","floor":19,"gold_loss":0},{"damage_healed":0,"gold_gain":0,"player_choice":"Fought Nobs","damage_taken":0,"max_hp_gain":0,"max_hp_loss":0,"event_name":"Colosseum","floor":19,"gold_loss":0},{"damage_healed":26,"gold_gain":0,"player_choice":"Heal","damage_taken":0,"max_hp_gain":0,"max_hp_loss":0,"event_name":"The Library","floor":20,"gold_loss":0},{"damage_healed":0,"gold_gain":0,"player_choice":"Inject Mutagens","damage_taken":0,"relics_obtained":["MutagenicStrength"],"max_hp_gain":0,"max_hp_loss":0,"event_name":"Drug Dealer","floor":27,"gold_loss":0},{"damage_healed":0,"gold_gain":0,"player_choice":"Max HP","damage_taken":0,"max_hp_gain":0,"max_hp_loss":5,"event_name":"Winding Halls","floor":37,"gold_loss":0},{"damage_healed":0,"gold_gain":0,"player_choice":"Fight","damage_taken":0,"max_hp_gain":0,"max_hp_loss":0,"event_name":"MindBloom","floor":39,"gold_loss":0}],"is_beta":true,"boss_relics":[{"not_picked":["Astrolabe","Sozu"],"picked":"Busted Crown"},{"not_picked":["Orrery","Tiny House"],"picked":"Lizard Tail"}],"items_purged_floors":[42],"is_endless":false,"potions_floor_spawned":[1,5,11,13,16,18,21,24,29,33,41,44,46,47],"ascension_level":0}