{"gold_per_floor":[117,137,38,38,50,82,82,92,170,170,190,190,190],"floor_reached":13,"playtime":848,"items_purged":["Strike_G"],"score":98,"play_id":"6761dccb-75dc-485e-a826-85fcdf2f27b2","local_time":"20181119204050","is_ascension_mode":true,"campfire_choices":[{"floor":12,"key":"REST"}],"neow_cost":"NONE","seed_source_timestamp":153876845950864,"circlet_count":0,"master_deck":["Defend_G","Defend_G","Defend_G","Defend_G","Defend_G","Strike_G","Strike_G","Strike_G","Strike_G","Survivor+1","Neutralize","Blur","Cloak And Dagger","Deflect","Caltrops","Flechettes"],"relics":["Ring of the Snake","Tingsha","Molten Egg 2"],"potions_floor_usage":[6,6,11],"damage_taken":[{"damage":1,"enemies":"2 Louse","floor":1,"turns":3},{"damage":0,"enemies":"Small Slimes","floor":2,"turns":5},{"damage":1,"enemies":"Jaw Worm","floor":5,"turns":7},{"damage":71,"enemies":"Lagavulin","floor":6,"turns":15},{"damage":6,"enemies":"Exordium Thugs","floor":8,"turns":5},{"damage":15,"enemies":"Large Slime","floor":11,"turns":8},{"damage":0,"enemies":"3 Sentries","floor":13,"turns":1}],"seed_played":"-6290469398012008751","potions_obtained":[{"floor":1,"key":"SteroidPotion"},{"floor":5,"key":"Swift Potion"},{"floor":6,"key":"Poison Potion"},{"floor":11,"key":"SpeedPotion"}],"is_trial":false,"path_per_floor":["M","M","$","?","M","E","?","M","T","?","M","R","E"],"character_chosen":"THE_SILENT","items_purchased":["Deflect"],"campfire_rested":1,"item_purchase_floors":[3],"current_hp_per_floor":[76,76,76,76,75,4,29,23,23,23,8,31,31],"gold":190,"neow_bonus":"TEN_PERCENT_HP_BONUS","is_prod":false,"is_daily":false,"chose_seed":false,"campfire_upgraded":0,"win_rate":0,"timestamp":1542631250,"path_taken":["M","M","$","?","M","E","?","M","T","?","M","R","E"],"build_version":"2018-11-15","purchased_purges":1,"victory":false,"max_hp_per_floor":[77,77,77,77,77,77,77,77,77,77,77,77,77],"card_choices":[{"not_picked":["Predator","Sucker Punch"],"picked":"Blur","floor":1},{"not_picked":["Prepared","Flechettes"],"picked":"Cloak And Dagger","floor":2},{"not_picked":["Sucker Punch","Underhanded Strike","Quick Slash"],"picked":"SKIP","floor":5},{"not_picked":["Quick Slash","Dagger Spray"],"picked":"Caltrops","floor":6},{"not_picked":["Underhanded Strike","Bane"],"picked":"Flechettes","floor":8},{"not_picked":["Bouncing Flask","Flying Knee+1","Expertise"],"picked":"SKIP","floor":11}],"player_experience":450994,"relics_obtained":[{"floor":6,"key":"Tingsha"},{"floor":9,"key":"Molten Egg 2"}],"event_choices":[{"damage_healed":0,"gold_gain":0,"player_choice":"Leave","damage_taken":0,"max_hp_gain":0,"max_hp_loss":0,"event_name":"The Cleric","floor":4,"gold_loss":0},{"damage_healed":25,"gold_gain":0,"player_choice":"Banana","damage_taken":0,"max_hp_gain":0,"max_hp_loss":0,"event_name":"Big Fish","floor":7,"gold_loss":0},{"damage_healed":0,"gold_gain":0,"player_choice":"Forge","damage_taken":0,"max_hp_gain":0,"max_hp_loss":0,"event_name":"Accursed Blacksmith","floor":10,"gold_loss":0,"cards_upgraded":["Survivor"]}],"is_beta":false,"boss_relics":[],"items_purged_floors":[3],"is_endless":false,"potions_floor_spawned":[1,5,6,11],"killed_by":"3 Sentries","ascension_level":3}