{"gold_per_floor":[320,320,332,21,196,196,230,230,254,254,264,23,39,54,54,152,152,170,185,204,204,221,221,250,250,274,274,290,310,310,326,326,428,428,443,504,523,573,583,611,611,0,23,23,50,50,100,168,168,168],"floor_reached":51,"playtime":3554,"items_purged":["Doubt"],"score":1147,"play_id":"bb8fb947-6879-40c8-9590-3cd4759f7d2d","local_time":"20180714182031","is_ascension_mode":true,"campfire_choices":[{"data":"Zap","floor":6,"key":"SMITH"},{"data":"Dualcast","floor":8,"key":"SMITH"},{"floor":10,"key":"REST"},{"data":"Hologram","floor":15,"key":"SMITH"},{"data":"Auto Shields","floor":23,"key":"SMITH"},{"floor":27,"key":"REST"},{"data":"Hologram","floor":30,"key":"SMITH"},{"floor":32,"key":"REST"},{"floor":41,"key":"REST"},{"data":"White Noise","floor":44,"key":"SMITH"},{"floor":46,"key":"REST"},{"floor":49,"key":"REST"}],"neow_cost":"NO_GOLD","seed_source_timestamp":3607320073523,"circlet_count":0,"master_deck":["Strike_B+1","Defend_B+1","Defend_B","Defend_B+1","Zap+1","Dualcast+1","Force Field","Storm","Storm+1","Static Discharge+1","Conserve Battery","Hologram+1","Echo Form+1","Double Energy+1","Melter+1","White Noise+1","Auto Shields+1","Skim","Capacitor+1","Hologram+1","Echo Form+1","Machine Learning+1","Skim","Biased Cognition+1","White Noise+1","Static Discharge+1","Master of Strategy","Loop+1","Steam Power"],"relics":["Cracked Core","Old Coin","Frozen Egg 2","Bag of Marbles","Art of War","Mummified Hand","Astrolabe","Ancient Tea Set","SsserpentHead","Whetstone","Inserter","Incense Burner","War Paint","Lee\u0027s Waffle","Orichalcum","Cables","Mercury Hourglass"],"potions_floor_usage":[7,16,16,20,29,29,35,37,39,50,50,50],"damage_taken":[{"damage":0,"enemies":"2 Louse","floor":1,"turns":2},{"damage":1,"enemies":"Cultist","floor":3,"turns":4},{"damage":28,"enemies":"Lagavulin","floor":7,"turns":7},{"damage":2,"enemies":"Jaw Worm","floor":11,"turns":3},{"damage":0,"enemies":"Red Slaver","floor":13,"turns":3},{"damage":6,"enemies":"Exordium Wildlife","floor":14,"turns":4},{"damage":19,"enemies":"The Guardian","floor":16,"turns":9},{"damage":1,"enemies":"3 Byrds","floor":18,"turns":3},{"damage":13,"enemies":"2 Thieves","floor":19,"turns":3},{"damage":24,"enemies":"Centurion and Healer","floor":20,"turns":3},{"damage":0,"enemies":"Snecko","floor":22,"turns":4},{"damage":18,"enemies":"Book of Stabbing","floor":24,"turns":4},{"damage":0,"enemies":"Chosen and Byrds","floor":28,"turns":4},{"damage":9,"enemies":"Cultist and Chosen","floor":29,"turns":4},{"damage":17,"enemies":"Snake Plant","floor":31,"turns":3},{"damage":20,"enemies":"Automaton","floor":33,"turns":11},{"damage":8,"enemies":"Orb Walker","floor":35,"turns":2},{"damage":20,"enemies":"Flame Bruiser 1 Orb","floor":36,"turns":2},{"damage":8,"enemies":"Maw","floor":37,"turns":6},{"damage":0,"floor":38,"turns":4},{"damage":0,"enemies":"Transient","floor":39,"turns":5},{"damage":0,"enemies":"Giant Head","floor":40,"turns":5},{"damage":33,"enemies":"2 Orb Walkers","floor":45,"turns":3},{"damage":29,"enemies":"3 Darklings","floor":48,"turns":3},{"damage":27,"enemies":"Time Eater","floor":50,"turns":4}],"seed_played":"4851642605596369404","potions_obtained":[{"floor":1,"key":"Fire Potion"},{"floor":3,"key":"SteroidPotion"},{"floor":7,"key":"Poison Potion"},{"floor":16,"key":"Regen Potion"},{"floor":18,"key":"Explosive Potion"},{"floor":28,"key":"Poison Potion"},{"floor":31,"key":"Weak Potion"},{"floor":33,"key":"Weak Potion"},{"floor":36,"key":"SpeedPotion"},{"floor":37,"key":"Poison Potion"},{"floor":40,"key":"Dexterity Potion"},{"floor":45,"key":"EssenceOfSteel"},{"floor":48,"key":"Block Potion"}],"is_trial":false,"path_per_floor":["M","?","M","$","?","R","E","R","T","R","M","$","M","M","R","B",null,"M","M","M","?","M","R","E","?","T","R","M","M","R","M","R","B",null,"M","M","M","?","M","E","R","$","T","R","E","R","T","M","R","B"],"character_chosen":"DEFECT","items_purchased":["Frozen Egg 2","Storm+1","Mummified Hand","Lee\u0027s Waffle","Static Discharge+1","Master of Strategy","Regen Potion"],"campfire_rested":6,"item_purchase_floors":[4,4,12,42,42,42,42],"current_hp_per_floor":[75,68,67,67,67,67,39,39,39,61,59,59,59,53,53,34,75,74,61,56,56,56,56,38,38,38,60,60,58,58,48,70,50,75,67,47,39,39,39,39,61,82,82,82,49,73,73,44,68,50],"gold":168,"neow_bonus":"ONE_RARE_RELIC","is_prod":false,"is_daily":false,"chose_seed":false,"campfire_upgraded":6,"win_rate":0,"timestamp":1531606831,"path_taken":["M","?","?","$","?","R","E","R","T","R","M","$","M","M","R","BOSS","M","M","M","?","M","R","E","?","T","R","M","M","R","M","R","BOSS","M","?","M","?","M","E","R","$","T","R","E","R","?","?","R","BOSS"],"build_version":"2018-07-13","purchased_purges":1,"victory":true,"max_hp_per_floor":[75,75,75,75,75,75,75,75,75,75,75,75,75,75,75,75,75,75,75,75,75,75,75,75,75,75,75,75,75,75,75,75,75,75,75,75,75,75,75,75,75,82,82,82,82,82,82,82,82,82],"card_choices":[{"not_picked":["Reprogram","Capacitor"],"picked":"Force Field","floor":1},{"not_picked":["Beam Cell","Cold Snap"],"picked":"Storm","floor":3},{"not_picked":["Undo","Leap"],"picked":"Static Discharge+1","floor":7},{"not_picked":["Glacier","Rip and Tear"],"picked":"Conserve Battery","floor":11},{"not_picked":["Stack","Fusion"],"picked":"Hologram","floor":13},{"not_picked":["Go for the Eyes","Recycle","All For One"],"picked":"SKIP","floor":14},{"not_picked":["Core Surge","Reboot"],"picked":"Echo Form+1","floor":16},{"not_picked":["Turbo","Hologram"],"picked":"Auto Shields","floor":18},{"not_picked":["Cold Snap+1","Steam Power","Go for the Eyes"],"picked":"SKIP","floor":19},{"not_picked":["Gash","Double Energy"],"picked":"Skim","floor":20},{"not_picked":["Blizzard","Gash+1","Stack"],"picked":"SKIP","floor":22},{"not_picked":["Go for the Eyes+1","Skim+1"],"picked":"Capacitor+1","floor":24},{"not_picked":["Ball Lightning","Skim"],"picked":"Hologram","floor":28},{"not_picked":["Ball Lightning","Stack+1"],"picked":"Echo Form+1","floor":29},{"not_picked":["Doom and Gloom+1","Steam","Chaos+1"],"picked":"SKIP","floor":31},{"not_picked":["Amplify","Core Surge"],"picked":"Machine Learning+1","floor":33},{"not_picked":["Barrage","Rebound","FTL"],"picked":"SKIP","floor":35},{"not_picked":["Steam Power","Melter"],"picked":"Skim","floor":36},{"not_picked":["Streamline","Redo+1"],"picked":"Biased Cognition+1","floor":37},{"not_picked":["Streamline","Stack"],"picked":"White Noise","floor":39},{"not_picked":["Sweeping Beam","Turbo","Cold Snap+1"],"picked":"SKIP","floor":40},{"not_picked":["Auto Shields+1","Beam Cell"],"picked":"Loop+1","floor":45},{"not_picked":["Self Repair+1","Gash+1"],"picked":"Steam Power","floor":48}],"player_experience":280988,"relics_obtained":[{"floor":7,"key":"Bag of Marbles"},{"floor":9,"key":"Art of War"},{"floor":24,"key":"Ancient Tea Set"},{"floor":26,"key":"Whetstone"},{"floor":38,"key":"Incense Burner"},{"floor":40,"key":"War Paint"},{"floor":43,"key":"Orichalcum"},{"floor":45,"key":"Cables"},{"floor":47,"key":"Mercury Hourglass"}],"event_choices":[{"event_name":"Golden Wing","player_choice":"Card Removal","floor":2,"damage_taken":0},{"event_name":"Liars Game","player_choice":"agreed","floor":5,"damage_taken":0},{"event_name":"Match and Keep!","player_choice":"0 cards matched","floor":21,"damage_taken":0},{"event_name":"FaceTrader","player_choice":"Trade","floor":25,"damage_taken":0},{"event_name":"MindBloom","player_choice":"Fight","floor":38,"damage_taken":0}],"boss_relics":[{"not_picked":["Pandora\u0027s Box","Ectoplasm"],"picked":"Astrolabe"},{"not_picked":["Nuclear Battery","Philosopher\u0027s Stone"],"picked":"Inserter"}],"items_purged_floors":[42],"is_endless":false,"potions_floor_spawned":[1,3,7,16,18,28,31,33,36,37,40,45,48],"ascension_level":3}