{"gold_per_floor":[115,126,146,164,184,184,203,40,122,122,122,153,153,153,153,153],"floor_reached":16,"playtime":555,"items_purged":[],"score":189,"play_id":"1defeedd-4705-4eba-9e91-48afd20228d3","local_time":"20190529205430","is_ascension_mode":true,"campfire_choices":[{"floor":6,"key":"REST"},{"floor":11,"key":"REST"},{"data":"Bash","floor":15,"key":"SMITH"}],"neow_cost":"TEN_PERCENT_HP_LOSS","seed_source_timestamp":1152428681967680,"circlet_count":0,"master_deck":["AscendersBane","Strike_R","Strike_R","Strike_R","Strike_R","Defend_R","Defend_R+1","Defend_R","Bash+1","Burning Pact+1","Metallicize","Fiend Fire","Fire Breathing+1"],"relics":["Burning Blood","Orichalcum","Frozen Egg 2","Anchor"],"potions_floor_usage":[7,12],"damage_taken":[{"damage":9,"enemies":"Jaw Worm","floor":1,"turns":6},{"damage":16,"enemies":"Small Slimes","floor":2,"turns":5},{"damage":1,"enemies":"Cultist","floor":3,"turns":3},{"damage":24,"enemies":"3 Louse","floor":4,"turns":4},{"damage":32,"enemies":"Blue Slaver","floor":5,"turns":6},{"damage":15,"enemies":"Gremlin Gang","floor":7,"turns":7},{"damage":3,"enemies":"Gremlin Nob","floor":12,"turns":4},{"damage":49,"enemies":"Slime Boss","floor":16,"turns":9}],"seed_played":"-2896686056921515474","potions_obtained":[{"floor":1,"key":"FearPotion"},{"floor":2,"key":"Swift Potion"},{"floor":5,"key":"Fire Potion"}],"is_trial":false,"path_per_floor":["M","M","M","M","M","R","M","$","T","?","R","E","?","?","R","B"],"character_chosen":"IRONCLAD","items_purchased":["Orichalcum"],"campfire_rested":2,"item_purchase_floors":[8],"current_hp_per_floor":[65,55,60,42,16,36,27,27,27,7,27,30,52,48,48,0],"gold":153,"neow_bonus":"REMOVE_TWO","is_prod":false,"is_daily":false,"chose_seed":false,"campfire_upgraded":1,"win_rate":0,"timestamp":1559134470,"path_taken":["M","M","M","M","M","R","M","$","T","?","R","E","?","?","R","BOSS"],"build_version":"2019-01-23","purchased_purges":0,"victory":false,"max_hp_per_floor":[68,68,68,68,68,68,68,68,68,68,68,68,68,68,68,68],"card_choices":[{"not_picked":["Sword Boomerang","Pommel Strike"],"picked":"Burning Pact","floor":1},{"not_picked":["Perfected Strike","Entrench","Wild Strike"],"picked":"SKIP","floor":2},{"not_picked":["Armaments","Intimidate","Pommel Strike"],"picked":"SKIP","floor":3},{"not_picked":["Clash","Cleave","Hemokinesis"],"picked":"SKIP","floor":4},{"not_picked":["Anger","Warcry"],"picked":"Metallicize","floor":5},{"not_picked":["Clash","Rupture"],"picked":"Fiend Fire","floor":7},{"not_picked":["Burning Pact","Thunderclap"],"picked":"Fire Breathing+1","floor":12}],"player_experience":614159,"relics_obtained":[{"floor":9,"key":"Frozen Egg 2"},{"floor":12,"key":"Anchor"}],"event_choices":[{"damage_healed":0,"gold_gain":0,"player_choice":"Entered Light","damage_taken":20,"max_hp_gain":0,"max_hp_loss":0,"event_name":"Shining Light","floor":10,"gold_loss":0,"cards_upgraded":["Burning Pact","Defend_R"]},{"damage_healed":22,"gold_gain":0,"player_choice":"Banana","damage_taken":0,"max_hp_gain":0,"max_hp_loss":0,"event_name":"Big Fish","floor":13,"gold_loss":0},{"damage_healed":0,"gold_gain":0,"player_choice":"Bought 0 Potions","damage_taken":0,"max_hp_gain":0,"max_hp_loss":0,"event_name":"The Woman in Blue","floor":14,"gold_loss":0}],"is_beta":false,"boss_relics":[],"items_purged_floors":[],"is_endless":false,"potions_floor_spawned":[1,2,3,5],"killed_by":"Slime Boss","ascension_level":17}