{"gold_per_floor":[118,118,118,133,146,146,166,166,193,205,229,241,314,342,354,471,483,509,553,565,577,443,455,439,461,499,511,539,551,563,587,599,611],"floor_reached":33,"playtime":1416,"items_purged":[],"score":346,"play_id":"45dc948e-bf1f-489e-a1ef-fdd79693ae7d","local_time":"20190531131840","is_ascension_mode":true,"campfire_choices":[{"data":"Malaise","floor":6,"key":"SMITH"},{"data":"Survivor","floor":8,"key":"SMITH"},{"data":"Dash","floor":15,"key":"SMITH"},{"data":"Phantasmal Killer","floor":23,"key":"SMITH"},{"floor":27,"key":"REST"},{"data":"Skewer","floor":29,"key":"SMITH"},{"floor":32,"key":"REST"}],"neow_cost":"NONE","seed_source_timestamp":172674162151172,"circlet_count":0,"master_deck":["Defend_G+1","Defend_G+1","Defend_G+1","Defend_G+1","Defend_G+1","Strike_G+1","Strike_G+1","Strike_G+1","Strike_G+1","Strike_G+1","Survivor+1","Neutralize+1","Dagger Spray","Malaise+1","Calculated Gamble","Dash+1","Phantasmal Killer+1","Skewer+1","Backflip+1","Heel Hook","PiercingWail","Prepared","Acrobatics"],"relics":["Ring of the Snake","Whetstone","MawBank","Sundial","Tiny Chest","Orrery","Red Mask","Ninja Scroll","Oddly Smooth Stone"],"potions_floor_usage":[13,18,19,19,19,19,24,25,28,33],"damage_taken":[{"damage":0,"enemies":"2 Louse","floor":1,"turns":3},{"damage":4,"enemies":"Jaw Worm","floor":4,"turns":4},{"damage":0,"enemies":"Cultist","floor":5,"turns":4},{"damage":0,"enemies":"Exordium Wildlife","floor":7,"turns":3},{"damage":2,"enemies":"Red Slaver","floor":11,"turns":5},{"damage":20,"enemies":"3 Sentries","floor":13,"turns":9},{"damage":3,"enemies":"Large Slime","floor":14,"turns":8},{"damage":13,"enemies":"The Guardian","floor":16,"turns":16},{"damage":3,"enemies":"3 Byrds","floor":18,"turns":8},{"damage":12,"enemies":"Masked Bandits","floor":19,"turns":6},{"damage":8,"enemies":"2 Thieves","floor":24,"turns":5},{"damage":11,"enemies":"Centurion and Healer","floor":25,"turns":11},{"damage":5,"enemies":"Snecko","floor":28,"turns":7},{"damage":14,"enemies":"Cultist and Chosen","floor":31,"turns":10},{"damage":73,"enemies":"Automaton","floor":33,"turns":6}],"seed_played":"7167022335746022179","potions_obtained":[{"floor":3,"key":"EntropicBrew"},{"floor":3,"key":"Fire Potion"},{"floor":3,"key":"SkillPotion"},{"floor":4,"key":"Weak Potion"},{"floor":13,"key":"Weak Potion"},{"floor":16,"key":"GhostInAJar"},{"floor":18,"key":"Weak Potion"},{"floor":24,"key":"SteroidPotion"},{"floor":28,"key":"Strength Potion"}],"is_trial":false,"path_per_floor":["M","?","?","M","M","R","M","R","T","T","M","?","E","M","R","B",null,"M","?","?","$","?","R","M","M","T","R","M","R","?","M","R","B"],"character_chosen":"THE_SILENT","items_purchased":[],"campfire_rested":2,"item_purchase_floors":[],"current_hp_per_floor":[63,63,63,59,59,59,59,59,59,59,57,57,37,34,34,21,58,55,43,43,43,43,43,35,24,24,45,40,40,40,26,47,0],"gold":611,"neow_bonus":"RANDOM_COMMON_RELIC","is_prod":false,"is_daily":false,"chose_seed":false,"campfire_upgraded":5,"win_rate":0,"timestamp":1559279920,"path_taken":["M","?","?","M","M","R","?","R","T","?","?","?","E","M","R","BOSS","M","?","?","$","?","R","?","M","T","R","M","R","?","M","R","BOSS"],"build_version":"2019-01-23","purchased_purges":0,"victory":false,"max_hp_per_floor":[70,70,70,70,70,70,70,70,70,70,70,70,70,70,70,70,70,70,70,70,70,70,70,70,70,70,70,70,70,70,70,70,70],"card_choices":[{"not_picked":["Eviscerate","Escape Plan"],"picked":"Dagger Spray","floor":1},{"not_picked":["Sucker Punch","Outmaneuver","Crippling Poison"],"picked":"SKIP","floor":4},{"not_picked":["Sucker Punch","Flying Knee"],"picked":"Malaise","floor":5},{"not_picked":["Outmaneuver","Dagger Spray","Escape Plan"],"picked":"SKIP","floor":7},{"not_picked":["Slice","Quick Slash","Escape Plan"],"picked":"SKIP","floor":11},{"not_picked":["Slice","Sucker Punch"],"picked":"Calculated Gamble","floor":13},{"not_picked":["PiercingWail","Deadly Poison"],"picked":"Dash","floor":14},{"not_picked":["Grand Finale","Night Terror"],"picked":"Phantasmal Killer","floor":16},{"not_picked":["Deadly Poison","Unload"],"picked":"Skewer","floor":17},{"not_picked":["Outmaneuver","Bane"],"picked":"Backflip","floor":17},{"not_picked":["Dagger Spray+1","Backflip","Deflect"],"picked":"SKIP","floor":18},{"not_picked":["Glass Knife","Endless Agony"],"picked":"Heel Hook","floor":19},{"not_picked":["Deadly Poison+1","Sucker Punch","Blade Dance"],"picked":"SKIP","floor":24},{"not_picked":["Prepared+1","Escape Plan"],"picked":"PiercingWail","floor":25},{"not_picked":["Sucker Punch","Infinite Blades"],"picked":"Prepared","floor":28},{"not_picked":["Dodge and Roll","Flying Knee"],"picked":"Acrobatics","floor":31}],"player_experience":936476,"relics_obtained":[{"floor":9,"key":"MawBank"},{"floor":10,"key":"Sundial"},{"floor":13,"key":"Tiny Chest"},{"floor":19,"key":"Red Mask"},{"floor":26,"key":"Oddly Smooth Stone"}],"event_choices":[{"damage_healed":0,"gold_gain":0,"player_choice":"Grow","damage_taken":0,"max_hp_gain":0,"max_hp_loss":0,"event_name":"Living Wall","floor":2,"gold_loss":0,"cards_upgraded":["Neutralize"]},{"damage_healed":0,"gold_gain":0,"player_choice":"Got Potions","damage_taken":0,"max_hp_gain":0,"max_hp_loss":0,"event_name":"Lab","floor":3,"gold_loss":0},{"damage_healed":0,"gold_gain":0,"player_choice":"Ignored","damage_taken":0,"max_hp_gain":0,"max_hp_loss":0,"event_name":"Golden Idol","floor":12,"gold_loss":0},{"damage_healed":0,"gold_gain":0,"player_choice":"Fought Bandits","damage_taken":0,"max_hp_gain":0,"max_hp_loss":0,"event_name":"Masked Bandits","floor":19,"gold_loss":0},{"damage_healed":0,"gold_gain":0,"player_choice":"Simplicity","damage_taken":0,"max_hp_gain":0,"max_hp_loss":0,"event_name":"Back to Basics","floor":20,"gold_loss":0,"cards_upgraded":["Defend_G","Defend_G","Defend_G","Defend_G","Defend_G","Strike_G","Strike_G","Strike_G"]},{"damage_healed":0,"gold_gain":0,"player_choice":"Paid Gold","damage_taken":0,"relics_obtained":["Ninja Scroll"],"max_hp_gain":0,"max_hp_loss":0,"event_name":"WeMeetAgain","floor":22,"gold_loss":146},{"damage_healed":0,"gold_gain":0,"player_choice":"Upgraded","damage_taken":0,"max_hp_gain":0,"max_hp_loss":0,"event_name":"Upgrade Shrine","floor":30,"gold_loss":0,"cards_upgraded":["Backflip"]}],"is_beta":false,"boss_relics":[{"not_picked":["Runic Dome","Philosopher\u0027s Stone"],"picked":"Orrery"}],"items_purged_floors":[],"is_endless":false,"potions_floor_spawned":[4,5,13,16,18,24,28],"killed_by":"Automaton","ascension_level":8}