{"gold_per_floor":[110,110,110,120,120,147,147,247,247,262,290,301,313,38,38,141,141,160,160,160,85,85,85,113,113,159,58,70,85,98,10,10,10],"floor_reached":33,"playtime":2050,"items_purged":["Strike_R","Rupture"],"score":380,"play_id":"0ec9af10-14a5-4b25-9037-24795c317138","local_time":"20190417215431","is_ascension_mode":true,"campfire_choices":[{"floor":7.0,"key":"RECALL"},{"data":"1","floor":15.0,"key":"LIFT"},{"data":"2","floor":23,"key":"LIFT"},{"data":"Limit Break","floor":32,"key":"SMITH"}],"neow_cost":"NONE","seed_source_timestamp":0,"circlet_count":0,"master_deck":["Bash","Spot Weakness","Armaments","True Grit","Pommel Strike","Seeing Red","Limit Break+1","Offering","Pommel Strike","Body Slam","Clothesline","Rage","Second Wind","Dual Wield","Ghostly","Ghostly","Ghostly","Ghostly","Ghostly","Ghostly Armor+1","Shrug It Off","Anger+1","Bandage Up"],"special_seed":0,"relics":["Burning Blood","NeowsBlessing","GremlinMask","Girya","Pear","Kunai","Lee\u0027s Waffle","Pandora\u0027s Box","Enchiridion","Ornamental Fan","Bronze Scales","Smiling Mask"],"potions_floor_usage":[33,33,33],"damage_taken":[{"damage":0.0,"enemies":"Small Slimes","floor":1.0,"turns":1.0},{"damage":0.0,"enemies":"Jaw Worm","floor":4.0,"turns":1.0},{"damage":0.0,"enemies":"3 Sentries","floor":6.0,"turns":2.0},{"damage":16.0,"enemies":"Cultist","floor":10.0,"turns":4.0},{"damage":48.0,"enemies":"Gremlin Nob","floor":11.0,"turns":4.0},{"damage":36.0,"enemies":"Exordium Thugs","floor":12.0,"turns":8.0},{"damage":5.0,"enemies":"3 Louse","floor":13.0,"turns":4.0},{"damage":60.0,"enemies":"Slime Boss","floor":16.0,"turns":12.0},{"damage":26.0,"enemies":"Spheric Guardian","floor":18.0,"turns":5.0},{"damage":1,"enemies":"Gremlin Leader","floor":24,"turns":4},{"damage":7,"enemies":"2 Thieves","floor":28,"turns":4},{"damage":24,"enemies":"Shelled Parasite and Fungi","floor":29,"turns":6},{"damage":7,"enemies":"Cultist and Chosen","floor":30,"turns":6},{"damage":41,"enemies":"Champ","floor":33,"turns":9}],"seed_played":"-6641205291358495580","potions_obtained":[{"floor":1.0,"key":"BloodPotion"},{"floor":4.0,"key":"LiquidBronze"},{"floor":6.0,"key":"Dexterity Potion"},{"floor":12.0,"key":"BloodPotion"},{"floor":18.0,"key":"BloodPotion"},{"floor":24,"key":"AttackPotion"}],"is_trial":false,"path_per_floor":["M","?","?","M","T","E","R","?","T","M","E","M","M","$","R","B",null,"M","?","?","?","?","R","E","?","T","$","M","M","M","$","R","B"],"character_chosen":"IRONCLAD","items_purchased":["Lee\u0027s Waffle","Shrug It Off","Bandage Up"],"campfire_rested":0,"item_purchase_floors":[14,27,31],"current_hp_per_floor":[80,64,64,70,70,76,76,76,86,76,34,13,14,97,97,43,97,77,61,42,42,42,42,47,47,47,47,46,28,27,27,27,0],"gold":10,"neow_bonus":"THREE_ENEMY_KILL","is_prod":false,"is_daily":false,"chose_seed":false,"campfire_upgraded":1,"win_rate":0,"timestamp":1555552471,"path_taken":["M","?","?","?","?","E","R","?","T","?","E","M","M","$","R","BOSS","M","?","?","?","?","R","E","?","T","$","M","M","?","$","R","BOSS"],"build_version":"2019-01-23","purchased_purges":2,"victory":false,"max_hp_per_floor":[80,80,80,80,80,80,80,80,90,90,90,90,90,97,97,97,97,97,97,102,102,51,51,51,51,51,51,51,51,51,51,51,51],"card_choices":[{"not_picked":["Rage","Iron Wave"],"picked":"Spot Weakness","floor":1.0},{"not_picked":["Hemokinesis","Sword Boomerang"],"picked":"Armaments","floor":4.0},{"not_picked":["Warcry","Thunderclap","Bludgeon"],"picked":"SKIP","floor":6.0},{"not_picked":["Perfected Strike","Wild Strike"],"picked":"True Grit","floor":10.0},{"not_picked":["True Grit","Spot Weakness","Sword Boomerang"],"picked":"SKIP","floor":11.0},{"not_picked":["Burning Pact","Perfected Strike"],"picked":"Pommel Strike","floor":12.0},{"not_picked":["Feel No Pain","Perfected Strike"],"picked":"Seeing Red","floor":13.0},{"not_picked":["Barricade","Berserk"],"picked":"Limit Break","floor":16.0},{"not_picked":["Thunderclap","Pommel Strike+1"],"picked":"Dual Wield","floor":18.0},{"not_picked":["Headbutt","Hemokinesis"],"picked":"Ghostly Armor+1","floor":24},{"not_picked":["Iron Wave","Wild Strike"],"picked":"Anger+1","floor":28},{"not_picked":["Twin Strike+1","Sever Soul","Bloodletting"],"picked":"SKIP","floor":29},{"not_picked":["Power Through","Combust","Infernal Blade"],"picked":"SKIP","floor":30}],"player_experience":201013,"relics_obtained":[{"floor":6.0,"key":"Girya"},{"floor":9.0,"key":"Pear"},{"floor":11.0,"key":"Kunai"},{"floor":19,"key":"Enchiridion"},{"floor":24,"key":"Ornamental Fan"},{"floor":25,"key":"Bronze Scales"},{"floor":26,"key":"Smiling Mask"}],"event_choices":[{"damage_healed":0.0,"max_hp_gain":0.0,"max_hp_loss":0.0,"gold_gain":0.0,"event_name":"Shining Light","player_choice":"Entered Light","floor":2.0,"gold_loss":0.0,"damage_taken":16.0,"cards_upgraded":["Defend_R","Strike_R"]},{"damage_healed":0.0,"max_hp_gain":0.0,"max_hp_loss":0.0,"gold_gain":0.0,"event_name":"FaceTrader","player_choice":"Trade","floor":3.0,"gold_loss":0.0,"damage_taken":0.0,"relics_obtained":["GremlinMask"]},{"damage_healed":0.0,"max_hp_gain":0.0,"max_hp_loss":0.0,"gold_gain":100.0,"event_name":"Golden Shrine","player_choice":"Pray","floor":8.0,"gold_loss":0.0,"damage_taken":0.0},{"damage_healed":0,"gold_gain":0,"player_choice":"Obtained Book","damage_taken":16,"max_hp_gain":0,"max_hp_loss":0,"event_name":"Cursed Tome","floor":19,"gold_loss":0},{"damage_healed":0,"gold_gain":0,"player_choice":"Shed Blood","damage_taken":24,"max_hp_gain":5,"max_hp_loss":0,"event_name":"Forgotten Altar","floor":20,"gold_loss":0},{"cards_removed":["Perfected Strike"],"damage_healed":0,"gold_gain":0,"player_choice":"Gave Gold","damage_taken":0,"max_hp_gain":0,"max_hp_loss":0,"event_name":"Beggar","floor":21,"gold_loss":75},{"damage_healed":0,"gold_gain":0,"player_choice":"Became a Ghost","damage_taken":0,"max_hp_gain":0,"max_hp_loss":51,"event_name":"Ghosts","floor":22,"gold_loss":0,"cards_obtained":["Ghostly","Ghostly","Ghostly","Ghostly","Ghostly"]},{"damage_healed":0,"gold_gain":0,"player_choice":"Relic","damage_taken":0,"max_hp_gain":0,"max_hp_loss":0,"event_name":"Wheel of Change","floor":25,"gold_loss":0}],"is_beta":false,"boss_relics":[{"not_picked":["Runic Pyramid","Snecko Eye"],"picked":"Pandora\u0027s Box"}],"items_purged_floors":[14,27],"is_endless":false,"potions_floor_spawned":[1,4,6,12,18,24],"killed_by":"Champ","ascension_level":2}