{"gold_per_floor":[114,128,47,65,79,105,105,117,169,198,229,118,135,35,35,140,140,159,176,176,194,204,204,221,256,333,344,344,354,46,46,46,143,193,210,226,76,76,76,76],"floor_reached":40,"playtime":3098,"items_purged":["Strike_B","White Noise","Strike_B","Defend_B"],"score":462,"play_id":"8443f7f7-f3ab-4afd-8232-ea3343bea66e","local_time":"20190222014713","is_ascension_mode":true,"campfire_choices":[{"data":"Zap","floor":7,"key":"SMITH"},{"data":"Go for the Eyes","floor":15,"key":"SMITH"},{"floor":23,"key":"REST"},{"floor":32,"key":"REST"}],"neow_cost":"NONE","seed_source_timestamp":187343415039439,"circlet_count":0,"master_deck":["Strike_B","Strike_B","Defend_B","Defend_B","Defend_B","Zap+1","Dualcast","Leap","Rebound+1","Go for the Eyes+1","Conserve Battery","Sweeping Beam","Cold Snap+1","Cold Snap","Defragment","Core Surge","Ball Lightning+1","Buffer","FTL","Blizzard+1","Thunder Strike","Conserve Battery","Discovery"],"relics":["FrozenCore","Anchor","Gambling Chip","Odd Mushroom","Matryoshka","Nloth\u0027s Gift","Centennial Puzzle","Tiny Chest","Whetstone","Blood Vial","Tiny House"],"potions_floor_usage":[6,10,11,13,24,25,25,29,40,40,40],"damage_taken":[{"damage":0,"enemies":"Small Slimes","floor":1,"turns":2},{"damage":0,"enemies":"Cultist","floor":2,"turns":4},{"damage":0,"enemies":"2 Louse","floor":4,"turns":2},{"damage":0,"enemies":"Blue Slaver","floor":5,"turns":3},{"damage":12,"enemies":"Gremlin Nob","floor":6,"turns":4},{"damage":0,"enemies":"Exordium Wildlife","floor":8,"turns":2},{"damage":0,"enemies":"The Mushroom Lair","floor":10,"turns":4},{"damage":2,"enemies":"3 Sentries","floor":11,"turns":6},{"damage":0,"enemies":"Large Slime","floor":13,"turns":6},{"damage":8,"enemies":"The Guardian","floor":16,"turns":13},{"damage":1,"enemies":"Shell Parasite","floor":18,"turns":6},{"damage":11,"enemies":"3 Byrds","floor":19,"turns":6},{"damage":25,"enemies":"Centurion and Healer","floor":21,"turns":13},{"damage":0,"enemies":"Snecko","floor":22,"turns":5},{"damage":8,"enemies":"Snake Plant","floor":24,"turns":4},{"damage":22,"enemies":"Slavers","floor":25,"turns":7},{"damage":13,"enemies":"Centurion and Healer","floor":27,"turns":8},{"damage":9,"enemies":"3 Cultists","floor":29,"turns":6},{"damage":41,"enemies":"Champ","floor":33,"turns":18},{"damage":0,"enemies":"Orb Walker","floor":35,"turns":5},{"damage":9,"enemies":"3 Shapes","floor":36,"turns":10},{"damage":75,"enemies":"Reptomancer","floor":40,"turns":11}],"seed_played":"7666707904456380488","potions_obtained":[{"floor":4,"key":"SkillPotion"},{"floor":6,"key":"Energy Potion"},{"floor":10,"key":"Explosive Potion"},{"floor":11,"key":"Regen Potion"},{"floor":13,"key":"Strength Potion"},{"floor":18,"key":"Swift Potion"},{"floor":22,"key":"FairyPotion"},{"floor":24,"key":"GamblersBrew"},{"floor":27,"key":"EssenceOfSteel"},{"floor":33,"key":"Poison Potion"},{"floor":34,"key":"SkillPotion"},{"floor":36,"key":"FearPotion"}],"is_trial":false,"path_per_floor":["M","M","$","M","M","E","R","M","T","?","E","$","M","$","R","B",null,"M","M","?","M","M","R","M","E","T","M","?","M","$","?","R","B",null,"M","M","$","?","?","E"],"character_chosen":"DEFECT","items_purchased":["White Noise","Defragment","Blizzard","Blood Vial"],"campfire_rested":2,"item_purchase_floors":[3,12,30,30],"current_hp_per_floor":[75,75,75,75,75,63,63,63,63,63,61,61,75,75,75,67,75,74,63,63,38,38,60,52,30,30,17,17,8,8,8,30,7,80,80,71,71,71,71,0],"gold":76,"neow_bonus":"RANDOM_COMMON_RELIC","is_prod":false,"is_daily":false,"chose_seed":false,"campfire_upgraded":2,"win_rate":0,"timestamp":1550789233,"path_taken":["M","M","$","M","M","E","R","M","T","?","E","$","M","$","R","BOSS","M","M","?","M","?","R","M","E","T","M","?","M","$","?","R","BOSS","M","M","$","?","?","E"],"build_version":"2019-01-23","purchased_purges":4,"victory":false,"max_hp_per_floor":[75,75,75,75,75,75,75,75,75,75,75,75,75,75,75,75,75,75,75,75,75,75,75,75,75,75,75,75,75,75,75,75,75,80,80,80,80,80,80,80],"card_choices":[{"not_picked":["Compile Driver","Static Discharge"],"picked":"Leap","floor":1},{"not_picked":["Steam","Beam Cell"],"picked":"Rebound","floor":2},{"not_picked":["Barrage","Rip and Tear"],"picked":"Go for the Eyes","floor":4},{"not_picked":["Barrage","Beam Cell"],"picked":"Conserve Battery","floor":5},{"not_picked":["Compile Driver","Streamline"],"picked":"Sweeping Beam","floor":6},{"not_picked":["Stack","Go for the Eyes","Gash"],"picked":"SKIP","floor":8},{"not_picked":["Barrage","Gash"],"picked":"Cold Snap","floor":10},{"not_picked":["Recycle","Gash"],"picked":"Cold Snap","floor":11},{"not_picked":["Recycle","Multi-Cast","Skim"],"picked":"SKIP","floor":13},{"not_picked":["Fission","Reboot"],"picked":"Core Surge","floor":16},{"not_picked":["Gash","Heatsinks","Steam"],"picked":"SKIP","floor":18},{"not_picked":["Lockon","Compile Driver+1"],"picked":"Ball Lightning+1","floor":19},{"not_picked":["Coolheaded","Beam Cell+1","White Noise"],"picked":"SKIP","floor":21},{"not_picked":["Reinforced Body","Recycle","Leap"],"picked":"SKIP","floor":22},{"not_picked":["Turbo","Thunder Strike","Conserve Battery"],"picked":"SKIP","floor":24},{"not_picked":["Hologram+1","Streamline"],"picked":"Buffer","floor":25},{"not_picked":["Stack+1","Rebound+1","Go for the Eyes"],"picked":"SKIP","floor":27},{"not_picked":["Go for the Eyes","Stack"],"picked":"FTL","floor":29},{"not_picked":["Machine Learning","Hyperbeam"],"picked":"Thunder Strike","floor":33},{"not_picked":["Steam Power","Hologram"],"picked":"Static Discharge+1","floor":34},{"not_picked":["Beam Cell","Streamline","Heatsinks"],"picked":"SKIP","floor":35},{"not_picked":["Darkness","Turbo+1"],"picked":"Conserve Battery","floor":36},{"not_picked":["Mind Blast","Finesse"],"picked":"Discovery","floor":38}],"player_experience":632223,"relics_obtained":[{"floor":6,"key":"Gambling Chip"},{"floor":9,"key":"Juzu Bracelet"},{"floor":10,"key":"Odd Mushroom"},{"floor":11,"key":"Matryoshka"},{"floor":25,"key":"Centennial Puzzle"},{"floor":26,"key":"Tiny Chest"},{"floor":26,"key":"Whetstone"}],"event_choices":[{"damage_healed":0,"gold_gain":0,"player_choice":"Fought Mushrooms","damage_taken":0,"max_hp_gain":0,"max_hp_loss":0,"event_name":"Mushrooms","floor":10,"gold_loss":0},{"damage_healed":0,"gold_gain":0,"player_choice":"Traded Relic","damage_taken":0,"relics_obtained":["Nloth\u0027s Gift"],"max_hp_gain":0,"max_hp_loss":0,"event_name":"N\u0027loth","floor":20,"relics_lost":["Juzu Bracelet"],"gold_loss":0},{"damage_healed":0,"gold_gain":0,"player_choice":"Ignored","damage_taken":0,"max_hp_gain":0,"max_hp_loss":0,"event_name":"The Mausoleum","floor":28,"gold_loss":0},{"damage_healed":0,"gold_gain":0,"player_choice":"Ignored","damage_taken":0,"max_hp_gain":0,"max_hp_loss":0,"event_name":"Beggar","floor":31,"gold_loss":0},{"damage_healed":0,"gold_gain":0,"player_choice":"Memory 1","damage_taken":0,"max_hp_gain":0,"max_hp_loss":0,"event_name":"SensoryStone","floor":38,"gold_loss":0},{"cards_removed":["Static Discharge"],"damage_healed":0,"gold_gain":0,"player_choice":"Removed Power","damage_taken":0,"max_hp_gain":0,"max_hp_loss":0,"event_name":"Falling","floor":39,"gold_loss":0}],"is_beta":false,"boss_relics":[{"not_picked":["Cursed Key","Philosopher\u0027s Stone"],"picked":"FrozenCore"},{"not_picked":["Nuclear Battery","Coffee Dripper"],"picked":"Tiny House"}],"items_purged_floors":[12,14,30,37],"is_endless":false,"potions_floor_spawned":[4,6,10,11,13,18,22,24,27,33,36],"killed_by":"Reptomancer","ascension_level":2}