{"gold_per_floor":[113,113,113,125,125,153,118,145,145,110,121,138,11,36,36,136,136,151,76,36,36],"floor_reached":21,"playtime":1913,"items_purged":[],"score":205,"play_id":"cbb39f80-544d-4f14-8804-42ec72845b22","local_time":"20190524223546","is_ascension_mode":true,"campfire_choices":[{"floor":15,"key":"REST"}],"neow_cost":"NONE","seed_source_timestamp":437384667176721,"circlet_count":0,"master_deck":["Defend_G+1","Defend_G+1","Defend_G","Defend_G","Defend_G","Strike_G","Strike_G","Strike_G","Strike_G+1","Survivor","Neutralize","Blind","Quick Slash","Endless Agony","Dodge and Roll","Blur","Footwork","Flying Knee","Footwork","Bouncing Flask","Backflip+1","Dagger Spray","A Thousand Cuts","Dash","Cloak And Dagger+1"],"relics":["Ring of the Snake","Paper Crane","Ancient Tea Set","Orichalcum","Question Card","White Beast Statue"],"potions_floor_usage":[14,16,16],"damage_taken":[{"damage":0,"enemies":"2 Louse","floor":1,"turns":3},{"damage":0,"enemies":"Small Slimes","floor":4,"turns":4},{"damage":15,"enemies":"Lagavulin","floor":6,"turns":13},{"damage":22,"enemies":"Gremlin Nob","floor":8,"turns":7},{"damage":5,"enemies":"Jaw Worm","floor":11,"turns":5},{"damage":0,"enemies":"Exordium Wildlife","floor":12,"turns":5},{"damage":3,"enemies":"3 Sentries","floor":14,"turns":13},{"damage":40,"enemies":"Slime Boss","floor":16,"turns":14},{"damage":31,"enemies":"3 Byrds","floor":18,"turns":7},{"damage":20,"enemies":"2 Thieves","floor":19,"turns":5},{"damage":0,"enemies":"Snake Plant","floor":21,"turns":5}],"seed_played":"-4214263435685365018","potions_obtained":[{"floor":12,"key":"AttackPotion"},{"floor":14,"key":"AttackPotion"},{"floor":16,"key":"PowerPotion"},{"floor":18,"key":"Strength Potion"},{"floor":19,"key":"Energy Potion"}],"is_trial":false,"path_per_floor":["M","?","?","M","?","E","$","E","T","?","M","M","$","E","R","B",null,"M","M","?","M"],"character_chosen":"THE_SILENT","items_purchased":["Footwork","Backflip","Regen Potion"],"campfire_rested":1,"item_purchase_floors":[7,13,13],"current_hp_per_floor":[70,70,56,56,56,41,41,19,19,36,31,31,31,43,64,24,70,39,19,19,19],"gold":36,"neow_bonus":"RANDOM_COLORLESS","is_prod":false,"is_daily":false,"chose_seed":false,"campfire_upgraded":0,"win_rate":0,"timestamp":1558726546,"path_taken":["M","?","?","M","?","E","$","E","T","?","?","M","$","E","R","BOSS","M","M","?","?"],"build_version":"2019-01-23","purchased_purges":0,"victory":false,"max_hp_per_floor":[70,70,70,70,70,70,70,70,70,70,70,70,70,70,70,70,70,70,70,70,70],"card_choices":[{"not_picked":["Deflect","Sucker Punch"],"picked":"Quick Slash","floor":1},{"not_picked":["Dodge and Roll","Dagger Throw"],"picked":"Endless Agony","floor":4},{"not_picked":["Deflect","Concentrate"],"picked":"Blur","floor":6},{"not_picked":["Acrobatics","Blur"],"picked":"Flying Knee","floor":8},{"not_picked":["Dagger Throw","Well Laid Plans"],"picked":"Footwork","floor":11},{"not_picked":["Sucker Punch","Setup"],"picked":"Bouncing Flask","floor":12},{"not_picked":["Deadly Poison","Deflect"],"picked":"Dagger Spray","floor":14},{"not_picked":["Doppelganger","Storm of Steel","Grand Finale"],"picked":"A Thousand Cuts","floor":16},{"not_picked":["Quick Slash","Underhanded Strike","Outmaneuver"],"picked":"Dash","floor":18},{"not_picked":["Skewer","Poisoned Stab","Sucker Punch+1"],"picked":"Cloak And Dagger+1","floor":19}],"player_experience":815050,"relics_obtained":[{"floor":6,"key":"Paper Crane"},{"floor":8,"key":"Ancient Tea Set"},{"floor":9,"key":"Orichalcum"},{"floor":14,"key":"Question Card"}],"event_choices":[{"damage_healed":0,"gold_gain":0,"player_choice":"Ignored","damage_taken":0,"max_hp_gain":0,"max_hp_loss":0,"event_name":"Liars Game","floor":2,"gold_loss":0},{"damage_healed":0,"gold_gain":0,"player_choice":"Entered Light","damage_taken":14,"max_hp_gain":0,"max_hp_loss":0,"event_name":"Shining Light","floor":3,"gold_loss":0,"cards_upgraded":["Strike_G","Defend_G"]},{"damage_healed":0,"gold_gain":0,"cards_transformed":["Strike_G"],"player_choice":"Change","damage_taken":0,"max_hp_gain":0,"max_hp_loss":0,"event_name":"Living Wall","floor":5,"gold_loss":0,"cards_obtained":["Dodge and Roll"]},{"damage_healed":17,"gold_gain":0,"player_choice":"Healed","damage_taken":0,"max_hp_gain":0,"max_hp_loss":0,"event_name":"The Cleric","floor":10,"gold_loss":35},{"damage_healed":0,"gold_gain":0,"player_choice":"Upgraded Two","damage_taken":0,"max_hp_gain":0,"max_hp_loss":0,"event_name":"Designer","floor":20,"gold_loss":40,"cards_upgraded":["Defend_G","Backflip"]}],"is_beta":false,"boss_relics":[{"not_picked":["Lizard Tail","Runic Pyramid"],"picked":"White Beast Statue"}],"items_purged_floors":[],"is_endless":false,"potions_floor_spawned":[12,14,16,18,19],"killed_by":"Snake Plant","ascension_level":1}