{"gold_per_floor":[110,123,143,154,154,154,181,201,201,201,261,278,278,290,290,367,367,382,15,29,46,64,64,74,74,74,101,18,52,10,10,10,10],"floor_reached":33,"playtime":2555,"items_purged":[],"score":542,"play_id":"624d687a-8a84-4f95-936c-cdeaabf862b7","local_time":"20190521002503","is_ascension_mode":true,"campfire_choices":[{"data":"True Grit","floor":6.0,"key":"SMITH"},{"floor":10.0,"key":"REST"},{"floor":15.0,"key":"REST"},{"data":"Body Slam","floor":23.0,"key":"SMITH"},{"data":"Limit Break","floor":25.0,"key":"SMITH"},{"floor":32,"key":"REST"}],"neow_cost":"PERCENT_DAMAGE","seed_source_timestamp":0,"circlet_count":0,"master_deck":["AscendersBane","Strike_R","Strike_R","Strike_R","Strike_R","Strike_R","Defend_R+1","Defend_R","Defend_R","Defend_R","Bash","Immolate+1","Burning Pact+1","True Grit+1","Flame Barrier","Hemokinesis","Flame Barrier","Pommel Strike","Shockwave","Flame Barrier","Limit Break+1","Rampage","Body Slam+1","Ghostly Armor+1","Uppercut+1","Intimidate+1","Flex+1","Flame Barrier+1","True Grit+1","True Grit+1","Ghostly+1","Ghostly+1","Ghostly+1"],"special_seed":0,"relics":["Burning Blood","Bag of Marbles","Odd Mushroom","Gambling Chip","Runic Pyramid","Toxic Egg 2","Pear","Potion Belt","The Courier"],"potions_floor_usage":[27,27,29,29,33,33],"damage_taken":[{"damage":3.0,"enemies":"Cultist","floor":1.0,"turns":4.0},{"damage":3.0,"enemies":"Jaw Worm","floor":2.0,"turns":4.0},{"damage":10.0,"enemies":"Small Slimes","floor":3.0,"turns":4.0},{"damage":0.0,"enemies":"3 Louse","floor":4.0,"turns":1.0},{"damage":42.0,"enemies":"Lagavulin","floor":7.0,"turns":7.0},{"damage":0.0,"enemies":"The Mushroom Lair","floor":8.0,"turns":2.0},{"damage":11.0,"enemies":"3 Sentries","floor":11.0,"turns":4.0},{"damage":4.0,"enemies":"Blue Slaver","floor":12.0,"turns":2.0},{"damage":15.0,"enemies":"Large Slime","floor":14.0,"turns":5.0},{"damage":31.0,"enemies":"Slime Boss","floor":16.0,"turns":8.0},{"damage":11.0,"enemies":"2 Thieves","floor":18.0,"turns":2.0},{"damage":3.0,"enemies":"Chosen","floor":20.0,"turns":4.0},{"damage":12.0,"enemies":"Snake Plant","floor":21.0,"turns":4.0},{"damage":3.0,"enemies":"Centurion and Healer","floor":22.0,"turns":5.0},{"damage":13.0,"enemies":"Cultist and Chosen","floor":24.0,"turns":6.0},{"damage":50,"enemies":"Gremlin Leader","floor":27,"turns":10},{"damage":10,"enemies":"Slavers","floor":29,"turns":8},{"damage":23,"enemies":"Collector","floor":33,"turns":13}],"seed_played":"-1053790985455074890","potions_obtained":[{"floor":2.0,"key":"GamblersBrew"},{"floor":3.0,"key":"SmokeBomb"},{"floor":11.0,"key":"PowerPotion"},{"floor":12.0,"key":"Energy Potion"},{"floor":14.0,"key":"Fire Potion"},{"floor":18.0,"key":"EssenceOfSteel"},{"floor":27,"key":"Block Potion"},{"floor":29,"key":"Poison Potion"}],"is_trial":false,"path_per_floor":["M","M","M","M","?","R","E","?","T","R","?","M","?","M","R","B",null,"M","$","M","M","M","R","M","R","T","E","$","E","$","?","R","B"],"character_chosen":"IRONCLAD","items_purchased":["Toxic Egg 2","Body Slam","Ghostly Armor+1","True Grit+1","Fire Potion","SkillPotion"],"campfire_rested":3,"item_purchase_floors":[19,19,19,28,28,30],"current_hp_per_floor":[53,56,52,58,58,58,22,28,28,50,45,47,24,15,37,12,59,54,54,57,51,54,54,47,47,57,13,13,9,9,9,21,0],"gold":10,"neow_bonus":"THREE_RARE_CARDS","is_prod":false,"is_daily":false,"chose_seed":false,"campfire_upgraded":3,"win_rate":0,"timestamp":1558423503,"path_taken":["M","?","M","M","?","R","E","?","T","R","?","M","?","M","R","BOSS","M","$","M","M","M","R","M","R","T","E","$","E","$","?","R","BOSS"],"build_version":"2019-01-23","purchased_purges":0,"victory":false,"max_hp_per_floor":[75,75,75,75,75,75,75,75,75,75,75,75,75,75,75,75,75,75,75,75,75,75,75,75,75,85,85,85,85,85,42,42,42],"card_choices":[{"not_picked":["Double Tap","Demon Form"],"picked":"Immolate","floor":0.0},{"not_picked":["Body Slam","Heavy Blade"],"picked":"Burning Pact","floor":1.0},{"not_picked":["Cleave","Rupture"],"picked":"True Grit","floor":2.0},{"not_picked":["Disarm","Rupture"],"picked":"Flame Barrier","floor":3.0},{"not_picked":["Fire Breathing","Blood for Blood"],"picked":"Hemokinesis","floor":4.0},{"not_picked":["Entrench","Body Slam"],"picked":"Flame Barrier","floor":7.0},{"not_picked":["Evolve","Dual Wield"],"picked":"Pommel Strike","floor":8.0},{"not_picked":["Shrug It Off","Flex"],"picked":"Shockwave","floor":11.0},{"not_picked":["Sword Boomerang","Warcry","Wild Strike"],"picked":"SKIP","floor":12.0},{"not_picked":["Dual Wield","Sword Boomerang"],"picked":"Flame Barrier","floor":14.0},{"not_picked":["Offering","Berserk"],"picked":"Limit Break","floor":16.0},{"not_picked":["Cleave","Hemokinesis"],"picked":"Rampage","floor":18.0},{"not_picked":["Cleave+1","True Grit+1"],"picked":"Uppercut+1","floor":20.0},{"not_picked":["Ghostly Armor+1","Clash","True Grit+1"],"picked":"SKIP","floor":21.0},{"not_picked":["Clothesline+1","Sword Boomerang"],"picked":"Intimidate+1","floor":22.0},{"not_picked":["Anger","Headbutt"],"picked":"Flex+1","floor":24.0},{"not_picked":["Metallicize","Pommel Strike"],"picked":"Flame Barrier+1","floor":27},{"not_picked":["Battle Trance+1","Evolve"],"picked":"True Grit+1","floor":29}],"player_experience":489489,"relics_obtained":[{"floor":7.0,"key":"Bag of Marbles"},{"floor":8.0,"key":"Odd Mushroom"},{"floor":11.0,"key":"Gambling Chip"},{"floor":26.0,"key":"Pear"},{"floor":27,"key":"Potion Belt"},{"floor":29,"key":"The Courier"}],"event_choices":[{"damage_healed":0.0,"max_hp_gain":0.0,"max_hp_loss":0.0,"gold_gain":0.0,"event_name":"Living Wall","player_choice":"Grow","floor":5.0,"gold_loss":0.0,"damage_taken":0.0,"cards_upgraded":["Immolate"]},{"damage_healed":0.0,"max_hp_gain":0.0,"max_hp_loss":0.0,"gold_gain":0.0,"event_name":"Mushrooms","player_choice":"Fought Mushrooms","floor":8.0,"gold_loss":0.0,"damage_taken":0.0},{"damage_healed":0.0,"max_hp_gain":0.0,"max_hp_loss":0.0,"gold_gain":0.0,"event_name":"Dead Adventurer","player_choice":"Searched \u00272\u0027 times","floor":11.0,"gold_loss":0.0,"damage_taken":0.0},{"damage_healed":0.0,"max_hp_gain":0.0,"max_hp_loss":0.0,"gold_gain":0.0,"event_name":"Shining Light","player_choice":"Entered Light","floor":13.0,"gold_loss":0.0,"damage_taken":23.0,"cards_upgraded":["Defend_R","Burning Pact"]},{"damage_healed":0,"gold_gain":0,"player_choice":"Became a Ghost","damage_taken":0,"max_hp_gain":0,"max_hp_loss":43,"event_name":"Ghosts","floor":31,"gold_loss":0,"cards_obtained":["Ghostly","Ghostly","Ghostly"]}],"is_beta":false,"boss_relics":[{"not_picked":["Orrery","Philosopher\u0027s Stone"],"picked":"Runic Pyramid"}],"items_purged_floors":[],"is_endless":false,"potions_floor_spawned":[2,3,11,12,14,18,27,29],"killed_by":"Collector","ascension_level":16}