{"gold_per_floor":[109,109,20,20,45,45,88,88,88,115,148,148,173,213,213,336,336,359,399,85,101,101,101,126,126,126,126,126,147,161,196,196,320,320,343,362,362,193,193,227,227,287,287,323,323,82,101,23,23,23],"floor_reached":51,"playtime":2433,"items_purged":["Strike_G","Strike_G"],"score":1155,"play_id":"2562e5d0-f725-467c-b037-a94d08378b73","local_time":"20190115194306","is_ascension_mode":true,"campfire_choices":[{"data":"Neutralize","floor":6.0,"key":"SMITH"},{"data":"Trip","floor":8.0,"key":"SMITH"},{"data":"Caltrops","floor":12.0,"key":"SMITH"},{"data":"Crippling Poison","floor":15.0,"key":"SMITH"},{"data":"Deadly Poison","floor":23.0,"key":"SMITH"},{"data":"Catalyst","floor":25.0,"key":"SMITH"},{"data":"Backflip","floor":27.0,"key":"SMITH"},{"data":"Survivor","floor":32.0,"key":"SMITH"},{"data":"Poisoned Stab","floor":41.0,"key":"SMITH"},{"data":"Defend_G","floor":49,"key":"SMITH"}],"neow_cost":"NONE","seed_source_timestamp":326892770156556,"circlet_count":0,"master_deck":["Defend_G+1","Defend_G","Defend_G","Defend_G","Survivor+1","Neutralize+1","Crippling Poison+1","Trip+1","Caltrops+1","Catalyst+1","Well Laid Plans+1","Corpse Explosion","Deadly Poison+1","Crippling Poison","Backflip+1","Footwork+1","Poisoned Stab+1","Deadly Poison+1","Tools of the Trade+1","Cloak And Dagger+1","Noxious Fumes+1","Cloak And Dagger"],"special_seed":0,"relics":["Ring of the Snake","NeowsBlessing","Golden Idol","Strawberry","Bronze Scales","Letter Opener","Blood Vial","Anchor","Frozen Egg 2","Philosopher\u0027s Stone","Red Mask","Omamori","Ice Cream","Snake Skull","Dodecahedron","Empty Cage","Bottled Flame","Nunchaku","PreservedInsect","Paper Crane","Bottled Tornado"],"potions_floor_usage":[42,42,50,50],"damage_taken":[{"damage":0.0,"enemies":"Small Slimes","floor":1.0,"turns":1.0},{"damage":0.0,"enemies":"2 Louse","floor":5.0,"turns":1.0},{"damage":0.0,"enemies":"Gremlin Nob","floor":7.0,"turns":1.0},{"damage":27.0,"enemies":"Lagavulin","floor":11.0,"turns":8.0},{"damage":3.0,"enemies":"Jaw Worm","floor":13.0,"turns":4.0},{"damage":24.0,"enemies":"Gremlin Nob","floor":14.0,"turns":4.0},{"damage":19.0,"enemies":"The Guardian","floor":16.0,"turns":10.0},{"damage":12.0,"enemies":"Spheric Guardian","floor":18.0,"turns":4.0},{"damage":8.0,"enemies":"Masked Bandits","floor":19.0,"turns":3.0},{"damage":11.0,"enemies":"Shell Parasite","floor":21.0,"turns":3.0},{"damage":0.0,"enemies":"Cultist and Chosen","floor":24.0,"turns":4.0},{"damage":0.0,"enemies":"Sentry and Sphere","floor":29.0,"turns":3.0},{"damage":1.0,"enemies":"Snecko","floor":30.0,"turns":3.0},{"damage":5.0,"enemies":"Gremlin Leader","floor":31.0,"turns":4.0},{"damage":38.0,"enemies":"Collector","floor":33.0,"turns":6.0},{"damage":0.0,"enemies":"3 Shapes","floor":35.0,"turns":2.0},{"damage":21.0,"enemies":"3 Darklings","floor":36.0,"turns":3.0},{"damage":13.0,"enemies":"Reptomancer","floor":40.0,"turns":4.0},{"damage":11,"enemies":"2 Orb Walkers","floor":42,"turns":3},{"damage":0,"enemies":"Giant Head","floor":44,"turns":6},{"damage":0,"enemies":"Sphere and 2 Shapes","floor":47,"turns":3},{"damage":3,"enemies":"Awakened One","floor":50,"turns":12}],"seed_played":"-728281303502713545","potions_obtained":[{"floor":5.0,"key":"Regen Potion"},{"floor":11.0,"key":"EssenceOfSteel"},{"floor":16.0,"key":"Energy Potion"},{"floor":18.0,"key":"Dexterity Potion"},{"floor":24.0,"key":"PowerPotion"},{"floor":33.0,"key":"SmokeBomb"},{"floor":35.0,"key":"Dexterity Potion"},{"floor":40.0,"key":"Regen Potion"}],"is_trial":false,"path_per_floor":["M","?","$","?","M","R","E","R","T","T","E","R","M","E","R","B",null,"M","?","$","M","?","R","M","R","T","R","?","M","M","E","R","B",null,"M","M","?","$","?","E","R","?","T","E","?","$","M","$","R","B",null],"character_chosen":"THE_SILENT","items_purchased":["Trip","Crippling Poison","Backflip","Omamori","Noxious Fumes+1","Bottled Tornado","LiquidBronze"],"campfire_rested":0,"item_purchase_floors":[3,20,20,20,38,46,48],"current_hp_per_floor":[63,63,63,63,63,63,63,63,63,63,38,38,37,29,29,12,57,47,41,41,32,56,56,58,58,58,58,58,60,61,58,58,22,60,62,43,61,61,61,50,50,53,53,55,55,55,57,57,57,56],"gold":23,"neow_bonus":"THREE_ENEMY_KILL","is_prod":false,"is_daily":false,"chose_seed":false,"campfire_upgraded":10,"win_rate":0,"timestamp":1547599386,"path_taken":["M","?","$","?","M","R","E","R","T","?","E","R","M","E","R","BOSS","M","?","$","M","?","R","M","R","T","R","?","M","M","E","R","BOSS","M","M","?","$","?","E","R","?","T","E","?","$","M","$","R","BOSS"],"build_version":"2019-01-14v2","purchased_purges":2,"victory":true,"max_hp_per_floor":[70,65,65,72,72,72,72,72,72,72,72,72,72,72,72,72,72,72,72,72,72,72,72,72,72,72,72,72,72,72,72,72,72,72,72,72,72,72,72,72,72,72,72,72,72,72,72,72,72,72],"card_choices":[{"not_picked":["Cloak And Dagger","PiercingWail"],"picked":"Crippling Poison","floor":1.0},{"not_picked":["Sucker Punch","Deflect","Backflip"],"picked":"SKIP","floor":5.0},{"not_picked":["Choke","Heel Hook"],"picked":"Caltrops","floor":7.0},{"not_picked":["Flying Knee","Blade Dance"],"picked":"Catalyst","floor":11.0},{"not_picked":["Slice","Cloak And Dagger","Backflip"],"picked":"SKIP","floor":13.0},{"not_picked":["Terror","Finisher"],"picked":"Well Laid Plans","floor":14.0},{"not_picked":["Venomology","Unload"],"picked":"Corpse Explosion","floor":16.0},{"not_picked":["Deflect+1","Dagger Spray+1","Acrobatics"],"picked":"SKIP","floor":18.0},{"not_picked":["Dagger Throw","Cloak And Dagger"],"picked":"Deadly Poison","floor":19.0},{"not_picked":["Poisoned Stab","Flying Knee"],"picked":"Footwork+1","floor":21.0},{"not_picked":["Slice","Flying Knee","Quick Slash"],"picked":"SKIP","floor":24.0},{"not_picked":["Flying Knee","Dagger Throw+1"],"picked":"Poisoned Stab","floor":29.0},{"not_picked":["Predator","Doppelganger","Acrobatics"],"picked":"SKIP","floor":30.0},{"not_picked":["Grand Finale","Blade Dance"],"picked":"Deadly Poison+1","floor":31.0},{"not_picked":["Grand Finale","Glass Knife"],"picked":"Tools of the Trade+1","floor":33.0},{"not_picked":["Masterful Stab","Underhanded Strike+1"],"picked":"Cloak And Dagger+1","floor":35.0},{"not_picked":["Sucker Punch","Acrobatics","Reflex"],"picked":"SKIP","floor":36.0},{"not_picked":["Slice","Quick Slash","Deadly Poison"],"picked":"SKIP","floor":40.0},{"not_picked":["Terror","Dagger Throw","Flying Knee"],"picked":"SKIP","floor":44},{"not_picked":["Flying Knee+1","Blur","Masterful Stab"],"picked":"SKIP","floor":47}],"player_experience":507137,"relics_obtained":[{"floor":7.0,"key":"Bronze Scales"},{"floor":9.0,"key":"Letter Opener"},{"floor":10.0,"key":"Blood Vial"},{"floor":11.0,"key":"Anchor"},{"floor":14.0,"key":"Frozen Egg 2"},{"floor":19.0,"key":"Red Mask"},{"floor":26.0,"key":"Ice Cream"},{"floor":31.0,"key":"Dodecahedron"},{"floor":40.0,"key":"Bottled Flame"},{"floor":42,"key":"Nunchaku"},{"floor":43,"key":"PreservedInsect"},{"floor":44,"key":"Paper Crane"}],"event_choices":[{"damage_healed":0.0,"max_hp_gain":0.0,"max_hp_loss":5.0,"gold_gain":0.0,"event_name":"Golden Idol","player_choice":"Lose Max HP","floor":2.0,"gold_loss":0.0,"damage_taken":0.0,"relics_obtained":["Golden Idol"]},{"damage_healed":0.0,"max_hp_gain":0.0,"max_hp_loss":0.0,"gold_gain":0.0,"event_name":"Scrap Ooze","player_choice":"Success","floor":4.0,"gold_loss":0.0,"damage_taken":7.0,"relics_obtained":["Strawberry"]},{"damage_healed":0.0,"max_hp_gain":0.0,"max_hp_loss":0.0,"gold_gain":0.0,"event_name":"Masked Bandits","player_choice":"Fought Bandits","floor":19.0,"gold_loss":0.0,"damage_taken":0.0},{"damage_healed":24.0,"max_hp_gain":0.0,"max_hp_loss":0.0,"gold_gain":0.0,"event_name":"The Library","player_choice":"Heal","floor":22.0,"gold_loss":0.0,"damage_taken":0.0},{"damage_healed":0.0,"max_hp_gain":0.0,"max_hp_loss":0.0,"gold_gain":0.0,"event_name":"The Mausoleum","player_choice":"Opened","floor":28.0,"gold_loss":0.0,"damage_taken":0.0,"relics_obtained":["Snake Skull"]},{"damage_healed":18.0,"max_hp_gain":0.0,"max_hp_loss":0.0,"gold_gain":0.0,"event_name":"Winding Halls","player_choice":"Writhe","floor":37.0,"gold_loss":0.0,"damage_taken":0.0,"cards_obtained":["Writhe"]},{"cards_removed":["Defend_G"],"damage_healed":0.0,"max_hp_gain":0.0,"max_hp_loss":0.0,"gold_gain":0.0,"event_name":"Falling","player_choice":"Removed Skill","floor":39.0,"gold_loss":0.0,"damage_taken":0.0},{"damage_healed":0,"gold_gain":0,"player_choice":"Fight","damage_taken":0,"max_hp_gain":0,"max_hp_loss":0,"event_name":"Mysterious Sphere","floor":42,"gold_loss":0},{"damage_healed":0,"gold_gain":0,"cards_transformed":["Strike_G"],"player_choice":"Transformed","damage_taken":0,"max_hp_gain":0,"max_hp_loss":0,"event_name":"Transmorgrifier","floor":45,"gold_loss":0,"cards_obtained":["Cloak And Dagger"]}],"is_beta":true,"boss_relics":[{"not_picked":["Calling Bell","Eternal Feather"],"picked":"Philosopher\u0027s Stone"},{"not_picked":["Coffee Dripper","Fusion Hammer"],"picked":"Empty Cage"}],"items_purged_floors":[20,38],"is_endless":false,"potions_floor_spawned":[5,11,16,18,24,33,35,40],"ascension_level":9}