{"gold_per_floor":[366,366,366,383,400,400,427,446,471,491,511,511,511,299,299,299],"floor_reached":16,"playtime":658,"items_purged":["Strike_G"],"score":122,"play_id":"659a51b4-5a42-4aeb-8cd4-4322cd77ca1e","local_time":"20190526125543","is_ascension_mode":true,"campfire_choices":[{"data":"Neutralize","floor":6,"key":"SMITH"},{"floor":12,"key":"REST"},{"data":"Backflip","floor":15,"key":"SMITH"}],"neow_cost":"CURSE","seed_source_timestamp":0,"circlet_count":0,"master_deck":["Defend_G","Defend_G","Defend_G","Defend_G","Defend_G","Strike_G","Strike_G","Strike_G+1","Strike_G","Survivor","Neutralize+1","Dagger Spray+1","PiercingWail","Dodge and Roll","Doppelganger","Backstab","Backflip+1","Venomology"],"special_seed":0,"relics":["Ring of the Snake","Whetstone","Snake Skull","Happy Flower"],"potions_floor_usage":[16,16,16],"damage_taken":[{"damage":5.0,"enemies":"Cultist","floor":1.0,"turns":5.0},{"damage":0,"enemies":"Small Slimes","floor":4,"turns":3},{"damage":0,"enemies":"2 Louse","floor":5,"turns":2},{"damage":53,"enemies":"Gremlin Nob","floor":7,"turns":6},{"damage":1,"enemies":"Exordium Wildlife","floor":8,"turns":4},{"damage":0,"enemies":"Exordium Thugs","floor":10,"turns":3},{"damage":0,"enemies":"Blue Slaver","floor":11,"turns":4},{"damage":53,"enemies":"Hexaghost","floor":16,"turns":16}],"seed_played":"-2374605987585382309","potions_obtained":[{"floor":3,"key":"Poison Potion"},{"floor":3,"key":"LiquidBronze"},{"floor":3,"key":"Swift Potion"},{"floor":7,"key":"Fire Potion"},{"floor":10,"key":"Dexterity Potion"}],"is_trial":false,"path_per_floor":["M","?","?","M","M","R","E","M","T","M","M","R","?","$","R","B"],"character_chosen":"THE_SILENT","items_purchased":["Venomology"],"campfire_rested":1,"item_purchase_floors":[14],"current_hp_per_floor":[65,65,65,65,65,65,12,11,11,11,11,32,32,32,32,0],"gold":299,"neow_bonus":"TWO_FIFTY_GOLD","is_prod":false,"is_daily":false,"chose_seed":false,"campfire_upgraded":2,"win_rate":0,"timestamp":1558889743,"path_taken":["M","?","?","M","M","R","E","M","T","?","M","R","?","$","R","BOSS"],"build_version":"2019-01-23","purchased_purges":1,"victory":false,"max_hp_per_floor":[70,70,70,70,70,70,70,70,70,70,70,70,70,70,70,70],"card_choices":[{"not_picked":["Prepared","Setup"],"picked":"Dagger Spray","floor":1.0},{"not_picked":["Blade Dance","Endless Agony"],"picked":"PiercingWail","floor":4},{"not_picked":["Dagger Throw","Flying Knee"],"picked":"Dodge and Roll","floor":5},{"not_picked":["Bane","Calculated Gamble"],"picked":"Doppelganger","floor":7},{"not_picked":["Deadly Poison","Concentrate"],"picked":"Backstab","floor":8},{"not_picked":["All Out Attack","Bane","Prepared"],"picked":"SKIP","floor":10},{"not_picked":["All Out Attack","Bane","Prepared"],"picked":"SKIP","floor":10},{"not_picked":["Predator","All Out Attack"],"picked":"Backflip","floor":11}],"player_experience":285900,"relics_obtained":[{"floor":7,"key":"Whetstone"},{"floor":9,"key":"Snake Skull"}],"event_choices":[{"cards_removed":["Writhe"],"damage_healed":0,"gold_gain":0,"player_choice":"Forget","damage_taken":0,"max_hp_gain":0,"max_hp_loss":0,"event_name":"Living Wall","floor":2,"gold_loss":0},{"damage_healed":0,"gold_gain":0,"player_choice":"Got Potions","damage_taken":0,"max_hp_gain":0,"max_hp_loss":0,"event_name":"Lab","floor":3,"gold_loss":0},{"damage_healed":0,"gold_gain":0,"player_choice":"Searched \u00271\u0027 times","damage_taken":0,"relics_obtained":["Happy Flower"],"max_hp_gain":0,"max_hp_loss":0,"event_name":"Dead Adventurer","floor":13,"gold_loss":0}],"is_beta":false,"boss_relics":[],"items_purged_floors":[14],"is_endless":false,"potions_floor_spawned":[4,7,10,11],"killed_by":"Hexaghost","ascension_level":4}