{"gold_per_floor":[10,23,34,34,109,143,143],"floor_reached":7,"playtime":332,"items_purged":[],"score":59,"play_id":"4a5e4f3c-0d38-4773-a80b-337521acd769","local_time":"20190511195007","is_ascension_mode":true,"campfire_choices":[],"neow_cost":"NO_GOLD","seed_source_timestamp":82911193675200,"circlet_count":0,"master_deck":["Strike_R","Strike_R","Strike_R","Strike_R","Strike_R+1","Defend_R","Defend_R","Defend_R","Defend_R","Bash+1","Demon Form","Rampage"],"relics":["Burning Blood","Toxic Egg 2"],"potions_floor_usage":[3,6],"damage_taken":[{"damage":10,"enemies":"Cultist","floor":1,"turns":5},{"damage":6,"enemies":"2 Louse","floor":2,"turns":3},{"damage":8,"enemies":"Small Slimes","floor":3,"turns":3},{"damage":35,"enemies":"3 Sentries","floor":6,"turns":8},{"damage":19,"enemies":"Exordium Thugs","floor":7,"turns":4}],"seed_played":"5726300105745717808","potions_obtained":[{"floor":1,"key":"SneckoOil"},{"floor":3,"key":"Block Potion"}],"is_trial":false,"path_per_floor":["M","M","M","?","?","E","M"],"character_chosen":"IRONCLAD","items_purchased":[],"campfire_rested":0,"item_purchase_floors":[],"current_hp_per_floor":[76,76,74,58,47,18,0],"gold":143,"neow_bonus":"THREE_RARE_CARDS","is_prod":false,"is_daily":false,"chose_seed":false,"campfire_upgraded":0,"win_rate":0,"timestamp":1557618607,"path_taken":["M","M","?","?","?","E","M"],"build_version":"2019-01-23","purchased_purges":0,"victory":false,"max_hp_per_floor":[80,80,80,80,80,80,80],"card_choices":[{"not_picked":["Limit Break","Fiend Fire"],"picked":"Demon Form","floor":0},{"not_picked":["Wild Strike","Perfected Strike"],"picked":"Rampage","floor":1},{"not_picked":["Cleave","Sever Soul","Twin Strike"],"picked":"SKIP","floor":2},{"not_picked":["Reckless Charge","Clash","Sword Boomerang"],"picked":"SKIP","floor":3},{"not_picked":["Wild Strike","Hemokinesis","Pommel Strike"],"picked":"SKIP","floor":6}],"player_experience":261463,"relics_obtained":[{"floor":6,"key":"Toxic Egg 2"}],"event_choices":[{"damage_healed":0,"gold_gain":0,"player_choice":"Entered Light","damage_taken":16,"max_hp_gain":0,"max_hp_loss":0,"event_name":"Shining Light","floor":4,"gold_loss":0,"cards_upgraded":["Bash","Strike_R"]},{"damage_healed":0,"gold_gain":75,"player_choice":"Gather Gold","damage_taken":11,"max_hp_gain":0,"max_hp_loss":0,"event_name":"World of Goop","floor":5,"gold_loss":0}],"is_beta":false,"boss_relics":[],"items_purged_floors":[],"is_endless":false,"potions_floor_spawned":[1,3],"killed_by":"Exordium Thugs","ascension_level":3}