{"gold_per_floor":[114,131,142,126,126,151,151,164,164,176,176,101,111,11,11,106,106,116,41,41,55,55],"floor_reached":22,"playtime":2111,"items_purged":["Strike_G","Strike_G"],"score":197,"play_id":"7aeb0067-9268-4f81-b49e-78d9a425a807","local_time":"20190205233121","is_ascension_mode":true,"campfire_choices":[{"floor":11,"key":"REST"},{"floor":15,"key":"REST"}],"neow_cost":"NONE","seed_source_timestamp":76043785268343,"circlet_count":0,"master_deck":["Defend_G","Defend_G","Defend_G","Defend_G","Strike_G","Strike_G","Strike_G","Survivor","Neutralize+1","Dagger Spray","Outmaneuver","Dagger Throw","Acrobatics","Blur","Tools of the Trade","PiercingWail","Cloak And Dagger"],"relics":["Ring of the Snake","Gremlin Horn","Juzu Bracelet","Eternal Feather"],"potions_floor_usage":[16,16],"damage_taken":[{"damage":0,"enemies":"Cultist","floor":1,"turns":4},{"damage":0,"enemies":"2 Louse","floor":2,"turns":2},{"damage":1,"enemies":"Jaw Worm","floor":3,"turns":5},{"damage":11,"enemies":"Exordium Thugs","floor":4,"turns":7},{"damage":19,"enemies":"3 Sentries","floor":6,"turns":10},{"damage":4,"enemies":"2 Fungi Beasts","floor":8,"turns":5},{"damage":17,"enemies":"Exordium Wildlife","floor":10,"turns":6},{"damage":6,"enemies":"Red Slaver","floor":13,"turns":5},{"damage":44,"enemies":"Slime Boss","floor":16,"turns":17},{"damage":32,"enemies":"Chosen","floor":18,"turns":11},{"damage":5,"enemies":"Shell Parasite","floor":21,"turns":11},{"damage":3,"enemies":"Centurion and Healer","floor":22,"turns":3}],"seed_played":"-8937723722605268363","potions_obtained":[{"floor":3,"key":"GhostInAJar"},{"floor":4,"key":"Ancient Potion"},{"floor":10,"key":"Strength Potion"},{"floor":21,"key":"Block Potion"}],"is_trial":false,"path_per_floor":["M","M","M","M","?","E","?","M","T","M","R","$","M","$","R","B",null,"M","?","$","M","M"],"character_chosen":"THE_SILENT","items_purchased":[],"campfire_rested":2,"item_purchase_floors":[],"current_hp_per_floor":[70,70,69,58,58,39,39,35,35,18,39,39,33,33,54,10,70,38,38,38,33,30],"gold":55,"neow_bonus":"UPGRADE_CARD","is_prod":false,"is_daily":false,"chose_seed":false,"campfire_upgraded":0,"win_rate":0,"timestamp":1549398681,"path_taken":["M","?","M","M","?","E","?","M","T","M","R","$","M","?","R","BOSS","M","?","$","M","M"],"build_version":"2019-01-23","purchased_purges":2,"victory":false,"max_hp_per_floor":[70,70,70,70,70,70,70,70,70,70,70,70,70,70,70,70,70,70,70,70,70,70],"card_choices":[{"not_picked":["Underhanded Strike","Outmaneuver"],"picked":"Dagger Spray","floor":1},{"not_picked":["Poisoned Stab","Flying Knee"],"picked":"Outmaneuver","floor":2},{"not_picked":["Terror","Crippling Poison","Underhanded Strike"],"picked":"SKIP","floor":3},{"not_picked":["Concentrate","Sucker Punch"],"picked":"Dagger Throw","floor":4},{"not_picked":["Poisoned Stab","All Out Attack"],"picked":"Acrobatics","floor":6},{"not_picked":["Sucker Punch","Underhanded Strike","Slice"],"picked":"SKIP","floor":8},{"not_picked":["Slice","Poisoned Stab","Dagger Throw"],"picked":"SKIP","floor":10},{"not_picked":["Prepared","Poisoned Stab"],"picked":"Blur","floor":13},{"not_picked":["Die Die Die","Doppelganger"],"picked":"Tools of the Trade","floor":16},{"not_picked":["Accuracy","Skewer"],"picked":"PiercingWail","floor":18},{"not_picked":["PiercingWail+1","Wraith Form v2"],"picked":"Cloak And Dagger","floor":21}],"player_experience":597603,"relics_obtained":[{"floor":6,"key":"Gremlin Horn"},{"floor":9,"key":"Juzu Bracelet"}],"event_choices":[{"damage_healed":0,"gold_gain":0,"player_choice":"Ignored","damage_taken":0,"max_hp_gain":0,"max_hp_loss":0,"event_name":"Liars Game","floor":5,"gold_loss":0},{"damage_healed":0,"gold_gain":0,"player_choice":"Fled","damage_taken":0,"max_hp_gain":0,"max_hp_loss":0,"event_name":"Scrap Ooze","floor":7,"gold_loss":0},{"cards_removed":["Defend_G"],"damage_healed":0,"gold_gain":0,"player_choice":"Gave Gold","damage_taken":0,"max_hp_gain":0,"max_hp_loss":0,"event_name":"Beggar","floor":19,"gold_loss":75}],"is_beta":false,"boss_relics":[{"not_picked":["Fusion Hammer","Runic Pyramid"],"picked":"Eternal Feather"}],"items_purged_floors":[12,14],"is_endless":false,"potions_floor_spawned":[3,4,10,21],"killed_by":"Centurion and Healer","ascension_level":1}