{"gold_per_floor":[117,117,117,137,147,158,186,203,280,280,307,307,341,357,357,460,460,442,442,170,170,189,221,21,35,35,35,52,70,70,70,70,70],"floor_reached":33,"playtime":2153,"items_purged":["Defend_B","Hello World"],"score":301,"play_id":"1326a56a-12f3-41f9-ad4e-ddde6555f6a1","local_time":"20190225002936","is_ascension_mode":true,"campfire_choices":[{"floor":10.0,"key":"REST"},{"data":"Fusion","floor":15.0,"key":"SMITH"},{"floor":27,"key":"REST"},{"floor":32,"key":"REST"}],"neow_cost":"NONE","seed_source_timestamp":178531173115900,"circlet_count":0,"master_deck":["Strike_B","Strike_B","Defend_B","Defend_B","Defend_B+1","Zap","Dualcast","Fusion+1","Sweeping Beam","Gash","Cold Snap+1","Go for the Eyes","Glacier","Conserve Battery","Gash","Creative AI","Hologram","Mayhem","Leap+1","Storm"],"special_seed":0,"relics":["Cracked Core","Orichalcum","Matryoshka","WingedGreaves","Lantern","Inserter","Blood Vial","Bag of Preparation","Shuriken"],"potions_floor_usage":[23,25,29,33],"damage_taken":[{"damage":6.0,"enemies":"2 Louse","floor":1.0,"turns":3.0},{"damage":0.0,"enemies":"Small Slimes","floor":4.0,"turns":2.0},{"damage":1.0,"enemies":"Cultist","floor":5.0,"turns":3.0},{"damage":8.0,"enemies":"Exordium Wildlife","floor":6.0,"turns":3.0},{"damage":2.0,"enemies":"Lagavulin","floor":7.0,"turns":6.0},{"damage":11.0,"enemies":"Blue Slaver","floor":8.0,"turns":4.0},{"damage":8.0,"enemies":"3 Sentries","floor":11.0,"turns":8.0},{"damage":3.0,"enemies":"Lagavulin","floor":13.0,"turns":10.0},{"damage":2.0,"enemies":"2 Fungi Beasts","floor":14.0,"turns":3.0},{"damage":9.0,"enemies":"Hexaghost","floor":16.0,"turns":10.0},{"damage":5.0,"enemies":"2 Thieves","floor":18.0,"turns":4.0},{"damage":16,"enemies":"Shell Parasite","floor":22,"turns":6},{"damage":34,"enemies":"Slavers","floor":23,"turns":6},{"damage":34,"enemies":"3 Cultists","floor":25,"turns":8},{"damage":10,"enemies":"Chosen and Byrds","floor":28,"turns":7},{"damage":2,"enemies":"Sentry and Sphere","floor":29,"turns":7},{"damage":15,"enemies":"Colosseum Slavers","floor":30,"turns":5},{"damage":42,"enemies":"Automaton","floor":33,"turns":6}],"seed_played":"1191144420142157491","potions_obtained":[{"floor":4.0,"key":"Weak Potion"},{"floor":8.0,"key":"FocusPotion"},{"floor":11.0,"key":"Regen Potion"},{"floor":13.0,"key":"Dexterity Potion"},{"floor":22,"key":"Regen Potion"},{"floor":25,"key":"SpeedPotion"},{"floor":29,"key":"Ancient Potion"}],"is_trial":false,"path_per_floor":["M","?","$","M","M","M","E","M","T","R","E","?","E","M","R","B",null,"M","?","$","?","M","E","$","M","T","R","M","M","?","?","R","B"],"character_chosen":"DEFECT","items_purchased":["Mayhem","Fruit Juice"],"campfire_rested":3,"item_purchase_floors":[20,24],"current_hp_per_floor":[69,69,69,69,68,60,58,47,47,69,61,46,43,41,41,47,75,70,70,70,70,54,35,35,8,8,32,24,24,11,11,35,0],"gold":70,"neow_bonus":"TRANSFORM_CARD","is_prod":false,"is_daily":false,"chose_seed":false,"campfire_upgraded":1,"win_rate":0,"timestamp":1551043776,"path_taken":["M","?","$","M","M","M","E","M","T","R","E","?","E","M","R","BOSS","M","?","?","?","M","E","$","M","T","R","M","?","?","?","R","BOSS"],"build_version":"2019-01-23","purchased_purges":2,"victory":false,"max_hp_per_floor":[75,75,75,75,75,75,75,75,75,75,75,75,75,75,75,75,75,75,75,75,75,75,75,75,80,80,80,80,80,80,80,80,80],"card_choices":[{"not_picked":["Stack","Cold Snap"],"picked":"Sweeping Beam","floor":1.0},{"not_picked":["Redo","Rebound"],"picked":"Gash","floor":4.0},{"not_picked":["Defragment","Turbo"],"picked":"Cold Snap","floor":5.0},{"not_picked":["Reprogram","Redo","Stack"],"picked":"SKIP","floor":6.0},{"not_picked":["Blizzard","Reboot"],"picked":"Go for the Eyes","floor":7.0},{"not_picked":["Turbo","Sweeping Beam"],"picked":"Glacier","floor":8.0},{"not_picked":["Beam Cell","Go for the Eyes"],"picked":"Conserve Battery","floor":11.0},{"not_picked":["Steam Power","Sweeping Beam","Double Energy"],"picked":"SKIP","floor":13.0},{"not_picked":["Leap","Sweeping Beam"],"picked":"Gash","floor":14.0},{"not_picked":["Multi-Cast","Buffer"],"picked":"Creative AI","floor":16.0},{"not_picked":["Compile Driver","Redo"],"picked":"Hologram","floor":18.0},{"not_picked":["Hologram","Fusion+1","Go for the Eyes+1"],"picked":"SKIP","floor":22},{"not_picked":["Meteor Strike","Rebound+1","Turbo"],"picked":"SKIP","floor":23},{"not_picked":["Steam","White Noise"],"picked":"Leap+1","floor":25},{"not_picked":["Sunder","Rebound"],"picked":"Storm","floor":28},{"not_picked":["Glacier","Cold Snap","Double Energy"],"picked":"SKIP","floor":29}],"player_experience":642870,"relics_obtained":[{"floor":7.0,"key":"Orichalcum"},{"floor":9.0,"key":"Matryoshka"},{"floor":11.0,"key":"WingedGreaves"},{"floor":13.0,"key":"Lantern"},{"floor":23,"key":"Blood Vial"},{"floor":26,"key":"Bag of Preparation"},{"floor":26,"key":"Shuriken"}],"event_choices":[{"damage_healed":0.0,"max_hp_gain":0.0,"max_hp_loss":0.0,"gold_gain":0.0,"cards_transformed":["Strike_B"],"event_name":"Living Wall","player_choice":"Change","floor":2.0,"gold_loss":0.0,"damage_taken":0.0,"cards_obtained":["Hello World"]},{"damage_healed":0.0,"max_hp_gain":0.0,"max_hp_loss":0.0,"gold_gain":0.0,"event_name":"Shining Light","player_choice":"Entered Light","floor":12.0,"gold_loss":0.0,"damage_taken":15.0,"cards_upgraded":["Defend_B","Cold Snap"]},{"damage_healed":0.0,"max_hp_gain":0.0,"max_hp_loss":0.0,"gold_gain":0.0,"event_name":"N\u0027loth","player_choice":"Ignored","floor":19.0,"gold_loss":0.0,"damage_taken":0.0},{"damage_healed":0,"gold_gain":0,"player_choice":"Ignored","damage_taken":0,"max_hp_gain":0,"max_hp_loss":0,"event_name":"Vampires","floor":21,"gold_loss":0},{"damage_healed":0,"gold_gain":0,"player_choice":"Fight","damage_taken":0,"max_hp_gain":0,"max_hp_loss":0,"event_name":"Colosseum","floor":30,"gold_loss":0},{"damage_healed":0,"gold_gain":0,"player_choice":"Fled From Nobs","damage_taken":0,"max_hp_gain":0,"max_hp_loss":0,"event_name":"Colosseum","floor":30,"gold_loss":0},{"damage_healed":0,"gold_gain":0,"player_choice":"Ignored","damage_taken":0,"max_hp_gain":0,"max_hp_loss":0,"event_name":"Beggar","floor":31,"gold_loss":0}],"is_beta":false,"boss_relics":[{"not_picked":["Empty Cage","Eternal Feather"],"picked":"Inserter"}],"items_purged_floors":[20,24],"is_endless":false,"potions_floor_spawned":[4,8,11,13,14,22,25,29],"killed_by":"Automaton","ascension_level":1}