{"gold_per_floor":[119,119,130,130,140,140,65,65,65,65,65,109,109,72,72,201,201,222,25,48,48,48,48,114,114,114,114,157,157,200,200,200,328,328,353,377,377,377,33,33,57,57,57,182,182,12,12,31,31,31],"floor_reached":51,"playtime":2261,"items_purged":["Strike_B","Strike_B"],"score":976,"play_id":"480c7ecd-9717-403f-ade9-c8d006c22ca6","local_time":"20181109175832","is_ascension_mode":true,"campfire_choices":[{"data":"Dualcast","floor":6,"key":"SMITH"},{"data":"Zap","floor":10,"key":"SMITH"},{"data":"Hologram","floor":15,"key":"SMITH"},{"floor":23,"key":"REST"},{"floor":27,"key":"REST"},{"data":"All For One","floor":29,"key":"SMITH"},{"floor":32,"key":"REST"},{"data":"Panache","floor":40,"key":"SMITH"},{"floor":42,"key":"REST"},{"data":"Gash","floor":45,"key":"SMITH"},{"floor":47,"key":"REST"},{"data":"Scrape","floor":49,"key":"SMITH"}],"neow_cost":"NONE","seed_source_timestamp":430136736562277,"circlet_count":0,"master_deck":["Strike_B","Strike_B","Defend_B","Defend_B+1","Defend_B+1","Defend_B","Zap+1","Dualcast+1","Hologram+1","Double Energy+1","FTL+1","Gash+1","BootSequence+1","All For One+1","Reinforced Body+1","Panacea+1","Acrobatics+1","Acrobatics+1","Deflect+1","Panache+1","Deep Breath+1","Reflex+1","Madness+1","Madness+1","Good Instincts+1","Trip+1","Bandage Up+1","Redo+1","Hologram+1","Deep Breath+1","Scrape+1","Leg Sweep+1","Parasite","Steam+1"],"relics":["Cracked Core","Vajra","Golden Idol","Symbiotic Virus","Toxic Egg 2","Dream Catcher","Sozu","PrismaticShard","NlothsMask","Tiny Chest","Dodecahedron","Bronze Scales","Orichalcum","Nuclear Battery","Toolbox","War Paint","Pocketwatch"],"potions_floor_usage":[12,16,16,28],"damage_taken":[{"damage":0,"enemies":"Jaw Worm","floor":1,"turns":3},{"damage":1,"enemies":"Cultist","floor":3,"turns":3},{"damage":7,"enemies":"Small Slimes","floor":5,"turns":3},{"damage":0,"enemies":"Lagavulin","floor":12,"turns":4},{"damage":30,"enemies":"Slime Boss","floor":16,"turns":9},{"damage":0,"enemies":"Spheric Guardian","floor":18,"turns":3},{"damage":4,"enemies":"2 Thieves","floor":20,"turns":3},{"damage":19,"enemies":"Book of Stabbing","floor":24,"turns":4},{"damage":2,"enemies":"Slavers","floor":28,"turns":4},{"damage":17,"enemies":"Gremlin Leader","floor":30,"turns":7},{"damage":30,"enemies":"Champ","floor":33,"turns":8},{"damage":11,"enemies":"Orb Walker","floor":35,"turns":3},{"damage":0,"enemies":"3 Shapes","floor":36,"turns":2},{"damage":36,"enemies":"Transient","floor":41,"turns":5},{"damage":0,"enemies":"Mind Bloom Boss Battle","floor":44,"turns":3},{"damage":0,"enemies":"Writhing Mass","floor":48,"turns":4},{"damage":59,"enemies":"Time Eater","floor":50,"turns":7}],"seed_played":"-2322359578188523751","potions_obtained":[{"floor":2,"key":"Energy Potion"},{"floor":2,"key":"GamblersBrew"},{"floor":2,"key":"Fire Potion"},{"floor":12,"key":"Swift Potion"}],"is_trial":false,"path_per_floor":["M","?","M","?","M","R","$","?","T","R","?","E","?","$","R","B",null,"M","$","M","?","$","R","E","T","T","R","E","R","E","?","R","B",null,"M","M","?","?","$","R","M","R","T","?","R","$","R","M","R","B",null],"character_chosen":"DEFECT","items_purchased":["BootSequence+1","PrismaticShard","Toolbox","Redo+1","Deep Breath+1","Scrape"],"campfire_rested":5,"item_purchase_floors":[14,19,39,39,46,46],"current_hp_per_floor":[68,68,67,72,65,65,65,65,65,65,47,47,32,32,32,2,56,56,56,52,52,52,74,55,55,55,74,72,72,55,55,74,44,67,56,56,47,37,37,37,7,29,29,35,35,35,57,63,63,10],"gold":31,"neow_bonus":"RANDOM_COMMON_RELIC","is_prod":false,"is_daily":false,"chose_seed":false,"campfire_upgraded":7,"win_rate":0,"timestamp":1541804312,"path_taken":["M","?","?","?","M","R","$","?","T","R","?","E","?","?","R","BOSS","M","$","M","?","?","R","E","?","T","R","E","R","E","?","R","BOSS","M","M","?","?","?","R","M","R","T","?","R","$","R","?","R","BOSS"],"build_version":"2018-11-08","purchased_purges":2,"victory":true,"max_hp_per_floor":[75,75,75,80,80,80,80,74,74,74,74,74,74,74,74,74,74,74,74,74,74,74,74,74,74,74,74,74,74,74,74,74,74,74,74,74,74,74,74,74,74,74,74,74,74,74,74,74,74,74],"card_choices":[{"not_picked":["Darkness","Compile Driver"],"picked":"Hologram","floor":1},{"not_picked":["Storm","Cold Snap"],"picked":"Double Energy","floor":3},{"not_picked":["Steam","Compile Driver"],"picked":"FTL","floor":5},{"not_picked":["Go for the Eyes","Rip and Tear"],"picked":"Gash","floor":12},{"not_picked":["Biased Cognition","Rainbow+1"],"picked":"All For One","floor":16},{"not_picked":["Chaos+1","Stack+1"],"picked":"Reinforced Body+1","floor":18},{"not_picked":["Bane+1","Iron Wave","Beam Cell"],"picked":"SKIP","floor":20},{"not_picked":["Wild Strike","Riddle With Holes"],"picked":"Panacea+1","floor":23},{"not_picked":["Battle Trance+1","Genetic Algorithm+1"],"picked":"Acrobatics+1","floor":24},{"not_picked":["Heel Hook","Beam Cell"],"picked":"Acrobatics+1","floor":27},{"not_picked":["Flechettes","Feel No Pain+1","Headbutt+1"],"picked":"SKIP","floor":28},{"not_picked":["Dual Wield+1","Quick Slash","Sweeping Beam"],"picked":"SKIP","floor":30},{"not_picked":["Sever Soul","Sweeping Beam"],"picked":"Deflect+1","floor":32},{"not_picked":["Grand Finale","Dark Embrace"],"picked":"Panache","floor":33},{"not_picked":["Acrobatics+1","Warcry+1"],"picked":"Deep Breath+1","floor":35},{"not_picked":["Power Through+1","Rebound"],"picked":"Reflex+1","floor":36},{"not_picked":["Bandage Up+1","Mind Blast"],"picked":"Good Instincts+1","floor":38},{"not_picked":["Forethought+1","Bandage Up+1"],"picked":"Trip+1","floor":38},{"not_picked":["Swift Strike","Enlightenment+1"],"picked":"Bandage Up+1","floor":38},{"not_picked":["Headbutt+1","Static Discharge+1"],"picked":"Hologram+1","floor":41},{"not_picked":["Deadly Poison+1","Flying Knee"],"picked":"Leg Sweep+1","floor":47},{"not_picked":["Calculated Gamble+1","The Bomb+1"],"picked":"Steam+1","floor":48}],"player_experience":333000,"relics_obtained":[{"floor":9,"key":"Symbiotic Virus"},{"floor":12,"key":"Dream Catcher"},{"floor":24,"key":"Tiny Chest"},{"floor":26,"key":"Dodecahedron"},{"floor":28,"key":"Bronze Scales"},{"floor":30,"key":"Orichalcum"},{"floor":43,"key":"War Paint"},{"floor":44,"key":"Pocketwatch"}],"event_choices":[{"damage_healed":0,"gold_gain":0,"player_choice":"Got Potions","damage_taken":0,"max_hp_gain":0,"max_hp_loss":0,"event_name":"Lab","floor":2,"gold_loss":0},{"damage_healed":0,"gold_gain":0,"player_choice":"Donut","damage_taken":0,"max_hp_gain":5,"max_hp_loss":0,"event_name":"Big Fish","floor":4,"gold_loss":0},{"damage_healed":0,"gold_gain":0,"player_choice":"Lose Max HP","damage_taken":0,"relics_obtained":["Golden Idol"],"max_hp_gain":0,"max_hp_loss":6,"event_name":"Golden Idol","floor":8,"gold_loss":0},{"damage_healed":0,"gold_gain":0,"player_choice":"Success","damage_taken":18,"relics_obtained":["Toxic Egg 2"],"max_hp_gain":0,"max_hp_loss":0,"event_name":"Scrap Ooze","floor":11,"gold_loss":0},{"damage_healed":0,"gold_gain":0,"player_choice":"Entered Light","damage_taken":15,"max_hp_gain":0,"max_hp_loss":0,"event_name":"Shining Light","floor":13,"gold_loss":0,"cards_upgraded":["FTL","Defend_B"]},{"damage_healed":0,"gold_gain":0,"player_choice":"Trade","damage_taken":0,"relics_obtained":["NlothsMask"],"max_hp_gain":0,"max_hp_loss":0,"event_name":"FaceTrader","floor":21,"gold_loss":0},{"damage_healed":0,"gold_gain":0,"player_choice":"Ignored","damage_taken":0,"max_hp_gain":0,"max_hp_loss":0,"event_name":"Ghosts","floor":31,"gold_loss":0},{"damage_healed":0,"gold_gain":0,"player_choice":"Embrace Madness","damage_taken":9,"max_hp_gain":0,"max_hp_loss":0,"event_name":"Winding Halls","floor":37,"gold_loss":0,"cards_obtained":["Madness","Madness"]},{"damage_healed":0,"gold_gain":0,"player_choice":"Memory 3","damage_taken":10,"max_hp_gain":0,"max_hp_loss":0,"event_name":"SensoryStone","floor":38,"gold_loss":0},{"damage_healed":0,"gold_gain":0,"player_choice":"Fight","damage_taken":0,"max_hp_gain":0,"max_hp_loss":0,"event_name":"MindBloom","floor":44,"gold_loss":0}],"is_beta":true,"boss_relics":[{"not_picked":["Coffee Dripper","Velvet Choker"],"picked":"Sozu"},{"not_picked":["Orrery","Busted Crown"],"picked":"Nuclear Battery"}],"items_purged_floors":[7,39],"is_endless":false,"potions_floor_spawned":[12,20,30,33,44],"ascension_level":6}