{"gold_per_floor":[119,135,152,152,170,204,204,224,224,241,241,341,341,361,361,464,464,475,491,491,766,783,783,793,810,834,868,881,292,308,308,308,411,411,426,426,426,444,60,60,85,85,165,165,184,200,170,189,189,189,189,189,78,112,112],"floor_reached":55,"playtime":4797,"items_purged":["Regret","Clumsy"],"score":898,"play_id":"d3b98a9e-c18e-472c-b129-f69a5ab11a63","local_time":"20190531233848","is_ascension_mode":false,"campfire_choices":[{"data":"Neutralize","floor":7,"key":"SMITH"},{"data":"Cloak And Dagger","floor":11,"key":"SMITH"},{"data":"Crippling Poison","floor":13,"key":"SMITH"},{"floor":15,"key":"REST"},{"data":"After Image","floor":23,"key":"SMITH"},{"data":"Well Laid Plans","floor":32,"key":"SMITH"},{"floor":40,"key":"RECALL"},{"data":"Bouncing Flask","floor":42,"key":"SMITH"},{"floor":49,"key":"REST"},{"floor":52,"key":"REST"}],"neow_cost":"NONE","seed_source_timestamp":1169843635697912,"circlet_count":0,"master_deck":["Defend_G+1","Defend_G+1","Defend_G+1","Defend_G+1","Defend_G+1","Strike_G+1","Strike_G+1","Strike_G+1","Strike_G+1","Survivor+1","Neutralize+1","Corpse Explosion+1","Dodge and Roll+1","Blur+1","Cloak And Dagger+1","Bouncing Flask+1","Poisoned Stab+1","Crippling Poison+1","Riddle With Holes+1","After Image+1","Ghostly+1","Ghostly+1","Ghostly+1","Ghostly+1","Ghostly+1","Dash+1","Deadly Poison+1","Well Laid Plans+1","Night Terror+1","Envenom+1","Bouncing Flask+1","Noxious Fumes+1"],"relics":["Ring of the Snake","Matryoshka","Ornamental Fan","Bottled Flame","Busted Crown","Omamori","Blood Vial","Kunai","Oddly Smooth Stone","Paper Crane","Calling Bell","Ancient Tea Set","Frozen Egg 2","Turnip","Mark of the Bloom","Snake Skull","Darkstone Periapt","NlothsMask","Unceasing Top"],"potions_floor_usage":[6,16,16,25,27,33,33,33,54,55,55,55],"damage_taken":[{"damage":0,"enemies":"Small Slimes","floor":1,"turns":5},{"damage":0,"enemies":"Jaw Worm","floor":2,"turns":6},{"damage":0,"enemies":"Cultist","floor":3,"turns":4},{"damage":0,"enemies":"Blue Slaver","floor":5,"turns":5},{"damage":48,"enemies":"Gremlin Nob","floor":6,"turns":5},{"damage":0,"enemies":"Large Slime","floor":8,"turns":4},{"damage":0,"enemies":"Lots of Slimes","floor":10,"turns":4},{"damage":5,"enemies":"2 Fungi Beasts","floor":14,"turns":2},{"damage":40,"enemies":"Slime Boss","floor":16,"turns":15},{"damage":7,"enemies":"2 Thieves","floor":18,"turns":3},{"damage":0,"enemies":"Chosen","floor":19,"turns":5},{"damage":16,"enemies":"Snake Plant","floor":22,"turns":5},{"damage":1,"enemies":"Snecko","floor":24,"turns":7},{"damage":0,"enemies":"Sentry and Sphere","floor":25,"turns":7},{"damage":1,"enemies":"Book of Stabbing","floor":27,"turns":8},{"damage":1,"enemies":"3 Cultists","floor":28,"turns":3},{"damage":0,"enemies":"Snecko","floor":30,"turns":5},{"damage":0,"enemies":"Champ","floor":33,"turns":11},{"damage":0,"enemies":"3 Shapes","floor":35,"turns":3},{"damage":0,"enemies":"3 Darklings","floor":38,"turns":4},{"damage":0,"enemies":"Giant Head","floor":41,"turns":10},{"damage":0,"enemies":"4 Shapes","floor":45,"turns":5},{"damage":0,"enemies":"Transient","floor":46,"turns":5},{"damage":0,"enemies":"Writhing Mass","floor":48,"turns":6},{"damage":0,"enemies":"Donu and Deca","floor":50,"turns":8},{"damage":1,"enemies":"Shield and Spear","floor":54,"turns":7},{"damage":46,"enemies":"The Heart","floor":55,"turns":6}],"seed_played":"-6329190360509715113","potions_obtained":[{"floor":1,"key":"SteroidPotion"},{"floor":6,"key":"GamblersBrew"},{"floor":10,"key":"SpeedPotion"},{"floor":14,"key":"FearPotion"},{"floor":22,"key":"Weak Potion"},{"floor":25,"key":"Fruit Juice"},{"floor":28,"key":"Ancient Potion"},{"floor":30,"key":"Swift Potion"},{"floor":33,"key":"SteroidPotion"},{"floor":35,"key":"SneckoOil"},{"floor":41,"key":"GamblersBrew"},{"floor":47,"key":"SpeedPotion"},{"floor":54,"key":"SkillPotion"}],"is_trial":false,"path_per_floor":["M","M","M","?","M","E","R","M","T","M","R","?","R","M","R","B",null,"M","M","?","?","M","R","M","M","T","E","M","$","M","?","R","B",null,"M","?","?","M","$","R","E","R","T","?","M","M","?","M","R","B",null,"R","$","E","B"],"character_chosen":"THE_SILENT","items_purchased":["Oddly Smooth Stone","Paper Crane","Well Laid Plans","SteroidPotion","Envenom+1","Snake Skull","GhostInAJar","Noxious Fumes+1"],"campfire_rested":3,"item_purchase_floors":[29,29,29,29,39,39,53,53],"current_hp_per_floor":[70,70,70,75,75,27,27,27,27,27,27,27,27,22,44,4,75,68,68,37,37,21,21,20,25,25,26,27,27,29,23,23,25,47,47,47,47,47,47,47,47,47,47,47,47,47,47,47,47,47,47,47,47,46,0],"gold":112,"neow_bonus":"ONE_RANDOM_RARE_CARD","is_prod":false,"is_daily":false,"chose_seed":false,"campfire_upgraded":6,"win_rate":0,"timestamp":1559371128,"path_taken":["M","M","M","?","M","E","R","M","T","M","R","?","R","?","R","BOSS","M","M","?","?","M","R","M","M","T","E","?","$","M","?","R","BOSS","M","?","?","M","$","R","E","R","T","?","M","?","?","M","R","BOSS","R","$","E","BOSS"],"build_version":"2019-01-23","purchased_purges":2,"victory":false,"max_hp_per_floor":[70,70,70,75,75,75,75,75,75,75,75,75,75,75,75,75,75,75,75,37,37,37,37,37,42,42,42,42,42,42,47,47,47,47,47,47,47,47,47,47,47,47,47,47,47,47,47,47,47,47,47,47,47,47,47],"card_choices":[{"not_picked":["Accuracy","Outmaneuver"],"picked":"Dodge and Roll","floor":1},{"not_picked":["Dodge and Roll","Quick Slash"],"picked":"Blur","floor":2},{"not_picked":["Tactician","Choke"],"picked":"Cloak And Dagger","floor":3},{"not_picked":["Accuracy","Flying Knee"],"picked":"Bouncing Flask","floor":5},{"not_picked":["Deflect","Quick Slash"],"picked":"Poisoned Stab","floor":6},{"not_picked":["Envenom","Infinite Blades"],"picked":"Crippling Poison","floor":8},{"not_picked":["All Out Attack","Acrobatics","Terror"],"picked":"SKIP","floor":10},{"not_picked":["Endless Agony","Outmaneuver"],"picked":"Riddle With Holes","floor":14},{"not_picked":["Corpse Explosion","A Thousand Cuts"],"picked":"After Image","floor":16},{"not_picked":["Prepared"],"picked":"SKIP","floor":18},{"not_picked":["Flying Knee"],"picked":"SKIP","floor":19},{"not_picked":["Dagger Throw"],"picked":"SKIP","floor":22},{"not_picked":[],"picked":"Dash+1","floor":24},{"not_picked":["Acrobatics"],"picked":"SKIP","floor":25},{"not_picked":[],"picked":"Deadly Poison","floor":27},{"not_picked":["Setup+1"],"picked":"SKIP","floor":28},{"not_picked":["Bane+1"],"picked":"SKIP","floor":30},{"not_picked":[],"picked":"Night Terror","floor":33},{"not_picked":["Acrobatics+1"],"picked":"SKIP","floor":35},{"not_picked":["Dagger Spray+1"],"picked":"SKIP","floor":38},{"not_picked":[],"picked":"Bouncing Flask","floor":41},{"not_picked":["Deflect+1"],"picked":"SKIP","floor":45},{"not_picked":["Dagger Spray+1"],"picked":"SKIP","floor":46},{"not_picked":["Bouncing Flask"],"picked":"SKIP","floor":48},{"not_picked":["Crippling Poison"],"picked":"SKIP","floor":54}],"player_experience":163114,"relics_obtained":[{"floor":6,"key":"Matryoshka"},{"floor":9,"key":"Ornamental Fan"},{"floor":9,"key":"Bottled Flame"},{"floor":26,"key":"Omamori"},{"floor":26,"key":"Blood Vial"},{"floor":27,"key":"Kunai"},{"floor":34,"key":"Ancient Tea Set"},{"floor":34,"key":"Frozen Egg 2"},{"floor":34,"key":"Turnip"},{"floor":41,"key":"Darkstone Periapt"},{"floor":54,"key":"Unceasing Top"}],"event_choices":[{"damage_healed":0,"gold_gain":0,"player_choice":"Donut","damage_taken":0,"max_hp_gain":5,"max_hp_loss":0,"event_name":"Big Fish","floor":4,"gold_loss":0},{"damage_healed":0,"gold_gain":100,"player_choice":"Pray","damage_taken":0,"max_hp_gain":0,"max_hp_loss":0,"event_name":"Golden Shrine","floor":12,"gold_loss":0},{"damage_healed":0,"gold_gain":0,"player_choice":"Became a Ghost","damage_taken":0,"max_hp_gain":0,"max_hp_loss":38,"event_name":"Ghosts","floor":20,"gold_loss":0,"cards_obtained":["Ghostly","Ghostly","Ghostly","Ghostly","Ghostly"]},{"damage_healed":0,"gold_gain":275,"player_choice":"Desecrate","damage_taken":0,"max_hp_gain":0,"max_hp_loss":0,"event_name":"Golden Shrine","floor":21,"gold_loss":0,"cards_obtained":["Regret"]},{"damage_healed":0,"gold_gain":0,"player_choice":"Shed Blood","damage_taken":11,"max_hp_gain":5,"max_hp_loss":0,"event_name":"Forgotten Altar","floor":31,"gold_loss":0},{"cards_removed":["Strike_G"],"damage_healed":0,"gold_gain":0,"player_choice":"Removed Attack","damage_taken":0,"max_hp_gain":0,"max_hp_loss":0,"event_name":"Falling","floor":36,"gold_loss":0},{"damage_healed":0,"gold_gain":0,"player_choice":"Upgrade","damage_taken":0,"relics_obtained":["Mark of the Bloom"],"max_hp_gain":0,"max_hp_loss":0,"event_name":"MindBloom","floor":37,"gold_loss":0,"cards_upgraded":["Defend_G","Defend_G","Defend_G","Defend_G","Defend_G","Strike_G","Strike_G","Strike_G","Strike_G","Survivor","Corpse Explosion","Dodge and Roll","Blur","Bouncing Flask","Poisoned Stab","Riddle With Holes","Ghostly","Ghostly","Ghostly","Ghostly","Ghostly","Deadly Poison","Night Terror"]},{"damage_healed":0,"gold_gain":0,"player_choice":"Trade","damage_taken":0,"relics_obtained":["NlothsMask"],"max_hp_gain":0,"max_hp_loss":0,"event_name":"FaceTrader","floor":44,"gold_loss":0},{"damage_healed":0,"gold_gain":0,"player_choice":"Bought 2 Potions","damage_taken":0,"max_hp_gain":0,"max_hp_loss":0,"event_name":"The Woman in Blue","floor":47,"gold_loss":0}],"is_beta":false,"boss_relics":[{"not_picked":["Velvet Choker","White Beast Statue"],"picked":"Busted Crown"},{"not_picked":["Snecko Eye","Empty Cage"],"picked":"Calling Bell"}],"items_purged_floors":[29,39],"is_endless":false,"potions_floor_spawned":[1,6,10,14,22,25,28,30,33,35,41,46,54],"killed_by":"The Heart","ascension_level":0}