{"gold_per_floor":[110,128,203,219,394,428,7,7,34,64,64,64,93,105,105,179,179,191,291,366,386,404,435,435,454,477,489,489,506,537,567,567,645,645,664,1010,1029,563,268,268,279,279,291,7,7,19,33,62,62,62],"floor_reached":51,"playtime":2411,"items_purged":["Doubt","Defend_R","Strike_R"],"score":1401,"play_id":"d53660c1-d623-4186-89c5-a91d5d1cbab1","local_time":"20190209190038","is_ascension_mode":true,"campfire_choices":[{"data":"Bloodletting","floor":8.0,"key":"SMITH"},{"data":"Bash","floor":12.0,"key":"SMITH"},{"data":"Battle Trance","floor":15.0,"key":"SMITH"},{"floor":24.0,"key":"REST"},{"floor":28.0,"key":"RECALL"},{"floor":32,"key":"REST"},{"floor":40,"key":"REST"},{"floor":45,"key":"REST"},{"floor":49,"key":"REST"}],"neow_cost":"NONE","seed_source_timestamp":283174779752000,"circlet_count":0,"master_deck":["AscendersBane","Strike_R","Strike_R","Strike_R","Defend_R","Defend_R","Defend_R","Bash+1","Perfected Strike","Dropkick","Anger","Battle Trance+1","Bloodletting+1","Cleave","Thunderclap","Limit Break","Twin Strike","Heavy Blade","Limit Break","Thunderclap+1","Warcry+1","Offering","Shrug It Off+1","Whirlwind","Master of Strategy","Master of Strategy"],"special_seed":0,"relics":["Burning Blood","Bag of Preparation","Brimstone","PreservedInsect","Anchor","Art of War","Dream Catcher","Fusion Hammer","WingedGreaves","Shuriken","Regal Pillow","Ancient Tea Set","Bottled Lightning","Oddly Smooth Stone","Black Star","Old Coin","Tiny Chest","MawBank","Champion Belt","Gambling Chip","Bronze Scales","Unceasing Top"],"potions_floor_usage":[50,50],"damage_taken":[{"damage":1.0,"enemies":"Cultist","floor":1.0,"turns":3.0},{"damage":0.0,"enemies":"Small Slimes","floor":2.0,"turns":3.0},{"damage":0.0,"enemies":"Jaw Worm","floor":4.0,"turns":1.0},{"damage":34.0,"enemies":"Gremlin Nob","floor":6.0,"turns":4.0},{"damage":12.0,"enemies":"Lagavulin","floor":10.0,"turns":3.0},{"damage":1.0,"enemies":"3 Sentries","floor":13.0,"turns":3.0},{"damage":6.0,"enemies":"Exordium Wildlife","floor":14.0,"turns":3.0},{"damage":64.0,"enemies":"Hexaghost","floor":16.0,"turns":6.0},{"damage":2.0,"enemies":"2 Thieves","floor":18.0,"turns":2.0},{"damage":3.0,"enemies":"Colosseum Slavers","floor":19.0,"turns":2.0},{"damage":7.0,"enemies":"Colosseum Nobs","floor":19.0,"turns":3.0},{"damage":6.0,"enemies":"Shell Parasite","floor":21.0,"turns":3.0},{"damage":20.0,"enemies":"Snake Plant","floor":22.0,"turns":2.0},{"damage":14.0,"enemies":"Slavers","floor":23.0,"turns":3.0},{"damage":0.0,"enemies":"Snecko","floor":25.0,"turns":2.0},{"damage":4.0,"enemies":"Cultist and Chosen","floor":27.0,"turns":3.0},{"damage":3.0,"enemies":"3 Cultists","floor":29.0,"turns":2.0},{"damage":3.0,"enemies":"Gremlin Leader","floor":30.0,"turns":2.0},{"damage":28,"enemies":"Book of Stabbing","floor":31,"turns":3},{"damage":52,"enemies":"Champ","floor":33,"turns":4},{"damage":7,"enemies":"Orb Walker","floor":35,"turns":2},{"damage":39,"enemies":"2 Orb Walkers","floor":36,"turns":3},{"damage":25,"enemies":"3 Shapes","floor":37,"turns":3},{"damage":0,"enemies":"Sphere and 2 Shapes","floor":41,"turns":1},{"damage":16,"enemies":"Writhing Mass","floor":46,"turns":2},{"damage":14,"enemies":"Maw","floor":47,"turns":3},{"damage":3,"enemies":"Reptomancer","floor":48,"turns":2},{"damage":34,"enemies":"Time Eater","floor":50,"turns":5}],"seed_played":"-9010586243147678690","potions_obtained":[{"floor":1.0,"key":"Strength Potion"},{"floor":2.0,"key":"Energy Potion"},{"floor":14.0,"key":"Fire Potion"},{"floor":16.0,"key":"Energy Potion"},{"floor":22.0,"key":"GamblersBrew"},{"floor":23.0,"key":"EntropicBrew"},{"floor":29.0,"key":"Strength Potion"},{"floor":30.0,"key":"Fruit Juice"}],"is_trial":false,"path_per_floor":["M","M","?","M","?","E","$","R","T","E","?","R","E","M","R","B",null,"M","?","?","M","M","E","R","M","T","M","R","M","E","E","R","B",null,"M","?","M","$","$","R","M","?","T","$","R","M","M","E","R","B",null],"character_chosen":"IRONCLAD","items_purchased":["Brimstone","PreservedInsect","Master of Strategy","Strength Potion","Tiny Chest","Master of Strategy","Gambling Chip"],"campfire_rested":5,"item_purchase_floors":[7,7,38,38,38,39,44],"current_hp_per_floor":[73,75,64,70,70,42,42,42,42,36,61,61,66,66,66,8,58,62,64,57,57,43,35,72,75,75,75,75,75,80,58,80,34,69,68,35,16,16,16,55,61,61,61,61,80,70,62,65,80,52],"gold":62,"neow_bonus":"TRANSFORM_CARD","is_prod":false,"is_daily":false,"chose_seed":false,"campfire_upgraded":3,"win_rate":0,"timestamp":1549756838,"path_taken":["M","?","?","M","?","E","$","R","T","E","?","R","E","?","R","BOSS","M","?","?","M","M","E","R","M","T","M","R","?","E","E","R","BOSS","M","?","M","$","$","R","M","?","T","$","R","M","?","E","R","BOSS"],"build_version":"2019-02-06","purchased_purges":3,"victory":true,"max_hp_per_floor":[75,75,75,75,75,75,75,75,75,75,75,75,75,75,75,75,75,75,75,75,75,75,75,75,75,75,75,75,75,80,80,80,80,80,80,80,80,80,80,80,80,80,80,80,80,80,80,80,80,80],"card_choices":[{"not_picked":["Rage","Seeing Red"],"picked":"Dropkick","floor":1.0},{"not_picked":["Shrug It Off","Sword Boomerang"],"picked":"Anger","floor":2.0},{"not_picked":["Anger","Headbutt"],"picked":"Battle Trance","floor":4.0},{"not_picked":["Heavy Blade","Warcry"],"picked":"Bloodletting","floor":6.0},{"not_picked":["Fire Breathing","Perfected Strike"],"picked":"Cleave","floor":10.0},{"not_picked":["Dual Wield","Seeing Red","Wild Strike"],"picked":"SKIP","floor":13.0},{"not_picked":["Cleave","Pommel Strike"],"picked":"Thunderclap","floor":14.0},{"not_picked":["Berserk","Feed"],"picked":"Limit Break","floor":16.0},{"not_picked":["Pommel Strike","Uppercut+1"],"picked":"Twin Strike","floor":18.0},{"not_picked":["Shrug It Off","Headbutt+1"],"picked":"Twin Strike","floor":21.0},{"not_picked":["Headbutt","Warcry"],"picked":"Heavy Blade","floor":22.0},{"not_picked":["Anger","True Grit","Cleave"],"picked":"SKIP","floor":23.0},{"not_picked":["Armaments","Clash"],"picked":"Limit Break","floor":24.0},{"not_picked":["Second Wind","Body Slam","Havoc"],"picked":"SKIP","floor":25.0},{"not_picked":["Sever Soul","Warcry"],"picked":"Thunderclap+1","floor":27.0},{"not_picked":["Rampage+1","Second Wind","Thunderclap"],"picked":"SKIP","floor":29.0},{"not_picked":["Berserk","Fiend Fire","Headbutt"],"picked":"SKIP","floor":30.0},{"not_picked":["Sever Soul","Second Wind"],"picked":"Warcry+1","floor":31},{"not_picked":["Immolate","Bludgeon"],"picked":"Offering","floor":33},{"not_picked":["Heavy Blade","Flex","Cleave"],"picked":"SKIP","floor":35},{"not_picked":["Clash+1","Iron Wave"],"picked":"Shrug It Off+1","floor":36},{"not_picked":["Pommel Strike","Metallicize"],"picked":"Whirlwind","floor":37},{"not_picked":["Wild Strike","Headbutt","Disarm"],"picked":"SKIP","floor":41},{"not_picked":["Pommel Strike","Havoc","Rage"],"picked":"SKIP","floor":46},{"not_picked":["Rage","Flame Barrier","Thunderclap+1"],"picked":"SKIP","floor":47},{"not_picked":["Flex+1","Shrug It Off","Cleave+1"],"picked":"SKIP","floor":48}],"player_experience":607444,"relics_obtained":[{"floor":6.0,"key":"Bag of Preparation"},{"floor":9.0,"key":"Anchor"},{"floor":10.0,"key":"Art of War"},{"floor":13.0,"key":"Dream Catcher"},{"floor":19.0,"key":"WingedGreaves"},{"floor":19.0,"key":"Shuriken"},{"floor":23.0,"key":"Regal Pillow"},{"floor":26.0,"key":"Ancient Tea Set"},{"floor":30.0,"key":"Bottled Lightning"},{"floor":31,"key":"Oddly Smooth Stone"},{"floor":36,"key":"Old Coin"},{"floor":43,"key":"Champion Belt"},{"floor":48,"key":"Bronze Scales"},{"floor":48,"key":"Unceasing Top"}],"event_choices":[{"damage_healed":0.0,"max_hp_gain":0.0,"max_hp_loss":0.0,"gold_gain":75.0,"event_name":"World of Goop","player_choice":"Gather Gold","floor":3.0,"gold_loss":0.0,"damage_taken":11.0},{"damage_healed":0.0,"max_hp_gain":0.0,"max_hp_loss":0.0,"gold_gain":175.0,"event_name":"Liars Game","player_choice":"AGREE","floor":5.0,"gold_loss":0.0,"damage_taken":0.0,"cards_obtained":["Doubt"]},{"damage_healed":25.0,"max_hp_gain":0.0,"max_hp_loss":0.0,"gold_gain":0.0,"event_name":"Big Fish","player_choice":"Banana","floor":11.0,"gold_loss":0.0,"damage_taken":0.0},{"damage_healed":0.0,"max_hp_gain":0.0,"max_hp_loss":0.0,"gold_gain":0.0,"event_name":"Colosseum","player_choice":"Fight","floor":19.0,"gold_loss":0.0,"damage_taken":0.0},{"damage_healed":0.0,"max_hp_gain":0.0,"max_hp_loss":0.0,"gold_gain":0.0,"event_name":"Colosseum","player_choice":"Fought Nobs","floor":19.0,"gold_loss":0.0,"damage_taken":0.0},{"damage_healed":0.0,"max_hp_gain":0.0,"max_hp_loss":0.0,"gold_gain":75.0,"event_name":"FaceTrader","player_choice":"Touch","floor":20.0,"gold_loss":0.0,"damage_taken":7.0},{"damage_healed":0,"gold_gain":0,"player_choice":"Fight","damage_taken":0,"max_hp_gain":0,"max_hp_loss":0,"event_name":"Mysterious Sphere","floor":36,"gold_loss":0},{"cards_removed":["Twin Strike"],"damage_healed":0,"gold_gain":0,"player_choice":"Gave Card","damage_taken":0,"relics_obtained":["MawBank"],"max_hp_gain":0,"max_hp_loss":0,"event_name":"WeMeetAgain","floor":42,"gold_loss":0}],"is_beta":true,"boss_relics":[{"not_picked":["Eternal Feather","Runic Pyramid"],"picked":"Fusion Hammer"},{"not_picked":["Sozu","Lizard Tail"],"picked":"Black Star"}],"items_purged_floors":[7,38,39],"is_endless":false,"potions_floor_spawned":[1,2,14,16,22,23,27,29,30,41,46,48],"ascension_level":14}