{"path_per_floor":["M","?","M","M","$","R","M","R","T","R","M","M","?","E","R","B",null,"M","?","M","?","$","R","E","R","T","M","R","$","M","M","R"],"character_chosen":"DEFECT","items_purchased":["Defragment","Apotheosis","Magnetism","Heatsinks"],"gold_per_floor":[110,285,302,312,19,19,39,39,39,39,58,78,78,112,112,235,235,248,248,273,273,19,19,59,59,133,148,148,48,66,85,85,85],"floor_reached":33,"campfire_rested":1,"playtime":1507,"current_hp_per_floor":[75,75,75,75,75,75,55,55,55,55,50,44,44,33,33,45,75,45,45,39,37,37,37,18,31,31,41,41,41,43,37,37,0],"items_purged":["Doubt","Decay"],"gold":85,"score":291,"play_id":"d5262dc3-ceaa-4a2c-b1f6-392262c7007d","local_time":"20180502112315","is_prod":false,"is_daily":false,"chose_seed":false,"is_ascension_mode":false,"campfire_upgraded":7,"timestamp":1525274595,"path_taken":["M","?","M","M","$","R","M","R","T","R","M","M","?","E","R","BOSS","M","?","M","?","$","R","E","R","T","?","R","?","M","M","R","BOSS"],"build_version":"2018-05-01v2","seed_source_timestamp":3384430450466,"purchased_purges":2,"victory":false,"master_deck":["Strike_B","Strike_B","Strike_B","Strike_B","Defend_B","Defend_B","Defend_B","Defend_B","Zap+1","Dualcast","Double Energy","Defragment+1","Apotheosis+1","Consume+1","Beam Cell","Thunder Strike","Storm+1","Ghostly","Ghostly","Ghostly","Ghostly","Ghostly","Magnetism+1","Heatsinks+1","Defragment","Defragment","Auto Shields"],"max_hp_per_floor":[75,75,75,75,75,75,75,75,75,75,75,75,75,75,75,75,75,75,75,75,37,37,37,44,44,44,44,44,44,44,44,44,44],"relics":["Cracked Core","NeowsBlessing","Pantograph","Golden Idol","Bird Faced Urn","Cursed Key","Spirit Poop","Strawberry","Blue Candle"],"card_choices":[{"not_picked":["Streamline","Skim"],"picked":"Double Energy","floor":1},{"not_picked":["Skim","Steam Power"],"picked":"Consume","floor":7},{"not_picked":["Impulse","Go for the Eyes"],"picked":"Beam Cell","floor":14},{"not_picked":["Hyperbeam","Seek"],"picked":"Thunder Strike","floor":16},{"not_picked":["Skim","Axe Kick"],"picked":"Storm","floor":18},{"not_picked":["Blaster","Go for the Eyes"],"picked":"Defragment","floor":24},{"not_picked":["Barrage","Stack"],"picked":"Defragment","floor":30},{"not_picked":["Reprogram","Stack"],"picked":"Auto Shields","floor":31}],"player_experience":231730,"potions_floor_usage":[12,14,18,24,30],"damage_taken":[{"damage":0,"enemies":"Jaw Worm","floor":1,"turns":1},{"damage":0,"enemies":"2 Louse","floor":3,"turns":1},{"damage":0,"enemies":"Cultist","floor":4,"turns":1},{"damage":20,"enemies":"3 Louse","floor":7,"turns":4},{"damage":5,"enemies":"Exordium Wildlife","floor":11,"turns":3},{"damage":6,"enemies":"Large Slime","floor":12,"turns":4},{"damage":20,"enemies":"Lagavulin","floor":14,"turns":6},{"damage":15,"enemies":"The Guardian","floor":16,"turns":9},{"damage":32,"enemies":"2 Thieves","floor":18,"turns":4},{"damage":10,"enemies":"Spheric Guardian","floor":20,"turns":4},{"damage":30,"enemies":"Gremlin Leader","floor":24,"turns":6},{"damage":0,"enemies":"Snake Plant","floor":27,"turns":3},{"damage":3,"enemies":"Centurion and Healer","floor":30,"turns":6},{"damage":9,"enemies":"Snecko","floor":31,"turns":4},{"damage":60,"enemies":"Automaton","floor":33,"turns":6}],"event_choices":[{"event_name":"Liars Game","player_choice":"agreed","floor":2,"damage_taken":0},{"event_name":"Golden Idol","player_choice":"Take Wound","floor":13,"damage_taken":0},{"event_name":"Bonfire Elementals","player_choice":"CURSE","floor":19,"damage_taken":0},{"event_name":"Ghosts","player_choice":"Became a Ghost","floor":21,"damage_taken":0}],"boss_relics":[{"not_picked":["Ectoplasm","Astrolabe"],"picked":"Cursed Key"}],"potions_floor_spawned":[3,4,12,16,18,24],"seed_played":"4747200064012542781","killed_by":"Automaton","ascension_level":0,"is_trial":false}