{"gold_per_floor":[114,114,189,37,57,82,82,97,151,13,29,64,64,84,84,183,183,194,194,69,69,54,54,73,73],"floor_reached":25,"playtime":1713,"items_purged":["Strike_G","Strike_G","Strike_G"],"score":243,"play_id":"73cba97e-ca27-4ca9-a457-4cc0c86ecf93","local_time":"20181119144127","is_ascension_mode":true,"campfire_choices":[{"floor":7,"key":"REST"},{"floor":13,"key":"REST"},{"floor":15,"key":"REST"},{"floor":23,"key":"REST"}],"neow_cost":"NONE","seed_source_timestamp":131447696361302,"circlet_count":0,"master_deck":["Defend_G","Defend_G+1","Defend_G","Defend_G","Strike_G+1","Survivor","Neutralize","Reflex","Footwork","Backflip","Endless Agony","Predator","Reflex","Acrobatics","Dagger Throw","Prepared","Tools of the Trade","Slice+1","Panacea","Tactician","Terror+1"],"relics":["Ring of the Snake","Strawberry","Tiny Chest","Pantograph","Empty Cage","Blue Candle"],"potions_floor_usage":[0,6,6,16,24,25],"damage_taken":[{"damage":0,"enemies":"2 Louse","floor":1,"turns":3},{"damage":0,"enemies":"Cultist","floor":5,"turns":4},{"damage":31,"enemies":"Gremlin Nob","floor":6,"turns":7},{"damage":1,"enemies":"Jaw Worm","floor":8,"turns":5},{"damage":0,"enemies":"Large Slime","floor":11,"turns":9},{"damage":45,"enemies":"Lagavulin","floor":12,"turns":11},{"damage":1,"enemies":"2 Fungi Beasts","floor":14,"turns":4},{"damage":43,"enemies":"The Guardian","floor":16,"turns":20},{"damage":41,"enemies":"3 Byrds","floor":18,"turns":10},{"damage":26,"enemies":"2 Thieves","floor":22,"turns":4},{"damage":22,"enemies":"Cultist and Chosen","floor":24,"turns":7},{"damage":22,"enemies":"Gremlin Leader","floor":25,"turns":2}],"seed_played":"-9152336810481143664","potions_obtained":[{"floor":0,"key":"PowerPotion"},{"floor":0,"key":"Fruit Juice"},{"floor":0,"key":"Ancient Potion"},{"floor":1,"key":"SteroidPotion"},{"floor":11,"key":"SneckoOil"},{"floor":14,"key":"Block Potion"},{"floor":22,"key":"Dexterity Potion"}],"is_trial":false,"path_per_floor":["M","?","?","$","M","E","R","M","T","$","M","E","R","M","R","B",null,"M","T","$","?","M","R","M","E"],"character_chosen":"THE_SILENT","items_purchased":["Footwork","Reflex"],"campfire_rested":4,"item_purchase_floors":[4,10],"current_hp_per_floor":[75,60,53,53,53,29,53,52,52,52,52,7,31,30,54,36,82,41,41,41,41,15,39,17,0],"gold":73,"neow_bonus":"THREE_SMALL_POTIONS","is_prod":false,"is_daily":false,"chose_seed":false,"campfire_upgraded":0,"win_rate":0,"timestamp":1542609687,"path_taken":["M","?","?","$","?","E","R","M","T","$","M","E","R","M","R","BOSS","M","?","$","?","M","R","M","E"],"build_version":"2018-11-15","purchased_purges":3,"victory":false,"max_hp_per_floor":[75,75,75,75,75,82,82,82,82,82,82,82,82,82,82,82,82,82,82,82,82,82,82,82,82],"card_choices":[{"not_picked":["Calculated Gamble","Expertise"],"picked":"Reflex","floor":1},{"not_picked":["Eviscerate","Calculated Gamble"],"picked":"Backflip","floor":5},{"not_picked":["Noxious Fumes","Poisoned Stab"],"picked":"Endless Agony","floor":6},{"not_picked":["Dagger Throw","Finisher"],"picked":"Predator","floor":8},{"not_picked":["Cloak And Dagger","Dagger Spray"],"picked":"Acrobatics","floor":11},{"not_picked":["Deflect","Heel Hook"],"picked":"Dagger Throw","floor":12},{"not_picked":["Setup","Sucker Punch"],"picked":"Prepared","floor":14},{"not_picked":["Phantasmal Killer","Adrenaline"],"picked":"Tools of the Trade","floor":16},{"not_picked":["Acrobatics","Deflect"],"picked":"Slice+1","floor":18},{"not_picked":["Dagger Throw","Escape Plan"],"picked":"Tactician","floor":22},{"not_picked":["Accuracy","Dagger Spray+1"],"picked":"Terror+1","floor":24}],"player_experience":446086,"relics_obtained":[{"floor":6,"key":"Strawberry"},{"floor":9,"key":"Tiny Chest"},{"floor":12,"key":"Pantograph"},{"floor":19,"key":"Blue Candle"}],"event_choices":[{"damage_healed":0,"gold_gain":0,"player_choice":"Entered Light","damage_taken":15,"max_hp_gain":0,"max_hp_loss":0,"event_name":"Shining Light","floor":2,"gold_loss":0,"cards_upgraded":["Defend_G","Strike_G"]},{"damage_healed":0,"gold_gain":75,"player_choice":"Touch","damage_taken":7,"max_hp_gain":0,"max_hp_loss":0,"event_name":"FaceTrader","floor":3,"gold_loss":0},{"damage_healed":0,"gold_gain":0,"player_choice":"1 cards matched","damage_taken":0,"max_hp_gain":0,"max_hp_loss":0,"event_name":"Match and Keep!","floor":21,"gold_loss":0,"cards_obtained":["Panacea"]}],"is_beta":false,"boss_relics":[{"not_picked":["Runic Pyramid","Ectoplasm"],"picked":"Empty Cage"}],"items_purged_floors":[4,10,20],"is_endless":false,"potions_floor_spawned":[1,5,11,14,22],"killed_by":"Gremlin Leader","ascension_level":3}