{"gold_per_floor":[110,110,30,40,40,71,86,120,120,120,70,16,0,0,0,0],"floor_reached":16,"playtime":584,"items_purged":[],"score":177,"play_id":"cf262eb0-d1c9-4f79-9572-a27c56eebec0","local_time":"20190531224136","is_ascension_mode":true,"campfire_choices":[{"floor":10,"key":"REST"},{"data":"Bash","floor":15,"key":"SMITH"}],"neow_cost":"NONE","seed_source_timestamp":11419983410971,"circlet_count":0,"master_deck":["Strike_R","Strike_R","Strike_R","Strike_R","Defend_R","Defend_R","Defend_R","Defend_R","Bash+1","Twin Strike","Shrug It Off","Pummel","Armaments","Exhume","Anger","Sword Boomerang"],"relics":["Burning Blood","NeowsBlessing","Red Skull","Paper Frog","Blue Candle","Blood Vial"],"potions_floor_usage":[8,16],"damage_taken":[{"damage":0,"enemies":"Cultist","floor":1,"turns":1},{"damage":0,"enemies":"2 Louse","floor":4,"turns":1},{"damage":0,"enemies":"3 Sentries","floor":6,"turns":1},{"damage":7,"enemies":"Jaw Worm","floor":7,"turns":3},{"damage":44,"enemies":"Lagavulin","floor":8,"turns":10},{"damage":71,"enemies":"Slime Boss","floor":16,"turns":10}],"seed_played":"-6015036959613351824","potions_obtained":[{"floor":4,"key":"FearPotion"},{"floor":8,"key":"FearPotion"}],"is_trial":false,"path_per_floor":["M","?","$","M","?","E","M","E","T","R","?","$","?","$","R","B"],"character_chosen":"IRONCLAD","items_purchased":["Shrug It Off","Pummel","Sword Boomerang"],"campfire_rested":1,"item_purchase_floors":[3,3,12],"current_hp_per_floor":[78,71,71,77,80,80,79,41,41,65,65,65,65,65,65,0],"gold":0,"neow_bonus":"THREE_ENEMY_KILL","is_prod":false,"is_daily":false,"chose_seed":false,"campfire_upgraded":1,"win_rate":0,"timestamp":1559356896,"path_taken":["M","?","$","M","?","E","?","E","T","R","?","$","?","?","R","BOSS"],"build_version":"2019-01-23","purchased_purges":0,"victory":false,"max_hp_per_floor":[80,80,80,80,80,80,80,80,80,80,80,80,80,80,80,80],"card_choices":[{"not_picked":["Cleave","Thunderclap"],"picked":"Twin Strike","floor":1},{"not_picked":["Clothesline","Infernal Blade"],"picked":"Armaments","floor":4},{"not_picked":["True Grit","Havoc"],"picked":"Exhume","floor":6},{"not_picked":["Wild Strike","True Grit","Sentinel"],"picked":"SKIP","floor":7},{"not_picked":["Perfected Strike","Sentinel"],"picked":"Anger","floor":8}],"player_experience":345655,"relics_obtained":[{"floor":6,"key":"Paper Frog"},{"floor":8,"key":"Blue Candle"},{"floor":9,"key":"Blood Vial"}],"event_choices":[{"damage_healed":0,"gold_gain":0,"player_choice":"Success","damage_taken":7,"relics_obtained":["Red Skull"],"max_hp_gain":0,"max_hp_loss":0,"event_name":"Scrap Ooze","floor":2,"gold_loss":0},{"damage_healed":3,"gold_gain":0,"player_choice":"Full Heal","damage_taken":0,"max_hp_gain":0,"max_hp_loss":0,"event_name":"Wheel of Change","floor":5,"gold_loss":0},{"cards_removed":["Strike_R"],"damage_healed":0,"gold_gain":0,"player_choice":"Card Removal","damage_taken":0,"max_hp_gain":0,"max_hp_loss":0,"event_name":"The Cleric","floor":11,"gold_loss":50},{"damage_healed":0,"gold_gain":0,"player_choice":"Left Gold","damage_taken":0,"max_hp_gain":0,"max_hp_loss":0,"event_name":"World of Goop","floor":13,"gold_loss":16}],"is_beta":false,"boss_relics":[],"items_purged_floors":[],"is_endless":false,"potions_floor_spawned":[4,8],"killed_by":"Slime Boss","ascension_level":7}