{"gold_per_floor":[117,32,32,42,42,42,70,70,70,81,97,97,113,128,128,202,202,221,221,221,244,255,255],"floor_reached":23,"playtime":19756,"items_purged":[],"score":389,"play_id":"6b8affca-e2a6-4b27-bb31-d226ef07331e","local_time":"20190529000302","is_ascension_mode":true,"campfire_choices":[{"data":"Noxious Fumes","floor":6,"key":"SMITH"},{"data":"Deadly Poison","floor":8,"key":"SMITH"},{"data":"Neutralize","floor":12,"key":"SMITH"},{"data":"Footwork","floor":15,"key":"SMITH"}],"neow_cost":"NONE","seed_source_timestamp":646499854062392,"circlet_count":0,"master_deck":["AscendersBane","Defend_G","Defend_G","Defend_G","Defend_G","Defend_G","Strike_G","Strike_G","Strike_G","Strike_G","Strike_G","Survivor","Neutralize+1","Quick Slash","Noxious Fumes+1","Deadly Poison+1","Bane","Deadly Poison","Deflect","Footwork+1","Wraith Form v2","Ghostly","Ghostly","Ghostly","Sucker Punch"],"relics":["Ring of the Snake","NeowsBlessing","Ginger","Orichalcum","Paper Crane","Philosopher\u0027s Stone","Ancient Tea Set"],"potions_floor_usage":[16,16],"damage_taken":[{"damage":0,"enemies":"Cultist","floor":1,"turns":1},{"damage":0,"enemies":"2 Louse","floor":4,"turns":1},{"damage":0,"enemies":"Gremlin Nob","floor":7,"turns":1},{"damage":0,"enemies":"Jaw Worm","floor":10,"turns":4},{"damage":7,"enemies":"Red Slaver","floor":11,"turns":3},{"damage":3,"enemies":"Exordium Wildlife","floor":13,"turns":5},{"damage":10,"enemies":"Exordium Thugs","floor":14,"turns":4},{"damage":22,"enemies":"The Guardian","floor":16,"turns":9},{"damage":25,"enemies":"2 Thieves","floor":18,"turns":5},{"damage":0,"enemies":"Chosen","floor":22,"turns":5},{"damage":27,"enemies":"Slavers","floor":23,"turns":3}],"seed_played":"7096422098622662182","potions_obtained":[{"floor":4,"key":"Energy Potion"},{"floor":7,"key":"SteroidPotion"},{"floor":14,"key":"Weak Potion"}],"is_trial":false,"path_per_floor":["M","$","?","M","?","R","E","R","T","M","M","R","M","M","R","B",null,"M","?","?","T","M","E"],"character_chosen":"THE_SILENT","items_purchased":["Noxious Fumes"],"campfire_rested":0,"item_purchase_floors":[2],"current_hp_per_floor":[59,59,64,64,64,64,64,64,64,64,57,57,54,44,44,22,59,34,34,27,27,27,0],"gold":255,"neow_bonus":"THREE_ENEMY_KILL","is_prod":false,"is_daily":false,"chose_seed":false,"campfire_upgraded":4,"win_rate":0,"timestamp":1559102582,"path_taken":["M","?","?","M","?","R","E","R","T","M","M","R","M","M","R","BOSS","M","?","?","?","?","E"],"build_version":"2019-01-23","purchased_purges":0,"victory":false,"max_hp_per_floor":[66,66,71,71,71,71,71,71,71,71,71,71,71,71,71,71,71,71,35,40,40,40,40],"card_choices":[{"not_picked":["Slice","Backflip"],"picked":"Quick Slash","floor":1},{"not_picked":["Expertise","Dagger Spray"],"picked":"Deadly Poison","floor":4},{"not_picked":["Reflex","Acrobatics"],"picked":"Bane","floor":7},{"not_picked":["Outmaneuver","Escape Plan"],"picked":"Deadly Poison","floor":10},{"not_picked":["Flying Knee","Choke"],"picked":"Deflect","floor":11},{"not_picked":["Prepared","Bane"],"picked":"Footwork","floor":13},{"not_picked":["Dagger Throw","Outmaneuver","Prepared"],"picked":"SKIP","floor":14},{"not_picked":["Bullet Time","Glass Knife"],"picked":"Wraith Form v2","floor":16},{"not_picked":["Outmaneuver","Blade Dance","Slice"],"picked":"SKIP","floor":18},{"not_picked":["Cloak And Dagger+1","Prepared"],"picked":"Sucker Punch","floor":22}],"player_experience":2192393,"relics_obtained":[{"floor":7,"key":"Orichalcum"},{"floor":9,"key":"Paper Crane"},{"floor":21,"key":"Ancient Tea Set"}],"event_choices":[{"damage_healed":0,"gold_gain":0,"player_choice":"Donut","damage_taken":0,"max_hp_gain":5,"max_hp_loss":0,"event_name":"Big Fish","floor":3,"gold_loss":0},{"damage_healed":0,"gold_gain":0,"player_choice":"Gave Potion","damage_taken":0,"relics_obtained":["Ginger"],"max_hp_gain":0,"max_hp_loss":0,"event_name":"WeMeetAgain","floor":5,"gold_loss":0},{"damage_healed":0,"gold_gain":0,"player_choice":"Became a Ghost","damage_taken":0,"max_hp_gain":0,"max_hp_loss":36,"event_name":"Ghosts","floor":19,"gold_loss":0,"cards_obtained":["Ghostly","Ghostly","Ghostly"]},{"damage_healed":0,"gold_gain":0,"player_choice":"Shed Blood","damage_taken":12,"max_hp_gain":5,"max_hp_loss":0,"event_name":"Forgotten Altar","floor":20,"gold_loss":0}],"is_beta":false,"boss_relics":[{"not_picked":["Lizard Tail","Ring of the Serpent"],"picked":"Philosopher\u0027s Stone"}],"items_purged_floors":[],"is_endless":false,"potions_floor_spawned":[4,7,14],"killed_by":"Slavers","ascension_level":16}