{"gold_per_floor":[109,122,132,307,325,380,380,410,410,410,410,410,427,440,440,440],"floor_reached":16,"playtime":850,"items_purged":[],"score":123,"play_id":"3c1af6b3-0aa0-439c-ae13-ddba7c3e5e8e","local_time":"20181115103307","is_ascension_mode":true,"campfire_choices":[{"floor":7,"key":"REST"},{"floor":11,"key":"REST"},{"floor":15,"key":"REST"}],"neow_cost":"NONE","seed_source_timestamp":60131811443043,"circlet_count":0,"master_deck":["Defend_G","Defend_G","Defend_G","Defend_G","Defend_G","Strike_G","Strike_G","Strike_G","Strike_G","Strike_G","Survivor","Neutralize","Dagger Spray","Dagger Throw","Sucker Punch+1","Doubt","Endless Agony","Heel Hook","Finisher"],"relics":["Ring of the Snake","Tiny Chest","Art of War","Bronze Scales"],"potions_floor_usage":[6,8,16],"damage_taken":[{"damage":0,"enemies":"2 Louse","floor":1,"turns":4},{"damage":0,"enemies":"Cultist","floor":2,"turns":3},{"damage":0,"enemies":"Small Slimes","floor":3,"turns":2},{"damage":3,"enemies":"Red Slaver","floor":5,"turns":6},{"damage":27,"enemies":"3 Sentries","floor":6,"turns":8},{"damage":39,"enemies":"Lagavulin","floor":8,"turns":9},{"damage":13,"enemies":"Large Slime","floor":13,"turns":3},{"damage":4,"enemies":"Blue Slaver","floor":14,"turns":3},{"damage":58,"enemies":"The Guardian","floor":16,"turns":14}],"seed_played":"-4918234123014876572","potions_obtained":[{"floor":2,"key":"PowerPotion"},{"floor":5,"key":"FearPotion"},{"floor":14,"key":"EssenceOfSteel"}],"is_trial":false,"path_per_floor":["M","M","M","?","M","E","R","E","T","?","R","?","M","M","R","B"],"character_chosen":"THE_SILENT","items_purchased":[],"campfire_rested":3,"item_purchase_floors":[],"current_hp_per_floor":[77,77,77,77,74,47,70,31,31,31,54,54,41,37,60,2],"gold":440,"neow_bonus":"TEN_PERCENT_HP_BONUS","is_prod":false,"is_daily":false,"chose_seed":false,"campfire_upgraded":0,"win_rate":0,"timestamp":1542249187,"path_taken":["M","M","M","?","M","E","R","E","T","?","R","?","M","?","R","BOSS"],"build_version":"2018-11-08","purchased_purges":0,"victory":false,"max_hp_per_floor":[77,77,77,77,77,77,77,77,77,77,77,77,77,77,77,77],"card_choices":[{"not_picked":["Distraction","Flying Knee"],"picked":"Dagger Spray","floor":1},{"not_picked":["Deadly Poison","Outmaneuver"],"picked":"Dagger Throw","floor":2},{"not_picked":["Prepared","Expertise"],"picked":"Sucker Punch","floor":3},{"not_picked":["Dodge and Roll","Glass Knife"],"picked":"Endless Agony","floor":5},{"not_picked":["Blade Dance","Backflip"],"picked":"Heel Hook","floor":6},{"not_picked":["Bane","Blade Dance"],"picked":"Finisher","floor":8},{"not_picked":["Dagger Throw","Eviscerate","Flying Knee"],"picked":"SKIP","floor":13},{"not_picked":["Accuracy","Deflect","Outmaneuver"],"picked":"SKIP","floor":14}],"player_experience":434445,"relics_obtained":[{"floor":6,"key":"Tiny Chest"},{"floor":8,"key":"Art of War"},{"floor":9,"key":"Bronze Scales"}],"event_choices":[{"damage_healed":0,"gold_gain":175,"player_choice":"AGREE","damage_taken":0,"max_hp_gain":0,"max_hp_loss":0,"event_name":"Liars Game","floor":4,"gold_loss":0,"cards_obtained":["Doubt"]},{"damage_healed":0,"gold_gain":0,"player_choice":"Ignored","damage_taken":0,"max_hp_gain":0,"max_hp_loss":0,"event_name":"Golden Idol","floor":10,"gold_loss":0},{"damage_healed":0,"gold_gain":0,"player_choice":"Forge","damage_taken":0,"max_hp_gain":0,"max_hp_loss":0,"event_name":"Accursed Blacksmith","floor":12,"gold_loss":0,"cards_upgraded":["Sucker Punch"]}],"is_beta":false,"boss_relics":[],"items_purged_floors":[],"is_endless":false,"potions_floor_spawned":[2,5,14],"killed_by":"The Guardian","ascension_level":2}