{"gold_per_floor":[113,213,228,242,257,257,282,282],"floor_reached":8,"playtime":534,"items_purged":[],"score":58,"play_id":"aff0b537-1fe3-43f8-8382-cde3b0cb8639","local_time":"20190522214944","is_ascension_mode":false,"campfire_choices":[{"data":"Bash","floor":6,"key":"SMITH"}],"neow_cost":"PERCENT_DAMAGE","seed_source_timestamp":389972557259989,"circlet_count":0,"master_deck":["Strike_R","Strike_R","Strike_R","Strike_R","Strike_R","Defend_R","Defend_R","Defend_R","Defend_R","Bash+1","Limit Break","Metallicize","Cleave","Iron Wave"],"relics":["Burning Blood","Centennial Puzzle"],"potions_floor_usage":[7],"damage_taken":[{"damage":3,"enemies":"Small Slimes","floor":1,"turns":3},{"damage":5,"enemies":"Cultist","floor":3,"turns":4},{"damage":11,"enemies":"Jaw Worm","floor":4,"turns":4},{"damage":14,"enemies":"3 Louse","floor":5,"turns":4},{"damage":38,"enemies":"Gremlin Nob","floor":7,"turns":6},{"damage":3,"enemies":"Large Slime","floor":8,"turns":2}],"seed_played":"816670830477309983","potions_obtained":[{"floor":4,"key":"Swift Potion"},{"floor":5,"key":"SkillPotion"},{"floor":7,"key":"SkillPotion"}],"is_trial":false,"path_per_floor":["M","?","M","M","M","R","E","M"],"character_chosen":"IRONCLAD","items_purchased":[],"campfire_rested":0,"item_purchase_floors":[],"current_hp_per_floor":[59,59,60,55,47,47,15,12],"gold":282,"neow_bonus":"THREE_RARE_CARDS","is_prod":false,"is_daily":false,"chose_seed":false,"campfire_upgraded":1,"win_rate":0,"timestamp":1558586984,"path_taken":["M","?","M","M","M","R","E","M"],"build_version":"2019-01-23","purchased_purges":0,"victory":false,"max_hp_per_floor":[80,80,80,80,80,80,80,80],"card_choices":[{"not_picked":["Juggernaut","Fiend Fire"],"picked":"Limit Break","floor":0},{"not_picked":["Clash","Thunderclap","Dropkick"],"picked":"SKIP","floor":1},{"not_picked":["Clothesline","Pummel"],"picked":"Metallicize","floor":3},{"not_picked":["Combust","Twin Strike"],"picked":"Cleave","floor":4},{"not_picked":["Berserk","Hemokinesis","Headbutt"],"picked":"SKIP","floor":5},{"not_picked":["Sword Boomerang","Dropkick"],"picked":"Iron Wave","floor":7}],"player_experience":57913,"relics_obtained":[{"floor":7,"key":"Centennial Puzzle"}],"event_choices":[{"damage_healed":0,"gold_gain":100,"player_choice":"Pray","damage_taken":0,"max_hp_gain":0,"max_hp_loss":0,"event_name":"Golden Shrine","floor":2,"gold_loss":0}],"is_beta":false,"boss_relics":[],"items_purged_floors":[],"is_endless":false,"potions_floor_spawned":[4,5,7],"killed_by":"Large Slime","ascension_level":0}