{"gold_per_floor":[116,86,96,115,115,115,129,155,155,1,1,30,4,20,20,92,92,107,124,124,144,157,157,182,182,252,43,68,68,81,81,81,154,154,168,179,29,29,129,129,140,157,211,211,224,251,251,251,251,251],"floor_reached":51,"playtime":3819,"items_purged":["Strike_B"],"score":1294,"play_id":"72769ba1-5239-4fb3-a06c-50a8278bca26","local_time":"20190313193558","is_ascension_mode":true,"campfire_choices":[{"floor":6,"key":"REST"},{"data":"Creative AI","floor":15,"key":"SMITH"},{"floor":23,"key":"REST"},{"floor":25,"key":"REST"},{"data":"Buffer","floor":29,"key":"SMITH"},{"data":"Coolheaded","floor":32,"key":"SMITH"},{"data":"Chill","floor":40,"key":"SMITH"},{"data":"Echo Form","floor":44,"key":"SMITH"},{"floor":49,"key":"REST"}],"neow_cost":"NONE","seed_source_timestamp":368089264217700,"circlet_count":0,"master_deck":["AscendersBane","Strike_B","Strike_B","Defend_B","Defend_B","Defend_B","Defend_B+1","Zap","Dualcast+1","Creative AI+1","Beam Cell","Steam","Undo","Ball Lightning","Cold Snap","Echo Form+1","Ball Lightning","Steam","Buffer+1","Steam","Coolheaded+1","Genetic Algorithm","Glacier","Conserve Battery","Core Surge","Doom and Gloom","Chill+1","Blizzard","Writhe"],"relics":["Cracked Core","Pear","Bottled Lightning","Juzu Bracelet","Potion Belt","Sozu","Dream Catcher","Gremlin Horn","Lee\u0027s Waffle","Bag of Preparation","Inserter","Thread and Needle","Strawberry","Art of War"],"potions_floor_usage":[3,12,16,18],"damage_taken":[{"damage":4,"enemies":"Cultist","floor":1,"turns":5},{"damage":2,"enemies":"2 Louse","floor":3,"turns":3},{"damage":7,"enemies":"Small Slimes","floor":4,"turns":3},{"damage":8,"enemies":"Blue Slaver","floor":7,"turns":4},{"damage":9,"enemies":"Lagavulin","floor":8,"turns":7},{"damage":7,"enemies":"3 Sentries","floor":12,"turns":7},{"damage":6,"enemies":"Looter","floor":14,"turns":3},{"damage":0,"enemies":"The Guardian","floor":16,"turns":12},{"damage":7,"enemies":"2 Thieves","floor":18,"turns":4},{"damage":0,"enemies":"Chosen","floor":19,"turns":5},{"damage":8,"enemies":"Snake Plant","floor":21,"turns":6},{"damage":15,"enemies":"Cultist and Chosen","floor":22,"turns":8},{"damage":27,"enemies":"Gremlin Leader","floor":24,"turns":7},{"damage":27,"enemies":"Book of Stabbing","floor":28,"turns":9},{"damage":35,"enemies":"3 Cultists","floor":30,"turns":8},{"damage":8,"enemies":"Collector","floor":33,"turns":13},{"damage":7,"enemies":"Orb Walker","floor":35,"turns":6},{"damage":0,"enemies":"3 Shapes","floor":36,"turns":3},{"damage":0,"enemies":"Mind Bloom Boss Battle","floor":39,"turns":6},{"damage":0,"enemies":"Maw","floor":41,"turns":12},{"damage":7,"enemies":"Transient","floor":42,"turns":5},{"damage":31,"enemies":"Writhing Mass","floor":45,"turns":9},{"damage":6,"enemies":"Nemesis","floor":46,"turns":13},{"damage":51,"enemies":"Donu and Deca","floor":50,"turns":9}],"seed_played":"-8287134562663944502","potions_obtained":[{"floor":2,"key":"Dexterity Potion"},{"floor":2,"key":"Energy Potion"},{"floor":7,"key":"AttackPotion"},{"floor":12,"key":"Fire Potion"}],"is_trial":false,"path_per_floor":["M","?","M","M","?","R","M","E","T","$","?","E","$","M","R","B",null,"M","M","?","M","M","R","E","R","T","$","E","R","M","?","R","B",null,"M","M","$","?","?","R","M","M","T","R","M","E","?","?","R","B",null],"character_chosen":"DEFECT","items_purchased":["Juzu Bracelet","Ball Lightning","Lee\u0027s Waffle","Chill"],"campfire_rested":4,"item_purchase_floors":[10,13,27,37],"current_hp_per_floor":[60,60,58,51,30,51,43,44,44,44,44,37,37,31,31,31,69,62,62,62,54,39,63,36,60,60,88,61,61,26,88,88,80,86,79,79,79,79,79,79,79,72,79,79,48,42,42,61,89,38],"gold":251,"neow_bonus":"ONE_RANDOM_RARE_CARD","is_prod":false,"is_daily":false,"chose_seed":false,"campfire_upgraded":5,"win_rate":0,"timestamp":1552520158,"path_taken":["M","?","?","M","?","R","M","E","T","$","?","E","?","M","R","BOSS","M","M","?","M","M","R","E","R","T","$","E","R","M","?","R","BOSS","M","M","$","?","?","R","M","M","T","R","M","E","?","?","R","BOSS"],"build_version":"2019-02-06","purchased_purges":1,"victory":true,"max_hp_per_floor":[71,71,71,71,71,71,71,81,81,81,81,81,81,81,81,81,81,81,81,81,81,81,81,81,81,81,88,88,88,88,88,88,88,88,88,88,88,88,88,88,88,88,95,95,95,95,95,95,95,95],"card_choices":[{"not_picked":["Compile Driver","Coolheaded"],"picked":"Beam Cell","floor":1},{"not_picked":["Undo","Turbo"],"picked":"Steam","floor":3},{"not_picked":["Aggregate","Compile Driver"],"picked":"Undo","floor":4},{"not_picked":["Rebound","Compile Driver"],"picked":"Ball Lightning","floor":7},{"not_picked":["Turbo","Streamline"],"picked":"Cold Snap","floor":8},{"not_picked":["Stack","Steam Power"],"picked":"Echo Form","floor":12},{"not_picked":["Redo","Stack"],"picked":"Steam","floor":14},{"not_picked":["Biased Cognition","All For One"],"picked":"Buffer","floor":16},{"not_picked":["Go for the Eyes","Aggregate"],"picked":"Steam","floor":18},{"not_picked":["Storm","Go for the Eyes"],"picked":"Melter","floor":19},{"not_picked":["FTL","Beam Cell"],"picked":"Coolheaded","floor":21},{"not_picked":["Reprogram","Go for the Eyes","Sunder"],"picked":"SKIP","floor":22},{"not_picked":["Redo","Compile Driver"],"picked":"Genetic Algorithm","floor":24},{"not_picked":["Genetic Algorithm","Coolheaded"],"picked":"Glacier","floor":25},{"not_picked":["Turbo","Cold Snap","Lockon+1"],"picked":"SKIP","floor":28},{"not_picked":["Barrage","Rainbow"],"picked":"Conserve Battery","floor":30},{"not_picked":["Reboot","Rainbow"],"picked":"Core Surge","floor":33},{"not_picked":["Streamline","Compile Driver"],"picked":"Doom and Gloom","floor":35},{"not_picked":["Streamline+1","Gash","Reprogram"],"picked":"SKIP","floor":36},{"not_picked":["Lockon","Undo+1"],"picked":"Blizzard","floor":39},{"not_picked":["Cold Snap","Compile Driver","Chaos"],"picked":"SKIP","floor":41},{"not_picked":["Steam","Barrage","Ball Lightning+1"],"picked":"SKIP","floor":42},{"not_picked":["Turbo","Barrage","Streamline+1"],"picked":"SKIP","floor":45},{"not_picked":["Hyperbeam","Aggregate","Ball Lightning"],"picked":"SKIP","floor":46}],"player_experience":663135,"relics_obtained":[{"floor":8,"key":"Pear"},{"floor":9,"key":"Bottled Lightning"},{"floor":12,"key":"Potion Belt"},{"floor":24,"key":"Dream Catcher"},{"floor":26,"key":"Gremlin Horn"},{"floor":28,"key":"Bag of Preparation"},{"floor":39,"key":"Thread and Needle"},{"floor":43,"key":"Strawberry"},{"floor":46,"key":"Art of War"}],"event_choices":[{"damage_healed":0,"gold_gain":0,"player_choice":"Bought 2 Potions","damage_taken":0,"max_hp_gain":0,"max_hp_loss":0,"event_name":"The Woman in Blue","floor":2,"gold_loss":0},{"damage_healed":0,"gold_gain":0,"player_choice":"Entered Light","damage_taken":21,"max_hp_gain":0,"max_hp_loss":0,"event_name":"Shining Light","floor":5,"gold_loss":0,"cards_upgraded":["Dualcast","Defend_B"]},{"damage_healed":0,"gold_gain":0,"player_choice":"Leave","damage_taken":0,"max_hp_gain":0,"max_hp_loss":0,"event_name":"The Cleric","floor":11,"gold_loss":0},{"damage_healed":0,"gold_gain":0,"player_choice":"Ignored","damage_taken":0,"max_hp_gain":0,"max_hp_loss":0,"event_name":"Vampires","floor":20,"gold_loss":0},{"cards_removed":["Melter"],"damage_healed":62,"gold_gain":0,"player_choice":"Offered Uncommon","damage_taken":0,"max_hp_gain":0,"max_hp_loss":0,"event_name":"Bonfire Elementals","floor":31,"gold_loss":0},{"cards_removed":["Strike_B"],"damage_healed":0,"gold_gain":0,"player_choice":"Removed Attack","damage_taken":0,"max_hp_gain":0,"max_hp_loss":0,"event_name":"Falling","floor":38,"gold_loss":0},{"damage_healed":0,"gold_gain":0,"player_choice":"Fight","damage_taken":0,"max_hp_gain":0,"max_hp_loss":0,"event_name":"MindBloom","floor":39,"gold_loss":0},{"damage_healed":0,"gold_gain":0,"player_choice":"Ignored","damage_taken":0,"max_hp_gain":0,"max_hp_loss":0,"event_name":"Mysterious Sphere","floor":47,"gold_loss":0},{"damage_healed":19,"gold_gain":0,"player_choice":"Writhe","damage_taken":0,"max_hp_gain":0,"max_hp_loss":0,"event_name":"Winding Halls","floor":48,"gold_loss":0,"cards_obtained":["Writhe"]}],"is_beta":true,"boss_relics":[{"not_picked":["Philosopher\u0027s Stone","Runic Dome"],"picked":"Sozu"},{"not_picked":["FrozenCore","Orrery"],"picked":"Inserter"}],"items_purged_floors":[37],"is_endless":false,"potions_floor_spawned":[7,8,12,22,24,33,39,41,42],"ascension_level":15}