{"gold_per_floor":[112,37,37,49,66,395,395,410,410,445,445,39,39,39,39,136,136,146,159,77,77,77,77,93,128,155,181,181,56,56,56,56,158,158,174,274,274,291,307,318,318,334,334,334,374,92,92,110,110,110,110,110,31,64,64],"floor_reached":55,"playtime":3834,"items_purged":["Strike_B","Defend_B","Defend_B","Parasite"],"score":834,"play_id":"65093e16-03c9-493b-beb6-e9e0f5a771e1","local_time":"20190503184406","is_ascension_mode":true,"campfire_choices":[{"data":"Dualcast","floor":7.0,"key":"SMITH"},{"floor":13.0,"key":"RECALL"},{"data":"Cold Snap","floor":15.0,"key":"SMITH"},{"data":"Creative AI","floor":23.0,"key":"SMITH"},{"floor":28.0,"key":"REST"},{"floor":32.0,"key":"DIG"},{"floor":41.0,"key":"DIG"},{"floor":44.0,"key":"DIG"},{"floor":49,"key":"REST"},{"floor":52,"key":"DIG"}],"neow_cost":"NONE","seed_source_timestamp":928684931167500,"circlet_count":0,"master_deck":["Strike_B","Strike_B","Strike_B","Defend_B","Defend_B","Zap+1","Dualcast+1","Cold Snap+1","Conserve Battery","Conserve Battery","BootSequence","Echo Form","Core Surge","Creative AI+1","Coolheaded+1","Reboot","Ghostly","Ghostly","Ghostly","Ghostly","Ghostly","Double Energy+1","Recycle+1","Purity","Double Energy+1"],"special_seed":0,"relics":["Cracked Core","NeowsBlessing","Old Coin","Torii","DataDisk","Nuclear Battery","Mango","Dream Catcher","Shovel","Boot","Lizard Tail","Turnip","Sundial","PreservedInsect","MawBank","Oddly Smooth Stone","Cables","Bag of Preparation"],"potions_floor_usage":[54,55,55],"damage_taken":[{"damage":0.0,"enemies":"Cultist","floor":1.0,"turns":1.0},{"damage":0.0,"enemies":"2 Louse","floor":4.0,"turns":1.0},{"damage":0.0,"enemies":"Small Slimes","floor":5.0,"turns":1.0},{"damage":28.0,"enemies":"3 Sentries","floor":6.0,"turns":14.0},{"damage":5.0,"enemies":"Exordium Thugs","floor":8.0,"turns":4.0},{"damage":7.0,"enemies":"Gremlin Nob","floor":10.0,"turns":3.0},{"damage":1.0,"enemies":"The Guardian","floor":16.0,"turns":13.0},{"damage":0.0,"enemies":"Chosen","floor":18.0,"turns":5.0},{"damage":10.0,"enemies":"Spheric Guardian","floor":19.0,"turns":4.0},{"damage":1.0,"enemies":"Chosen and Byrds","floor":24.0,"turns":7.0},{"damage":15.0,"enemies":"Slavers","floor":25.0,"turns":3.0},{"damage":43.0,"enemies":"Gremlin Leader","floor":27.0,"turns":8.0},{"damage":0.0,"enemies":"Champ","floor":33.0,"turns":9.0},{"damage":11.0,"enemies":"3 Darklings","floor":35.0,"turns":6.0},{"damage":0.0,"enemies":"Mind Bloom Boss Battle","floor":36.0,"turns":10.0},{"damage":0.0,"enemies":"Orb Walker","floor":38.0,"turns":7.0},{"damage":0.0,"enemies":"Writhing Mass","floor":39.0,"turns":10.0},{"damage":2.0,"enemies":"Spire Growth","floor":40.0,"turns":9.0},{"damage":0.0,"enemies":"Transient","floor":42.0,"turns":5.0},{"damage":0.0,"enemies":"Jaw Worm Horde","floor":45.0,"turns":7.0},{"damage":10,"enemies":"3 Darklings","floor":48,"turns":7},{"damage":4,"enemies":"Donu and Deca","floor":50,"turns":10},{"damage":53,"enemies":"Shield and Spear","floor":54,"turns":8},{"damage":20,"enemies":"The Heart","floor":55,"turns":8}],"seed_played":"-8659897817970027241","potions_obtained":[{"floor":1.0,"key":"FearPotion"},{"floor":6.0,"key":"SteroidPotion"},{"floor":24.0,"key":"PowerPotion"},{"floor":25.0,"key":"FearPotion"},{"floor":27.0,"key":"Strength Potion"},{"floor":35.0,"key":"SpeedPotion"},{"floor":39.0,"key":"FocusPotion"},{"floor":48,"key":"SkillPotion"}],"is_trial":false,"path_per_floor":["M","$","?","M","M","E","R","M","T","E","?","$","R","$","R","B",null,"M","M","$","?","?","R","M","E","T","E","R","$","?","$","R","B",null,"M","?","?","M","M","M","R","M","T","R","M","$","?","M","R","B",null,"R","$","E","B"],"character_chosen":"DEFECT","items_purchased":["DataDisk","Echo Form","Creative AI","Oddly Smooth Stone","GamblersBrew"],"campfire_rested":2,"item_purchase_floors":[12,12,20,46,53],"current_hp_per_floor":[75,75,75,75,75,47,47,42,42,35,40,40,40,40,40,39,80,80,70,70,55,55,55,54,53,53,10,39,39,39,39,39,39,49,38,38,38,38,38,36,36,36,36,36,36,36,36,26,39,35,46,46,46,16,0],"gold":64,"neow_bonus":"THREE_ENEMY_KILL","is_prod":false,"is_daily":false,"chose_seed":false,"campfire_upgraded":3,"win_rate":0,"timestamp":1556923446,"path_taken":["M","?","?","?","M","E","R","?","T","E","?","$","R","?","R","BOSS","M","M","$","?","?","R","M","E","T","E","R","$","?","$","R","BOSS","M","?","?","?","M","M","R","M","T","R","M","$","?","M","R","BOSS","R","$","E","BOSS"],"build_version":"2019-01-23","purchased_purges":4,"victory":false,"max_hp_per_floor":[75,75,75,75,75,75,75,75,75,75,80,80,80,80,80,80,80,80,80,80,85,85,85,85,99,99,99,99,99,49,49,49,49,49,49,49,49,49,49,49,49,49,49,49,49,46,46,46,46,46,46,46,46,46,46],"card_choices":[{"not_picked":["Hello World","Steam","Beam Cell"],"picked":"SKIP","floor":1.0},{"not_picked":["FTL","Chaos"],"picked":"Cold Snap","floor":4.0},{"not_picked":["Compile Driver","Blizzard"],"picked":"Conserve Battery","floor":5.0},{"not_picked":["Auto Shields","Turbo"],"picked":"Conserve Battery","floor":6.0},{"not_picked":["Conserve Battery","Skim","Beam Cell"],"picked":"SKIP","floor":8.0},{"not_picked":["Turbo","Go for the Eyes"],"picked":"BootSequence","floor":10.0},{"not_picked":["Reboot","Biased Cognition"],"picked":"Core Surge","floor":16.0},{"not_picked":["Force Field+1","Conserve Battery","Reinforced Body"],"picked":"SKIP","floor":18.0},{"not_picked":["FTL","Beam Cell","Sweeping Beam"],"picked":"SKIP","floor":19.0},{"not_picked":["Doom and Gloom","Coolheaded+1","Redo"],"picked":"SKIP","floor":24.0},{"not_picked":["Reprogram","Rip and Tear"],"picked":"Reboot","floor":25.0},{"not_picked":["Ball Lightning","Hologram","Beam Cell"],"picked":"SKIP","floor":27.0},{"not_picked":["Turbo","Force Field","Sweeping Beam"],"picked":"SKIP","floor":35.0},{"not_picked":["Scrape","Steam+1","Redo"],"picked":"SKIP","floor":38.0},{"not_picked":["Streamline+1","Go for the Eyes+1","Tempest+1"],"picked":"SKIP","floor":39.0},{"not_picked":["Consume+1","Go for the Eyes+1","Conserve Battery+1"],"picked":"SKIP","floor":40.0},{"not_picked":["Melter","Beam Cell+1"],"picked":"Double Energy+1","floor":42.0},{"not_picked":["Streamline","Storm+1"],"picked":"Recycle+1","floor":45},{"not_picked":["Magnetism","Mind Blast"],"picked":"Purity","floor":47},{"not_picked":["Rebound+1","Turbo","Beam Cell"],"picked":"SKIP","floor":48},{"not_picked":["Beam Cell","Steam+1"],"picked":"Double Energy+1","floor":54}],"player_experience":236786,"relics_obtained":[{"floor":6.0,"key":"Old Coin"},{"floor":10.0,"key":"Torii"},{"floor":25.0,"key":"Mango"},{"floor":26.0,"key":"Dream Catcher"},{"floor":27.0,"key":"Shovel"},{"floor":32.0,"key":"Boot"},{"floor":36.0,"key":"Turnip"},{"floor":41.0,"key":"Sundial"},{"floor":43.0,"key":"PreservedInsect"},{"floor":44.0,"key":"MawBank"},{"floor":52,"key":"Cables"},{"floor":54,"key":"Bag of Preparation"}],"event_choices":[{"damage_healed":0.0,"max_hp_gain":0.0,"max_hp_loss":0.0,"gold_gain":0.0,"event_name":"Upgrade Shrine","player_choice":"Upgraded","floor":3.0,"gold_loss":0.0,"damage_taken":0.0,"cards_upgraded":["Zap"]},{"damage_healed":0.0,"max_hp_gain":5.0,"max_hp_loss":0.0,"gold_gain":0.0,"event_name":"Big Fish","player_choice":"Donut","floor":11.0,"gold_loss":0.0,"damage_taken":0.0},{"damage_healed":0.0,"max_hp_gain":5.0,"max_hp_loss":0.0,"gold_gain":0.0,"event_name":"Forgotten Altar","player_choice":"Shed Blood","floor":21.0,"gold_loss":0.0,"damage_taken":20.0},{"damage_healed":0.0,"max_hp_gain":0.0,"max_hp_loss":0.0,"gold_gain":0.0,"event_name":"The Library","player_choice":"Read","floor":22.0,"gold_loss":0.0,"damage_taken":0.0,"cards_obtained":["Coolheaded"]},{"damage_healed":0.0,"max_hp_gain":0.0,"max_hp_loss":50.0,"gold_gain":0.0,"event_name":"Ghosts","player_choice":"Became a Ghost","floor":30.0,"gold_loss":0.0,"damage_taken":0.0,"cards_obtained":["Ghostly","Ghostly","Ghostly","Ghostly","Ghostly"]},{"damage_healed":0.0,"max_hp_gain":0.0,"max_hp_loss":0.0,"gold_gain":0.0,"event_name":"MindBloom","player_choice":"Fight","floor":36.0,"gold_loss":0.0,"damage_taken":0.0},{"damage_healed":0.0,"max_hp_gain":0.0,"max_hp_loss":0.0,"gold_gain":0.0,"event_name":"Accursed Blacksmith","player_choice":"Forge","floor":37.0,"gold_loss":0.0,"damage_taken":0.0,"cards_upgraded":["Coolheaded"]},{"damage_healed":0,"gold_gain":0,"player_choice":"Memory 1","damage_taken":0,"max_hp_gain":0,"max_hp_loss":0,"event_name":"SensoryStone","floor":47,"gold_loss":0}],"is_beta":false,"boss_relics":[{"not_picked":["Pandora\u0027s Box","Ectoplasm"],"picked":"Nuclear Battery"},{"not_picked":["Busted Crown","Snecko Eye"],"picked":"Lizard Tail"}],"items_purged_floors":[2,12,29,46],"is_endless":false,"potions_floor_spawned":[1,6,24,25,27,35,39,45,48],"killed_by":"The Heart","ascension_level":2}