{"gold_per_floor":[109,125,139,59,59,59,59,59,59,95,95,118,141,165,165,293,293,262,262,187,102,126,126,4,103,103,116,41,55,69,122,122,122],"floor_reached":33,"playtime":1645,"items_purged":["Strike_G"],"score":333,"play_id":"41905b48-0e31-4825-82ae-4ffcc2a9cda8","local_time":"20190417200034","is_ascension_mode":true,"campfire_choices":[{"data":"After Image","floor":6,"key":"SMITH"},{"data":"Dagger Spray","floor":8,"key":"SMITH"},{"floor":11,"key":"REST"},{"floor":15,"key":"REST"},{"data":"Envenom","floor":23,"key":"SMITH"},{"floor":32,"key":"REST"}],"neow_cost":"NONE","seed_source_timestamp":491523238709642,"circlet_count":0,"master_deck":["Defend_G","Defend_G","Defend_G","Defend_G","Survivor","Neutralize","Blade Dance","Dagger Spray+1","After Image+1","Skewer+1","Choke","Backflip","Cloak And Dagger","Deflect","Envenom+1","Acrobatics+1","Sucker Punch+1","Heel Hook+1","Accuracy","Slice","Footwork","PiercingWail"],"relics":["Ring of the Snake","Golden Idol","PreservedInsect","Strawberry","Astrolabe","Meat on the Bone","Ninja Scroll","Orichalcum"],"potions_floor_usage":[10,16,16,29,30,33,33],"damage_taken":[{"damage":1,"enemies":"Small Slimes","floor":1,"turns":5},{"damage":0,"enemies":"Cultist","floor":2,"turns":4},{"damage":0,"enemies":"2 Louse","floor":3,"turns":2},{"damage":54,"enemies":"Lagavulin","floor":10,"turns":14},{"damage":7,"enemies":"Looter","floor":12,"turns":4},{"damage":0,"enemies":"Large Slime","floor":13,"turns":6},{"damage":1,"enemies":"Red Slaver","floor":14,"turns":3},{"damage":32,"enemies":"The Guardian","floor":16,"turns":18},{"damage":17,"enemies":"2 Thieves","floor":18,"turns":5},{"damage":8,"enemies":"3 Byrds","floor":22,"turns":6},{"damage":16,"enemies":"Cultist and Chosen","floor":27,"turns":6},{"damage":23,"enemies":"3 Cultists","floor":29,"turns":7},{"damage":10,"enemies":"Snecko","floor":30,"turns":6},{"damage":60,"enemies":"Collector","floor":33,"turns":12}],"seed_played":"-6554078017883509226","potions_obtained":[{"floor":1,"key":"SkillPotion"},{"floor":3,"key":"LiquidBronze"},{"floor":10,"key":"Weak Potion"},{"floor":13,"key":"Swift Potion"},{"floor":16,"key":"LiquidBronze"},{"floor":22,"key":"SneckoOil"},{"floor":29,"key":"Weak Potion"}],"is_trial":false,"path_per_floor":["M","M","M","$","?","R","?","R","T","E","R","M","M","M","R","B",null,"M","?","$","?","M","R","$","?","T","M","?","M","M","T","R","B"],"character_chosen":"THE_SILENT","items_purchased":["Skewer","Slice","Footwork"],"campfire_rested":3,"item_purchase_floors":[4,24,24],"current_hp_per_floor":[62,62,62,62,62,62,62,62,62,15,36,29,29,28,49,17,58,41,41,41,41,45,45,45,45,45,41,41,30,32,32,53,0],"gold":122,"neow_bonus":"REMOVE_CARD","is_prod":false,"is_daily":false,"chose_seed":false,"campfire_upgraded":3,"win_rate":0,"timestamp":1555502434,"path_taken":["M","M","M","$","?","R","?","R","T","E","R","M","M","?","R","BOSS","M","?","$","?","M","R","$","?","T","M","?","M","M","?","R","BOSS"],"build_version":"2019-01-23","purchased_purges":1,"victory":false,"max_hp_per_floor":[70,70,70,70,65,65,65,65,65,72,72,72,72,72,72,72,72,72,72,72,72,72,72,72,72,72,72,72,72,72,72,72,72],"card_choices":[{"not_picked":["Caltrops","Deflect"],"picked":"Blade Dance","floor":1},{"not_picked":["Slice","Bane"],"picked":"Dagger Spray","floor":2},{"not_picked":["Quick Slash","Dagger Spray"],"picked":"After Image","floor":3},{"not_picked":["All Out Attack","Backflip"],"picked":"Choke","floor":10},{"not_picked":["PiercingWail","Outmaneuver"],"picked":"Backflip","floor":12},{"not_picked":["All Out Attack","Eviscerate"],"picked":"Cloak And Dagger","floor":13},{"not_picked":["Wraith Form v2","Dagger Throw"],"picked":"Deflect","floor":14},{"not_picked":["Phantasmal Killer","Grand Finale"],"picked":"Envenom","floor":16},{"not_picked":["Acrobatics+1","Sucker Punch+1"],"picked":"Accuracy","floor":18},{"not_picked":["Poisoned Stab","Dagger Throw","Bane"],"picked":"SKIP","floor":22},{"not_picked":["Bane","Dagger Spray","Deflect"],"picked":"SKIP","floor":27},{"not_picked":["Dagger Spray","Infinite Blades"],"picked":"PiercingWail","floor":29},{"not_picked":["Footwork","Backflip","Distraction"],"picked":"SKIP","floor":30}],"player_experience":791225,"relics_obtained":[{"floor":9,"key":"PreservedInsect"},{"floor":10,"key":"Strawberry"},{"floor":26,"key":"Ninja Scroll"},{"floor":31,"key":"Orichalcum"}],"event_choices":[{"damage_healed":0,"gold_gain":0,"player_choice":"Lose Max HP","damage_taken":0,"relics_obtained":["Golden Idol"],"max_hp_gain":0,"max_hp_loss":5,"event_name":"Golden Idol","floor":5,"gold_loss":0},{"damage_healed":0,"gold_gain":0,"player_choice":"Forge","damage_taken":0,"max_hp_gain":0,"max_hp_loss":0,"event_name":"Accursed Blacksmith","floor":7,"gold_loss":0,"cards_upgraded":["Skewer"]},{"damage_healed":0,"gold_gain":0,"player_choice":"Ignored","damage_taken":0,"max_hp_gain":0,"max_hp_loss":0,"event_name":"The Mausoleum","floor":19,"gold_loss":0},{"damage_healed":0,"gold_gain":0,"player_choice":"Obtained Relic","damage_taken":0,"relics_obtained":["Meat on the Bone"],"max_hp_gain":0,"max_hp_loss":0,"event_name":"Addict","floor":21,"gold_loss":85},{"damage_healed":0,"gold_gain":99,"player_choice":"Stole From Cult","damage_taken":0,"max_hp_gain":0,"max_hp_loss":0,"event_name":"Nest","floor":25,"gold_loss":0},{"cards_removed":["Strike_G"],"damage_healed":0,"gold_gain":0,"player_choice":"Gave Gold","damage_taken":0,"max_hp_gain":0,"max_hp_loss":0,"event_name":"Beggar","floor":28,"gold_loss":75}],"is_beta":false,"boss_relics":[{"not_picked":["Pandora\u0027s Box","White Beast Statue"],"picked":"Astrolabe"}],"items_purged_floors":[20],"is_endless":false,"potions_floor_spawned":[1,3,10,13,16,22,29],"killed_by":"Collector","ascension_level":7}