{"gold_per_floor":[112,387,406,40,56,56,84,109,161,172,189,208,243,243,243,338,338,356,287,287,204,204,238,269,229,229,249,261,276,308,319,319,422,422,437,437,450,450,466,466,499,499,550,550,578,170,190,208,208,208,208,208,79,114,114],"floor_reached":56,"playtime":8201,"items_purged":["Regret","Strike_B","Strike_B"],"score":1306,"play_id":"335ed849-8955-40cd-908c-c2b82894734b","local_time":"20190526172918","is_ascension_mode":true,"campfire_choices":[{"data":"Defragment","floor":6.0,"key":"SMITH"},{"floor":15.0,"key":"REST"},{"floor":32.0,"key":"RECALL"},{"data":"Go for the Eyes","floor":40.0,"key":"SMITH"},{"floor":42.0,"key":"REST"},{"floor":49,"key":"REST"},{"data":"Reinforced Body","floor":52,"key":"SMITH"}],"neow_cost":"NONE","seed_source_timestamp":585397229329029,"circlet_count":0,"master_deck":["Strike_B","Defend_B","Defend_B","Defend_B","Defend_B","Zap","Dualcast","Coolheaded","Go for the Eyes+1","Cold Snap","Defragment+1","Consume","Electrodynamics","Reinforced Body+1","Biased Cognition","Rip and Tear","Seek","BootSequence","Static Discharge","Panacea","Ball Lightning","Self Repair","Ball Lightning+1","Double Energy+1","Multi-Cast","Glacier+1","Skim","Rainbow","Defragment+1","Redo+1","Panache","Defragment","Coolheaded","Loop"],"special_seed":0,"relics":["Cracked Core","Torii","Odd Mushroom","Omamori","Happy Flower","Potion Belt","Nuclear Battery","Pantograph","Red Mask","Ice Cream","Matryoshka","Sozu","Calipers","Regal Pillow","Smiling Mask","Anchor","Art of War","Ginger"],"potions_floor_usage":[48,48,55,55,55],"damage_taken":[{"damage":11.0,"enemies":"Small Slimes","floor":1.0,"turns":4.0},{"damage":3.0,"enemies":"Cultist","floor":3.0,"turns":5.0},{"damage":0.0,"enemies":"2 Louse","floor":5.0,"turns":3.0},{"damage":2.0,"enemies":"The Mushroom Lair","floor":7.0,"turns":5.0},{"damage":10.0,"enemies":"3 Sentries","floor":8.0,"turns":8.0},{"damage":0.0,"enemies":"Exordium Thugs","floor":10.0,"turns":4.0},{"damage":1.0,"enemies":"Blue Slaver","floor":11.0,"turns":3.0},{"damage":1.0,"enemies":"Large Slime","floor":12.0,"turns":4.0},{"damage":1.0,"enemies":"Gremlin Nob","floor":13.0,"turns":3.0},{"damage":7.0,"enemies":"Slime Boss","floor":16.0,"turns":9.0},{"damage":1.0,"enemies":"3 Byrds","floor":18.0,"turns":2.0},{"damage":13.0,"enemies":"Book of Stabbing","floor":23.0,"turns":5.0},{"damage":0.0,"enemies":"Masked Bandits","floor":24.0,"turns":2.0},{"damage":9.0,"enemies":"Shell Parasite","floor":27.0,"turns":3.0},{"damage":0.0,"enemies":"Sentry and Sphere","floor":28.0,"turns":2.0},{"damage":2.0,"enemies":"Cultist and Chosen","floor":29.0,"turns":4.0},{"damage":2.0,"enemies":"Gremlin Leader","floor":30.0,"turns":3.0},{"damage":3.0,"enemies":"Snecko","floor":31.0,"turns":5.0},{"damage":0.0,"enemies":"Automaton","floor":33.0,"turns":9.0},{"damage":1.0,"enemies":"Orb Walker","floor":35.0,"turns":3.0},{"damage":10.0,"enemies":"3 Shapes","floor":37.0,"turns":4.0},{"damage":0.0,"enemies":"3 Darklings","floor":39.0,"turns":3.0},{"damage":37.0,"enemies":"Giant Head","floor":41.0,"turns":8.0},{"damage":21.0,"enemies":"Nemesis","floor":45.0,"turns":7.0},{"damage":31.0,"enemies":"Spire Growth","floor":47.0,"turns":5.0},{"damage":0,"enemies":"Writhing Mass","floor":48,"turns":7},{"damage":66,"enemies":"Awakened One","floor":50,"turns":17},{"damage":26,"enemies":"Shield and Spear","floor":54,"turns":6},{"damage":37,"enemies":"The Heart","floor":55,"turns":17}],"seed_played":"-6668067012481201507","potions_obtained":[{"floor":3.0,"key":"SneckoOil"},{"floor":5.0,"key":"EssenceOfSteel"},{"floor":10.0,"key":"SkillPotion"},{"floor":24.0,"key":"Swift Potion"},{"floor":25.0,"key":"Ancient Potion"},{"floor":25.0,"key":"Swift Potion"},{"floor":25.0,"key":"GamblersBrew"},{"floor":28.0,"key":"Strength Potion"},{"floor":29.0,"key":"FocusPotion"},{"floor":30.0,"key":"FocusPotion"}],"is_trial":false,"path_per_floor":["M","?","M","$","M","R","?","E","T","M","M","M","E","?","R","B",null,"M","$","?","$","?","E","?","?","T","M","M","M","E","M","R","B",null,"M","?","M","$","M","R","E","R","T","?","E","$","M","M","R","B",null,"R","$","E","B",null],"character_chosen":"DEFECT","items_purchased":["Torii","Static Discharge","Panacea","Anchor","Defragment","Art of War","Loop"],"campfire_rested":3,"item_purchase_floors":[4,19,21,46,46,46,53],"current_hp_per_floor":[64,64,61,61,61,61,59,49,49,49,48,47,46,46,68,61,75,74,74,74,74,74,61,61,61,61,52,59,64,69,73,73,75,75,74,74,71,71,71,71,41,63,63,63,49,49,18,25,62,16,75,75,75,56,45],"gold":114,"neow_bonus":"THREE_CARDS","is_prod":false,"is_daily":false,"chose_seed":false,"campfire_upgraded":3,"win_rate":0,"timestamp":1558880958,"path_taken":["M","?","?","$","M","R","?","E","T","M","M","M","E","?","R","BOSS","M","$","?","$","?","E","?","?","T","M","M","M","E","?","R","BOSS","M","?","M","?","M","R","E","R","T","?","E","?","M","M","R","BOSS","R","$","E","BOSS"],"build_version":"2019-01-23","purchased_purges":3,"victory":true,"max_hp_per_floor":[75,75,75,75,75,75,75,75,75,75,75,75,75,75,75,75,75,75,75,75,75,75,75,75,75,75,75,75,75,75,75,75,75,75,75,75,75,75,75,75,75,75,75,75,75,75,75,75,75,75,75,75,75,75,75],"card_choices":[{"not_picked":["Beam Cell","Leap"],"picked":"Coolheaded","floor":0.0},{"not_picked":["Barrage","Beam Cell"],"picked":"Go for the Eyes","floor":1.0},{"not_picked":["Coolheaded","Reinforced Body"],"picked":"Cold Snap","floor":3.0},{"not_picked":["Redo","Go for the Eyes"],"picked":"Defragment","floor":5.0},{"not_picked":["Hello World","Gash"],"picked":"Consume","floor":8.0},{"not_picked":["Gash","Coolheaded"],"picked":"Electrodynamics","floor":10.0},{"not_picked":["Rebound","Reprogram"],"picked":"Reinforced Body","floor":11.0},{"not_picked":["Compile Driver","Turbo"],"picked":"Biased Cognition","floor":12.0},{"not_picked":["Steam","Cold Snap"],"picked":"Rip and Tear","floor":13.0},{"not_picked":["Rainbow","Meteor Strike"],"picked":"Seek","floor":16.0},{"not_picked":["Beam Cell+1","Heatsinks"],"picked":"BootSequence","floor":18.0},{"not_picked":["Ball Lightning","Barrage+1"],"picked":"Self Repair","floor":23.0},{"not_picked":["Steam+1","Force Field"],"picked":"Ball Lightning+1","floor":24.0},{"not_picked":["Auto Shields+1","Gash"],"picked":"Double Energy+1","floor":27.0},{"not_picked":["Rip and Tear","Beam Cell+1"],"picked":"Multi-Cast","floor":28.0},{"not_picked":["Rebound","Gash"],"picked":"Glacier+1","floor":29.0},{"not_picked":["Beam Cell","Genetic Algorithm+1"],"picked":"Skim","floor":30.0},{"not_picked":["Sweeping Beam","Redo","Leap"],"picked":"SKIP","floor":31.0},{"not_picked":["Amplify","Hyperbeam"],"picked":"Rainbow","floor":33.0},{"not_picked":["Go for the Eyes","Scrape","Self Repair"],"picked":"SKIP","floor":35.0},{"not_picked":["Cold Snap+1","Rebound+1","Coolheaded"],"picked":"SKIP","floor":37.0},{"not_picked":["Ball Lightning+1","Leap","Compile Driver"],"picked":"SKIP","floor":39.0},{"not_picked":["Stack","Reboot"],"picked":"Redo+1","floor":41.0},{"not_picked":["Impatience","HandOfGreed"],"picked":"Panache","floor":44.0},{"not_picked":["Ball Lightning","Redo+1","All For One"],"picked":"SKIP","floor":45.0},{"not_picked":["Conserve Battery+1","Consume","Streamline+1"],"picked":"SKIP","floor":47.0},{"not_picked":["Steam+1","Go for the Eyes+1"],"picked":"Coolheaded","floor":48},{"not_picked":["Sweeping Beam+1","Compile Driver+1","Skim"],"picked":"SKIP","floor":54}],"player_experience":836481,"relics_obtained":[{"floor":7.0,"key":"Odd Mushroom"},{"floor":8.0,"key":"Omamori"},{"floor":9.0,"key":"Happy Flower"},{"floor":13.0,"key":"Potion Belt"},{"floor":23.0,"key":"Pantograph"},{"floor":24.0,"key":"Red Mask"},{"floor":26.0,"key":"Ice Cream"},{"floor":30.0,"key":"Matryoshka"},{"floor":41.0,"key":"Calipers"},{"floor":43.0,"key":"Regal Pillow"},{"floor":45.0,"key":"Smiling Mask"},{"floor":54,"key":"Ginger"}],"event_choices":[{"damage_healed":0.0,"max_hp_gain":0.0,"max_hp_loss":0.0,"gold_gain":275.0,"event_name":"Golden Shrine","player_choice":"Desecrate","floor":2.0,"gold_loss":0.0,"damage_taken":0.0,"cards_obtained":["Regret"]},{"damage_healed":0.0,"max_hp_gain":0.0,"max_hp_loss":0.0,"gold_gain":0.0,"event_name":"Mushrooms","player_choice":"Fought Mushrooms","floor":7.0,"gold_loss":0.0,"damage_taken":0.0},{"cards_removed":["Strike_B"],"damage_healed":0.0,"max_hp_gain":0.0,"max_hp_loss":0.0,"gold_gain":0.0,"event_name":"Purifier","player_choice":"Purged","floor":14.0,"gold_loss":0.0,"damage_taken":0.0},{"damage_healed":0.0,"max_hp_gain":0.0,"max_hp_loss":0.0,"gold_gain":0.0,"event_name":"Cursed Tome","player_choice":"Ignored","floor":20.0,"gold_loss":0.0,"damage_taken":0.0},{"damage_healed":0.0,"max_hp_gain":0.0,"max_hp_loss":0.0,"gold_gain":0.0,"event_name":"The Library","player_choice":"Read","floor":22.0,"gold_loss":0.0,"damage_taken":0.0,"cards_obtained":["Ball Lightning"]},{"damage_healed":0.0,"max_hp_gain":0.0,"max_hp_loss":0.0,"gold_gain":0.0,"event_name":"Masked Bandits","player_choice":"Fought Bandits","floor":24.0,"gold_loss":0.0,"damage_taken":0.0},{"damage_healed":0.0,"max_hp_gain":0.0,"max_hp_loss":0.0,"gold_gain":0.0,"event_name":"The Woman in Blue","player_choice":"Bought 3 Potions","floor":25.0,"gold_loss":0.0,"damage_taken":0.0},{"damage_healed":0.0,"max_hp_gain":0.0,"max_hp_loss":0.0,"gold_gain":0.0,"event_name":"Duplicator","player_choice":"Copied","floor":36.0,"gold_loss":0.0,"damage_taken":0.0,"cards_obtained":["Defragment"]},{"damage_healed":0.0,"max_hp_gain":0.0,"max_hp_loss":0.0,"gold_gain":0.0,"event_name":"SensoryStone","player_choice":"Memory 1","floor":44.0,"gold_loss":0.0,"damage_taken":0.0}],"is_beta":false,"boss_relics":[{"not_picked":["Ectoplasm","Snecko Eye"],"picked":"Nuclear Battery"},{"not_picked":["Eternal Feather","FrozenCore"],"picked":"Sozu"}],"items_purged_floors":[4,46,53],"is_endless":false,"potions_floor_spawned":[3,5,10,24,28,29,30,39,41,48],"ascension_level":1}