{"gold_per_floor":[115,130,40,40,40,40,71,89,89,120,120,137,16,16,16,121,121,132,132,147,69,69,69,81,116,116,116],"floor_reached":27,"playtime":1960,"items_purged":["Strike_B"],"score":303,"play_id":"124aeac7-02c6-499d-aa82-d52594f6f435","local_time":"20190308233546","is_ascension_mode":true,"campfire_choices":[{"data":"Go for the Eyes","floor":6.0,"key":"SMITH"},{"floor":15,"key":"REST"},{"data":"Rainbow","floor":23,"key":"SMITH"}],"neow_cost":"NONE","seed_source_timestamp":87942825624948,"circlet_count":0,"master_deck":["Strike_B","Strike_B","Defend_B","Defend_B","Defend_B","Zap","Dualcast","Rainbow+1","Conserve Battery","Rebound+1","Go for the Eyes+1","Genetic Algorithm+1","Cold Snap","Coolheaded","Echo Form+1","Cold Snap","Machine Learning","Sweeping Beam","Reinforced Body","Blizzard","Undo"],"special_seed":0,"relics":["Cracked Core","Meat on the Bone","Pear","Sundial","Inserter","Centennial Puzzle","Bottled Lightning"],"potions_floor_usage":[10,24],"damage_taken":[{"damage":0.0,"enemies":"Cultist","floor":1.0,"turns":3.0},{"damage":3.0,"enemies":"Small Slimes","floor":2.0,"turns":3.0},{"damage":12.0,"enemies":"Gremlin Nob","floor":7.0,"turns":4.0},{"damage":2.0,"enemies":"Jaw Worm","floor":8.0,"turns":2.0},{"damage":7,"enemies":"3 Sentries","floor":10,"turns":7},{"damage":8,"enemies":"Blue Slaver","floor":12,"turns":4},{"damage":0,"enemies":"The Guardian","floor":16,"turns":11},{"damage":1,"enemies":"Spheric Guardian","floor":18,"turns":4},{"damage":4,"enemies":"Shell Parasite","floor":20,"turns":8},{"damage":27,"enemies":"Cultist and Chosen","floor":24,"turns":8},{"damage":40,"enemies":"Gremlin Leader","floor":25,"turns":11},{"damage":35,"enemies":"Centurion and Healer","floor":27,"turns":6}],"seed_played":"-8679546411613484153","potions_obtained":[{"floor":2.0,"key":"Weak Potion"},{"floor":7.0,"key":"Swift Potion"},{"floor":18,"key":"Poison Potion"}],"is_trial":false,"path_per_floor":["M","M","$","?","?","R","E","M","T","E","$","M","$","?","R","B",null,"M","?","M","$","?","R","M","E","T","M"],"character_chosen":"DEFECT","items_purchased":["Go for the Eyes","Genetic Algorithm","Cold Snap","Blizzard"],"campfire_rested":1,"item_purchase_floors":[3,3,13,21],"current_hp_per_floor":[75,72,72,72,72,72,60,58,68,61,61,53,53,36,61,61,85,84,84,80,80,80,80,53,25,25,0],"gold":116,"neow_bonus":"TRANSFORM_CARD","is_prod":false,"is_daily":false,"chose_seed":false,"campfire_upgraded":2,"win_rate":0,"timestamp":1552077346,"path_taken":["M","M","$","?","?","R","E","M","T","E","$","?","$","?","R","BOSS","M","?","M","$","?","R","M","E","T","?"],"build_version":"2019-01-23","purchased_purges":1,"victory":false,"max_hp_per_floor":[75,75,75,75,75,75,75,75,85,85,85,85,85,85,85,85,85,85,85,85,85,85,85,85,85,85,85],"card_choices":[{"not_picked":["Redo","Doom and Gloom"],"picked":"Conserve Battery","floor":1.0},{"not_picked":["Hologram","Lockon"],"picked":"Rebound","floor":2.0},{"not_picked":["Consume","Static Discharge"],"picked":"Cold Snap","floor":7.0},{"not_picked":["Rebound","Sunder"],"picked":"Coolheaded","floor":8},{"not_picked":["Rebound","Lockon","Hologram"],"picked":"SKIP","floor":10},{"not_picked":["Recycle","Reprogram"],"picked":"Echo Form","floor":12},{"not_picked":["Amplify","Buffer"],"picked":"Machine Learning","floor":16},{"not_picked":["Lockon","Auto Shields","Reprogram"],"picked":"SKIP","floor":18},{"not_picked":["Loop","Redo"],"picked":"Reinforced Body","floor":20},{"not_picked":["Cold Snap","Reinforced Body","Double Energy"],"picked":"SKIP","floor":24},{"not_picked":["Hologram+1","Sweeping Beam"],"picked":"Undo","floor":25}],"player_experience":677331,"relics_obtained":[{"floor":7.0,"key":"Meat on the Bone"},{"floor":9,"key":"Pear"},{"floor":10,"key":"Sundial"},{"floor":25,"key":"Centennial Puzzle"},{"floor":26,"key":"Bottled Lightning"}],"event_choices":[{"damage_healed":0.0,"max_hp_gain":0.0,"max_hp_loss":0.0,"gold_gain":0.0,"event_name":"Liars Game","player_choice":"Ignored","floor":4.0,"gold_loss":0.0,"damage_taken":0.0},{"cards_removed":["Defend_B"],"damage_healed":0.0,"max_hp_gain":0.0,"max_hp_loss":0.0,"gold_gain":0.0,"event_name":"Purifier","player_choice":"Purged","floor":5.0,"gold_loss":0.0,"damage_taken":0.0},{"damage_healed":0,"gold_gain":0,"player_choice":"Entered Light","damage_taken":17,"max_hp_gain":0,"max_hp_loss":0,"event_name":"Shining Light","floor":14,"gold_loss":0,"cards_upgraded":["Genetic Algorithm","Rebound"]},{"damage_healed":0,"gold_gain":0,"player_choice":"Read","damage_taken":0,"max_hp_gain":0,"max_hp_loss":0,"event_name":"The Library","floor":19,"gold_loss":0,"cards_obtained":["Sweeping Beam"]},{"damage_healed":0,"gold_gain":0,"player_choice":"Forge","damage_taken":0,"max_hp_gain":0,"max_hp_loss":0,"event_name":"Accursed Blacksmith","floor":22,"gold_loss":0,"cards_upgraded":["Echo Form"]}],"is_beta":false,"boss_relics":[{"not_picked":["Busted Crown","Nuclear Battery"],"picked":"Inserter"}],"items_purged_floors":[13],"is_endless":false,"potions_floor_spawned":[2,7,18],"killed_by":"Centurion and Healer","ascension_level":1}