{"gold_per_floor":[109,109,41,61,11,40,40,40,40,40,59,72,0,11,11,115,115,131,131,131,147,163,163,163],"floor_reached":24,"playtime":747,"items_purged":[],"score":265,"play_id":"28806738-1922-4174-85ff-a9740e9f8a01","local_time":"20190417223434","is_ascension_mode":true,"campfire_choices":[{"floor":8,"key":"REST"},{"data":"Noxious Fumes","floor":10,"key":"SMITH"},{"floor":15,"key":"REST"},{"floor":23,"key":"REST"}],"neow_cost":"NONE","seed_source_timestamp":501660888691682,"circlet_count":0,"master_deck":["Defend_G","Defend_G","Defend_G","Defend_G","Defend_G","Strike_G","Strike_G","Strike_G","Strike_G","Strike_G","Survivor","Neutralize","Accuracy","Dagger Spray","Noxious Fumes+1","Blade Dance","Bane","Poisoned Stab","Prepared","Well Laid Plans","Backflip","Corpse Explosion","Catalyst","Decay","Setup","PiercingWail+1"],"relics":["Ring of the Snake","Matryoshka","Mummified Hand","Kunai","Sozu","Blood Vial","Darkstone Periapt"],"potions_floor_usage":[6,7,14,21],"damage_taken":[{"damage":8,"enemies":"Jaw Worm","floor":1,"turns":5},{"damage":0,"enemies":"Cultist","floor":4,"turns":4},{"damage":29,"enemies":"3 Sentries","floor":6,"turns":7},{"damage":0,"enemies":"The Mushroom Lair","floor":7,"turns":2},{"damage":2,"enemies":"2 Louse","floor":11,"turns":3},{"damage":4,"enemies":"Exordium Thugs","floor":12,"turns":4},{"damage":10,"enemies":"Lots of Slimes","floor":14,"turns":3},{"damage":15,"enemies":"The Guardian","floor":16,"turns":10},{"damage":24,"enemies":"2 Thieves","floor":18,"turns":3},{"damage":11,"enemies":"Spheric Guardian","floor":21,"turns":4},{"damage":11,"enemies":"3 Cultists","floor":22,"turns":3},{"damage":21,"enemies":"Slavers","floor":24,"turns":3}],"seed_played":"3968154873560374499","potions_obtained":[{"floor":2,"key":"SmokeBomb"},{"floor":2,"key":"Energy Potion"},{"floor":2,"key":"Swift Potion"},{"floor":12,"key":"FearPotion"},{"floor":16,"key":"Ancient Potion"}],"is_trial":false,"path_per_floor":["M","?","$","M","$","E","?","R","T","R","M","M","$","M","R","B",null,"M","T","?","M","M","R","E"],"character_chosen":"THE_SILENT","items_purchased":["Noxious Fumes","Bane","GhostInAJar"],"campfire_rested":3,"item_purchase_floors":[3,5,13],"current_hp_per_floor":[55,55,55,55,55,26,26,47,47,47,45,41,41,31,52,37,62,38,38,44,35,26,48,29],"gold":163,"neow_bonus":"THREE_CARDS","is_prod":false,"is_daily":false,"chose_seed":false,"campfire_upgraded":1,"win_rate":0,"timestamp":1555511674,"path_taken":["M","?","$","?","$","E","?","R","T","R","M","M","?","?","R","BOSS","M","?","?","M","?","R","E"],"build_version":"2019-01-23","purchased_purges":0,"victory":false,"max_hp_per_floor":[70,70,70,70,70,70,70,70,70,70,70,70,70,70,70,70,70,70,70,76,76,76,76,76],"card_choices":[{"not_picked":["Concentrate","Escape Plan"],"picked":"Accuracy","floor":0},{"not_picked":["Outmaneuver","Backflip"],"picked":"Dagger Spray","floor":1},{"not_picked":["Bane","PiercingWail"],"picked":"Blade Dance","floor":4},{"not_picked":["Accuracy","Grand Finale"],"picked":"Poisoned Stab","floor":6},{"not_picked":["Underhanded Strike","Dagger Spray"],"picked":"Prepared","floor":11},{"not_picked":["Outmaneuver","Eviscerate"],"picked":"Well Laid Plans","floor":12},{"not_picked":["Quick Slash","Dagger Throw"],"picked":"Backflip","floor":14},{"not_picked":["Die Die Die","Wraith Form v2"],"picked":"Corpse Explosion","floor":16},{"not_picked":["Deflect+1","Caltrops+1"],"picked":"Catalyst","floor":18},{"not_picked":["Sucker Punch","Bane+1"],"picked":"Setup","floor":21},{"not_picked":["Underhanded Strike","Catalyst"],"picked":"PiercingWail+1","floor":22}],"player_experience":794976,"relics_obtained":[{"floor":6,"key":"Matryoshka"},{"floor":9,"key":"Mummified Hand"},{"floor":9,"key":"Kunai"},{"floor":19,"key":"Blood Vial"},{"floor":19,"key":"Darkstone Periapt"}],"event_choices":[{"damage_healed":0,"gold_gain":0,"player_choice":"Got Potions","damage_taken":0,"max_hp_gain":0,"max_hp_loss":0,"event_name":"Lab","floor":2,"gold_loss":0},{"damage_healed":0,"gold_gain":0,"player_choice":"Fought Mushrooms","damage_taken":0,"max_hp_gain":0,"max_hp_loss":0,"event_name":"Mushrooms","floor":7,"gold_loss":0},{"damage_healed":0,"gold_gain":0,"player_choice":"Smashed Altar","damage_taken":0,"max_hp_gain":0,"max_hp_loss":0,"event_name":"Forgotten Altar","floor":20,"gold_loss":0,"cards_obtained":["Decay"]}],"is_beta":false,"boss_relics":[{"not_picked":["Runic Dome","Black Star"],"picked":"Sozu"}],"items_purged_floors":[],"is_endless":false,"potions_floor_spawned":[7,12,16,18],"killed_by":"Slavers","ascension_level":7}