{"gold_per_floor":[215,232,232,21,196,15,15,15,39,39,39,39,55,93,93,184,184,124,124,124,0,0,0,0,0,0,0,0,0,0,0,0,0,0,0,0,0,0,0,0,0,0,0,0,0,0,0,0,0,0,0,0,0,0,0],"floor_reached":56,"playtime":8086,"items_purged":["Strike_G","Doubt"],"score":1916,"play_id":"46e93ed8-a040-42be-a68f-583536e60269","local_time":"20190405005850","is_ascension_mode":true,"campfire_choices":[{"data":"Noxious Fumes","floor":7.0,"key":"SMITH"},{"data":"Neutralize","floor":10.0,"key":"SMITH"},{"data":"Well Laid Plans","floor":12.0,"key":"SMITH"},{"floor":15.0,"key":"REST"},{"data":"A Thousand Cuts","floor":23.0,"key":"SMITH"},{"data":"Ghostly","floor":27.0,"key":"SMITH"},{"data":"Ghostly","floor":29.0,"key":"SMITH"},{"floor":32.0,"key":"REST"},{"data":"Night Terror","floor":41.0,"key":"SMITH"},{"floor":47.0,"key":"REST"},{"floor":49.0,"key":"RECALL"},{"data":"Catalyst","floor":52,"key":"SMITH"}],"neow_cost":"NONE","seed_source_timestamp":0,"circlet_count":0,"master_deck":["AscendersBane","Defend_G","Defend_G","Defend_G","Defend_G","Defend_G","Strike_G","Survivor","Neutralize+1","Backflip","Quick Slash","Noxious Fumes+1","Dodge and Roll","Deflect","Well Laid Plans+1","Poisoned Stab","Dodge and Roll","A Thousand Cuts+1","Deadly Poison","Ghostly+1","Ghostly+1","Ghostly","Ghostly","Ghostly","Poisoned Stab","Cloak And Dagger","Dagger Throw","PiercingWail","Catalyst+1","Night Terror+1","PiercingWail","Blade Dance+1","Acrobatics+1","Envenom","Caltrops+1"],"special_seed":0,"relics":["Ring of the Snake","Bloody Idol","Bronze Scales","Pocketwatch","Ectoplasm","WingedGreaves","Tough Bandages","Ancient Tea Set","Snake Skull","Empty Cage","Shovel","Smiling Mask","Mummified Hand","Old Coin","Frozen Egg 2","Happy Flower"],"potions_floor_usage":[50,50],"damage_taken":[{"damage":0.0,"enemies":"2 Louse","floor":1.0,"turns":4.0},{"damage":8.0,"enemies":"Jaw Worm","floor":2.0,"turns":8.0},{"damage":0.0,"enemies":"Small Slimes","floor":13.0,"turns":4.0},{"damage":27.0,"enemies":"Gremlin Nob","floor":14.0,"turns":5.0},{"damage":47.0,"enemies":"Slime Boss","floor":16.0,"turns":11.0},{"damage":13.0,"enemies":"2 Thieves","floor":18.0,"turns":4.0},{"damage":1.0,"enemies":"Spheric Guardian","floor":22.0,"turns":6.0},{"damage":5.0,"enemies":"Book of Stabbing","floor":25.0,"turns":5.0},{"damage":15.0,"enemies":"Snake Plant","floor":28.0,"turns":4.0},{"damage":1.0,"enemies":"Gremlin Leader","floor":30.0,"turns":8.0},{"damage":3.0,"enemies":"Snecko","floor":31.0,"turns":7.0},{"damage":6.0,"enemies":"Automaton","floor":33.0,"turns":10.0},{"damage":0.0,"enemies":"3 Darklings","floor":35.0,"turns":5.0},{"damage":2.0,"enemies":"3 Shapes","floor":36.0,"turns":4.0},{"damage":2.0,"enemies":"Jaw Worm Horde","floor":37.0,"turns":4.0},{"damage":2.0,"enemies":"4 Shapes","floor":39.0,"turns":7.0},{"damage":0.0,"enemies":"Nemesis","floor":40.0,"turns":9.0},{"damage":4.0,"enemies":"Reptomancer","floor":42.0,"turns":9.0},{"damage":1.0,"enemies":"Maw","floor":44.0,"turns":5.0},{"damage":26.0,"enemies":"2 Orb Walkers","floor":45.0,"turns":6.0},{"damage":2,"enemies":"Donu and Deca","floor":50,"turns":11},{"damage":1,"enemies":"Shield and Spear","floor":54,"turns":8},{"damage":17,"enemies":"The Heart","floor":55,"turns":8}],"seed_played":"-947715137449532033","potions_obtained":[{"floor":13.0,"key":"EssenceOfSteel"},{"floor":14.0,"key":"LiquidBronze"},{"floor":18.0,"key":"Swift Potion"},{"floor":25.0,"key":"GhostInAJar"},{"floor":36.0,"key":"Energy Potion"},{"floor":42.0,"key":"Poison Potion"}],"is_trial":false,"path_per_floor":["M","M","?","$","?","$","R","?","T","R","T","R","M","E","R","B",null,"M","?","?","?","M","R","T","E","T","R","M","R","E","M","R","B",null,"M","M","M","?","M","E","R","E","T","M","?","?","R","T","R","B",null,"R","$","E","B",null],"character_chosen":"THE_SILENT","items_purchased":["Noxious Fumes","Dodge and Roll","Deflect","Well Laid Plans"],"campfire_rested":3,"item_purchase_floors":[4,4,4,6],"current_hp_per_floor":[63,55,55,55,55,55,55,60,60,60,60,60,60,33,54,7,54,41,41,35,35,34,34,34,29,29,29,14,14,13,10,20,14,30,30,28,26,35,33,33,33,29,29,28,2,2,12,12,12,10,29,29,29,28,11],"gold":0,"neow_bonus":"HUNDRED_GOLD","is_prod":false,"is_daily":false,"chose_seed":false,"campfire_upgraded":8,"win_rate":0,"timestamp":1554440330,"path_taken":["M","M","?","$","?","$","R","?","T","R","?","R","?","E","R","BOSS","M","?","?","?","M","R","?","E","T","R","M","R","E","?","R","BOSS","M","M","M","?","?","E","R","E","T","M","?","?","R","?","R","BOSS","R","$","E","BOSS"],"build_version":"2019-01-23","purchased_purges":2,"victory":true,"max_hp_per_floor":[70,70,65,65,65,65,65,70,70,70,70,70,70,70,70,70,70,70,70,35,35,35,35,35,35,35,35,35,35,35,35,35,35,35,35,35,35,35,35,35,35,35,35,35,35,35,35,35,35,35,35,35,35,35,35],"card_choices":[{"not_picked":["Acrobatics","Underhanded Strike"],"picked":"Backflip","floor":1.0},{"not_picked":["Choke","Outmaneuver"],"picked":"Quick Slash","floor":2.0},{"not_picked":["Wraith Form v2","Dash"],"picked":"Poisoned Stab","floor":13.0},{"not_picked":["Acrobatics","Quick Slash"],"picked":"Dodge and Roll","floor":14.0},{"not_picked":["Doppelganger","After Image"],"picked":"A Thousand Cuts","floor":16.0},{"not_picked":["Prepared+1","Bane"],"picked":"Deadly Poison","floor":18.0},{"not_picked":["Endless Agony+1","Finisher"],"picked":"Poisoned Stab","floor":22.0},{"not_picked":["Heel Hook","Backflip"],"picked":"Cloak And Dagger","floor":25.0},{"not_picked":["Underhanded Strike","Reflex"],"picked":"Dagger Throw","floor":28.0},{"not_picked":["Deadly Poison","Phantasmal Killer"],"picked":"PiercingWail","floor":30.0},{"not_picked":["Sucker Punch","Heel Hook"],"picked":"Catalyst","floor":31.0},{"not_picked":["Burst","Adrenaline"],"picked":"Night Terror","floor":33.0},{"not_picked":["Distraction+1","Masterful Stab"],"picked":"PiercingWail","floor":35.0},{"not_picked":["Dagger Spray","Accuracy"],"picked":"Escape Plan","floor":36.0},{"not_picked":["Underhanded Strike","Finisher","Poisoned Stab"],"picked":"SKIP","floor":37.0},{"not_picked":["Poisoned Stab","Sucker Punch"],"picked":"Blade Dance+1","floor":39.0},{"not_picked":["Concentrate+1","Distraction"],"picked":"Acrobatics+1","floor":40.0},{"not_picked":["Poisoned Stab+1","Dagger Spray"],"picked":"Envenom","floor":42.0},{"not_picked":["Finisher","Cloak And Dagger","Sucker Punch+1"],"picked":"SKIP","floor":44.0},{"not_picked":["Deflect","Outmaneuver+1"],"picked":"Caltrops+1","floor":54}],"player_experience":2069643,"relics_obtained":[{"floor":9.0,"key":"Bronze Scales"},{"floor":14.0,"key":"Pocketwatch"},{"floor":24.0,"key":"WingedGreaves"},{"floor":25.0,"key":"Tough Bandages"},{"floor":26.0,"key":"Ancient Tea Set"},{"floor":30.0,"key":"Snake Skull"},{"floor":40.0,"key":"Shovel"},{"floor":42.0,"key":"Smiling Mask"},{"floor":43.0,"key":"Mummified Hand"},{"floor":45.0,"key":"Old Coin"},{"floor":48.0,"key":"Frozen Egg 2"},{"floor":54,"key":"Happy Flower"}],"event_choices":[{"damage_healed":0.0,"max_hp_gain":0.0,"max_hp_loss":5.0,"gold_gain":0.0,"event_name":"Golden Idol","player_choice":"Lose Max HP","floor":3.0,"gold_loss":0.0,"damage_taken":0.0,"relics_obtained":["Golden Idol"]},{"damage_healed":0.0,"max_hp_gain":0.0,"max_hp_loss":0.0,"gold_gain":175.0,"event_name":"Liars Game","player_choice":"AGREE","floor":5.0,"gold_loss":0.0,"damage_taken":0.0,"cards_obtained":["Doubt"]},{"damage_healed":0.0,"max_hp_gain":5.0,"max_hp_loss":0.0,"gold_gain":0.0,"event_name":"Big Fish","player_choice":"Donut","floor":8.0,"gold_loss":0.0,"damage_taken":0.0},{"damage_healed":0.0,"max_hp_gain":0.0,"max_hp_loss":0.0,"gold_gain":0.0,"event_name":"Forgotten Altar","player_choice":"Gave Idol","floor":19.0,"relics_lost":["Golden Idol"],"gold_loss":0.0,"damage_taken":0.0,"relics_obtained":["Bloody Idol"]},{"damage_healed":0.0,"max_hp_gain":0.0,"max_hp_loss":35.0,"gold_gain":0.0,"event_name":"Ghosts","player_choice":"Became a Ghost","floor":20.0,"gold_loss":0.0,"damage_taken":0.0,"cards_obtained":["Ghostly","Ghostly","Ghostly","Ghostly","Ghostly"]},{"damage_healed":0.0,"max_hp_gain":0.0,"max_hp_loss":0.0,"gold_gain":0.0,"event_name":"Masked Bandits","player_choice":"Paid Fearfully","floor":21.0,"gold_loss":124.0,"damage_taken":0.0},{"cards_removed":["Escape Plan"],"damage_healed":9.0,"max_hp_gain":0.0,"max_hp_loss":0.0,"gold_gain":0.0,"event_name":"Bonfire Elementals","player_choice":"Offered Uncommon","floor":38.0,"gold_loss":0.0,"damage_taken":0.0},{"damage_healed":0.0,"max_hp_gain":0.0,"max_hp_loss":0.0,"gold_gain":0.0,"event_name":"Mysterious Sphere","player_choice":"Fight","floor":45.0,"gold_loss":0.0,"damage_taken":0.0},{"cards_removed":["Strike_G"],"damage_healed":0.0,"max_hp_gain":0.0,"max_hp_loss":0.0,"gold_gain":0.0,"event_name":"Falling","player_choice":"Removed Attack","floor":46.0,"gold_loss":0.0,"damage_taken":0.0}],"is_beta":false,"boss_relics":[{"not_picked":["Black Star","Lizard Tail"],"picked":"Ectoplasm"},{"not_picked":["WristBlade","Calling Bell"],"picked":"Empty Cage"}],"items_purged_floors":[4,6],"is_endless":false,"potions_floor_spawned":[13,14,18,22,25,28,36,42],"ascension_level":13}