{"gold_per_floor":[219,319,337,337,35,65,17,17,44,78,89,89,109,127,127,223,223,233,248,265,265,265,265,126,137,137,137,150,150,166,166,166,266,266,276,276,1275,1275,694,694,727,321,321,321,355,10,45,0,0,0],"floor_reached":51,"playtime":4016,"items_purged":["Normality","Pain","Regret"],"score":814,"play_id":"cdd4af43-1b7f-4d00-aa41-b1fb629ba7f8","local_time":"20190531212514","is_ascension_mode":false,"campfire_choices":[{"floor":8,"key":"DIG"},{"data":"Exhume","floor":12,"key":"SMITH"},{"data":"Disarm","floor":15,"key":"SMITH"},{"floor":23,"key":"DIG"},{"floor":27,"key":"DIG"},{"floor":29,"key":"DIG"},{"floor":32,"key":"DIG"},{"data":"Demon Form","floor":40,"key":"SMITH"},{"floor":44,"key":"REST"},{"floor":49,"key":"REST"}],"neow_cost":"NONE","seed_source_timestamp":1162600025691836,"circlet_count":0,"master_deck":["Strike_R","Strike_R","Strike_R","Defend_R","Defend_R","Defend_R","Defend_R","Bash","Disarm+1","Evolve","Inflame","Exhume+1","Iron Wave","Bludgeon","Dark Embrace","Heavy Blade+1","Whirlwind","Metallicize","Bludgeon","Shockwave","Clothesline+1","Disarm","Offering","Body Slam","Demon Form+1","Heavy Blade","Fiend Fire","Metallicize+1","Shrug It Off"],"relics":["Burning Blood","Shovel","Blood Vial","Bag of Preparation","Ancient Tea Set","Vajra","Cursed Key","Orichalcum","Question Card","Ginger","Omamori","Juzu Bracelet","Mark of Pain","Membership Card","Gambling Chip","Singing Bowl","Smiling Mask","Frozen Egg 2","OrangePellets","Dodecahedron","Bronze Scales","Sling","Strawberry","Anchor","The Courier","Red Mask"],"potions_floor_usage":[6,6,10,20,33,33,41,41],"damage_taken":[{"damage":5,"enemies":"Jaw Worm","floor":1,"turns":5},{"damage":1,"enemies":"Cultist","floor":3,"turns":3},{"damage":13,"enemies":"Gremlin Nob","floor":6,"turns":4},{"damage":29,"enemies":"3 Sentries","floor":10,"turns":9},{"damage":8,"enemies":"Small Slimes","floor":11,"turns":4},{"damage":1,"enemies":"Looter","floor":13,"turns":4},{"damage":2,"enemies":"2 Fungi Beasts","floor":14,"turns":6},{"damage":6,"enemies":"Hexaghost","floor":16,"turns":10},{"damage":8,"enemies":"3 Byrds","floor":18,"turns":7},{"damage":5,"enemies":"Chosen","floor":19,"turns":6},{"damage":5,"enemies":"Snecko","floor":20,"turns":5},{"damage":0,"enemies":"Cultist and Chosen","floor":25,"turns":5},{"damage":3,"enemies":"Centurion and Healer","floor":28,"turns":5},{"damage":4,"enemies":"Snecko","floor":30,"turns":2},{"damage":68,"enemies":"Automaton","floor":33,"turns":10},{"damage":21,"enemies":"3 Darklings","floor":35,"turns":5},{"damage":46,"enemies":"Reptomancer","floor":41,"turns":6},{"damage":6,"enemies":"Giant Head","floor":45,"turns":5},{"damage":26,"enemies":"Reptomancer","floor":47,"turns":7},{"damage":67,"enemies":"Awakened One","floor":50,"turns":10}],"seed_played":"5971227302173910556","potions_obtained":[{"floor":1,"key":"Block Potion"},{"floor":3,"key":"AttackPotion"},{"floor":6,"key":"PowerPotion"},{"floor":11,"key":"Weak Potion"},{"floor":20,"key":"EssenceOfSteel"},{"floor":33,"key":"Regen Potion"},{"floor":41,"key":"Dexterity Potion"},{"floor":45,"key":"SpeedPotion"}],"is_trial":false,"path_per_floor":["M","?","M","?","$","E","$","R","T","E","M","R","M","M","R","B",null,"M","M","M","?","?","R","$","M","T","R","M","R","M","?","R","B",null,"M","?","?","?","$","R","E","$","T","R","E","$","E","?","R","B",null],"character_chosen":"IRONCLAD","items_purchased":["Shovel","PowerPotion","Bludgeon","Shockwave","Membership Card","Gambling Chip","Singing Bowl","PowerPotion","LiquidBronze","Frozen Egg 2","OrangePellets","Dodecahedron","Shrug It Off","Sling","Strawberry","Anchor","Energy Potion"],"campfire_rested":2,"item_purchase_floors":[5,7,24,24,39,39,39,39,39,42,42,42,46,46,46,46,46],"current_hp_per_floor":[80,80,80,80,80,73,73,73,73,52,52,52,59,65,65,67,80,78,80,80,80,65,65,65,73,73,73,78,78,82,82,82,22,85,70,85,85,85,85,85,45,45,45,70,72,79,63,63,91,32],"gold":0,"neow_bonus":"HUNDRED_GOLD","is_prod":false,"is_daily":false,"chose_seed":false,"campfire_upgraded":3,"win_rate":0,"timestamp":1559363114,"path_taken":["M","?","?","?","?","E","$","R","T","E","?","R","M","M","R","BOSS","M","M","M","?","?","R","$","M","T","R","M","R","M","?","R","BOSS","M","?","?","?","$","R","E","$","T","R","E","$","E","?","R","BOSS"],"build_version":"2019-01-23","purchased_purges":3,"victory":true,"max_hp_per_floor":[80,80,80,80,80,80,80,80,80,80,80,80,80,80,80,80,80,80,80,80,80,85,85,85,85,85,85,85,85,85,85,85,85,85,85,85,85,85,85,85,85,85,85,85,85,92,94,94,94,94],"card_choices":[{"not_picked":["Fire Breathing","Perfected Strike"],"picked":"Disarm","floor":1},{"not_picked":["Cleave","Battle Trance"],"picked":"Evolve","floor":3},{"not_picked":["Perfected Strike","Thunderclap","Blood for Blood"],"picked":"SKIP","floor":6},{"not_picked":["Reckless Charge","Pommel Strike"],"picked":"Exhume","floor":10},{"not_picked":["Wild Strike","Anger"],"picked":"Iron Wave","floor":11},{"not_picked":["Entrench","Headbutt","Anger"],"picked":"SKIP","floor":13},{"not_picked":["Bloodletting","Perfected Strike"],"picked":"Bludgeon","floor":14},{"not_picked":["Impervious","Bludgeon"],"picked":"Dark Embrace","floor":16},{"not_picked":["Headbutt","Fire Breathing+1"],"picked":"Heavy Blade+1","floor":18},{"not_picked":["Sword Boomerang","Heavy Blade+1"],"picked":"Whirlwind","floor":19},{"not_picked":["Thunderclap","Warcry","Seeing Red"],"picked":"SKIP","floor":20},{"not_picked":["Twin Strike","Anger"],"picked":"Clothesline+1","floor":25},{"not_picked":["Sword Boomerang+1","Battle Trance","Seeing Red"],"picked":"Disarm","floor":28},{"not_picked":["Pommel Strike","Shockwave","Warcry"],"picked":"Offering","floor":30},{"not_picked":["Offering","Barricade","Brutality"],"picked":"Demon Form","floor":33},{"not_picked":["Iron Wave","Perfected Strike","Twin Strike+1"],"picked":"Heavy Blade","floor":35},{"not_picked":["Cleave+1","Heavy Blade+1","Iron Wave"],"picked":"Fiend Fire","floor":41},{"not_picked":["Shockwave","Anger","Flex+1"],"picked":"Metallicize+1","floor":45},{"not_picked":["Rampage","Infernal Blade+1","Warcry","Dropkick+1"],"picked":"Singing Bowl","floor":47}],"player_experience":155965,"relics_obtained":[{"floor":6,"key":"Blood Vial"},{"floor":8,"key":"Bag of Preparation"},{"floor":9,"key":"Ancient Tea Set"},{"floor":10,"key":"Vajra"},{"floor":23,"key":"Orichalcum"},{"floor":26,"key":"Question Card"},{"floor":27,"key":"Ginger"},{"floor":29,"key":"Omamori"},{"floor":32,"key":"Juzu Bracelet"},{"floor":41,"key":"Smiling Mask"},{"floor":45,"key":"Bronze Scales"},{"floor":47,"key":"The Courier"}],"event_choices":[{"damage_healed":0,"gold_gain":100,"player_choice":"Pray","damage_taken":0,"max_hp_gain":0,"max_hp_loss":0,"event_name":"Golden Shrine","floor":2,"gold_loss":0},{"damage_healed":0,"gold_gain":0,"cards_transformed":["Strike_R"],"player_choice":"Transformed","damage_taken":0,"max_hp_gain":0,"max_hp_loss":0,"event_name":"Transmorgrifier","floor":4,"gold_loss":0,"cards_obtained":["Inflame"]},{"damage_healed":0,"gold_gain":0,"player_choice":"Read","damage_taken":0,"max_hp_gain":0,"max_hp_loss":0,"event_name":"The Library","floor":21,"gold_loss":0,"cards_obtained":["Metallicize"]},{"damage_healed":0,"gold_gain":0,"player_choice":"Shed Blood","damage_taken":20,"max_hp_gain":5,"max_hp_loss":0,"event_name":"Forgotten Altar","floor":22,"gold_loss":0},{"damage_healed":0,"gold_gain":0,"cards_transformed":["Strike_R"],"player_choice":"Transformed","damage_taken":0,"max_hp_gain":0,"max_hp_loss":0,"event_name":"Transmorgrifier","floor":31,"gold_loss":0,"cards_obtained":["Body Slam"]},{"damage_healed":21,"gold_gain":0,"player_choice":"Writhe","damage_taken":0,"max_hp_gain":0,"max_hp_loss":0,"event_name":"Winding Halls","floor":36,"gold_loss":0,"cards_obtained":["Writhe"]},{"damage_healed":0,"gold_gain":999,"player_choice":"Gold","damage_taken":0,"max_hp_gain":0,"max_hp_loss":0,"event_name":"MindBloom","floor":37,"gold_loss":0,"cards_obtained":["Normality","Normality"]},{"damage_healed":0,"gold_gain":0,"player_choice":"Ignored","damage_taken":0,"max_hp_gain":0,"max_hp_loss":0,"event_name":"Mysterious Sphere","floor":38,"gold_loss":0},{"damage_healed":0,"gold_gain":0,"player_choice":"Paid","damage_taken":0,"relics_obtained":["Red Mask"],"max_hp_gain":0,"max_hp_loss":0,"event_name":"Tomb of Lord Red Mask","floor":48,"gold_loss":45}],"is_beta":false,"boss_relics":[{"not_picked":["Velvet Choker","Runic Cube"],"picked":"Cursed Key"},{"not_picked":["Calling Bell","Runic Pyramid"],"picked":"Mark of Pain"}],"items_purged_floors":[39,42,46],"is_endless":false,"potions_floor_spawned":[1,3,6,11,20,33,41,45],"ascension_level":0}