{"gold_per_floor":[117,15,84,103,121,146,146,173,224,224,224,235,2,19,19,19],"floor_reached":16,"playtime":1602,"items_purged":[],"score":187,"play_id":"08d9882c-90c5-4595-93cb-80b588b5882a","local_time":"20190428211253","is_ascension_mode":true,"campfire_choices":[{"data":"Whirlwind","floor":7.0,"key":"SMITH"},{"floor":10.0,"key":"REST"},{"data":"True Grit","floor":15.0,"key":"SMITH"}],"neow_cost":"NONE","seed_source_timestamp":0,"circlet_count":0,"master_deck":["AscendersBane","Strike_R","Strike_R","Strike_R","Strike_R","Strike_R","Defend_R","Defend_R","Defend_R","Defend_R","Bash+1","Headbutt","Whirlwind+1","Reckless Charge","Ghostly Armor","Limit Break+1","True Grit+1","Corruption","Uppercut"],"special_seed":0,"relics":["Burning Blood","Dodecahedron","Juzu Bracelet","Bag of Preparation","Frozen Eye"],"potions_floor_usage":[],"damage_taken":[{"damage":1.0,"enemies":"Cultist","floor":1.0,"turns":4.0},{"damage":7.0,"enemies":"Jaw Worm","floor":4.0,"turns":3.0},{"damage":2.0,"enemies":"2 Louse","floor":5.0,"turns":2.0},{"damage":23.0,"enemies":"3 Sentries","floor":6.0,"turns":4.0},{"damage":53.0,"enemies":"Lagavulin","floor":8.0,"turns":8.0},{"damage":8.0,"enemies":"Lots of Slimes","floor":12.0,"turns":3.0},{"damage":10.0,"enemies":"Looter","floor":14.0,"turns":4.0},{"damage":46,"enemies":"Hexaghost","floor":16,"turns":9}],"seed_played":"4971715262448131353","potions_obtained":[{"floor":5.0,"key":"EssenceOfSteel"},{"floor":6.0,"key":"FairyPotion"},{"floor":8.0,"key":"EssenceOfSteel"}],"is_trial":false,"path_per_floor":["M","$","?","M","M","E","R","E","T","R","?","M","$","M","R","B"],"character_chosen":"IRONCLAD","items_purchased":["Fruit Juice","Corruption","Frozen Eye"],"campfire_rested":1,"item_purchase_floors":[2,13,13],"current_hp_per_floor":[73,78,78,77,80,63,63,16,16,40,40,38,38,34,34,0],"gold":19,"neow_bonus":"UPGRADE_CARD","is_prod":false,"is_daily":false,"chose_seed":false,"campfire_upgraded":2,"win_rate":0,"timestamp":1556511173,"path_taken":["M","$","?","M","M","E","R","E","T","R","?","M","?","M","R","BOSS"],"build_version":"2019-01-23","purchased_purges":0,"victory":false,"max_hp_per_floor":[75,80,80,80,80,80,80,80,80,80,80,80,80,80,80,80],"card_choices":[{"not_picked":["Rupture","Twin Strike"],"picked":"Headbutt","floor":1.0},{"not_picked":["Power Through","Headbutt"],"picked":"Whirlwind","floor":4.0},{"not_picked":["Armaments","Flex"],"picked":"Reckless Charge","floor":5.0},{"not_picked":["Heavy Blade","Bloodletting"],"picked":"Ghostly Armor","floor":6.0},{"not_picked":["Combust","Flex"],"picked":"Limit Break","floor":8.0},{"not_picked":["Reckless Charge","Entrench"],"picked":"True Grit","floor":12.0},{"not_picked":["Hemokinesis","Warcry"],"picked":"Uppercut","floor":14.0}],"player_experience":433351,"relics_obtained":[{"floor":6.0,"key":"Dodecahedron"},{"floor":8.0,"key":"Juzu Bracelet"},{"floor":9.0,"key":"Bag of Preparation"}],"event_choices":[{"damage_healed":0.0,"max_hp_gain":0.0,"max_hp_loss":0.0,"gold_gain":69.0,"event_name":"Golden Wing","player_choice":"Gained Gold","floor":3.0,"gold_loss":0.0,"damage_taken":0.0},{"damage_healed":0.0,"max_hp_gain":0.0,"max_hp_loss":0.0,"gold_gain":0.0,"event_name":"Living Wall","player_choice":"Grow","floor":11.0,"gold_loss":0.0,"damage_taken":0.0,"cards_upgraded":["Limit Break"]}],"is_beta":false,"boss_relics":[],"items_purged_floors":[],"is_endless":false,"potions_floor_spawned":[5,6,8],"killed_by":"Hexaghost","ascension_level":14}