{"gold_per_floor":[111,76,76,95,18,18,48,48,48,76,76,94,123,138,138,241,241,260,270,281,298,379,411,411,422,472,472,483,511,537,549,549,650,650,661,611,711,711,726,759,759,778,778,778,793,818,837,848,848,848,848,848,354,386,386],"floor_reached":55,"playtime":1414,"items_purged":["Reckless Charge"],"score":839,"play_id":"d8d2abdc-b95d-47d2-95b4-543286ab5c27","local_time":"20190403191336","is_ascension_mode":false,"campfire_choices":[{"data":"Rampage","floor":6.0,"key":"SMITH"},{"data":"Whirlwind","floor":11.0,"key":"SMITH"},{"data":"Bash","floor":15.0,"key":"SMITH"},{"data":"Offering","floor":24.0,"key":"SMITH"},{"floor":27.0,"key":"REST"},{"floor":32.0,"key":"REST"},{"floor":44.0,"key":"RECALL"},{"floor":49.0,"key":"REST"},{"floor":52,"key":"REST"}],"neow_cost":"NONE","seed_source_timestamp":0,"circlet_count":0,"master_deck":["Bash+1","Rampage+1","Whirlwind+1","Offering+1","Double Tap+1","Seeing Red+1","Exhume+1"],"special_seed":0,"relics":["Pandora\u0027s Box","Sundial","Kunai","FossilizedHelix","Vajra","Philosopher\u0027s Stone","Toxic Egg 2","Centennial Puzzle","Smiling Mask","Pantograph","Red Mask","Calling Bell","Red Skull","Mercury Hourglass","Prayer Wheel","Charon\u0027s Ashes","Boot","Blue Candle","Pen Nib","TheAbacus","Strawberry"],"potions_floor_usage":[50,50,55,55],"damage_taken":[{"damage":16.0,"enemies":"Small Slimes","floor":1.0,"turns":4.0},{"damage":0.0,"enemies":"2 Louse","floor":4.0,"turns":2.0},{"damage":18.0,"enemies":"Lagavulin","floor":7.0,"turns":3.0},{"damage":6.0,"enemies":"Gremlin Nob","floor":10.0,"turns":3.0},{"damage":0.0,"enemies":"Cultist","floor":12.0,"turns":2.0},{"damage":0.0,"enemies":"Lagavulin","floor":13.0,"turns":3.0},{"damage":0.0,"enemies":"Red Slaver","floor":14.0,"turns":2.0},{"damage":43.0,"enemies":"Hexaghost","floor":16.0,"turns":5.0},{"damage":0.0,"enemies":"Shell Parasite","floor":18.0,"turns":1.0},{"damage":0.0,"enemies":"3 Byrds","floor":19.0,"turns":2.0},{"damage":0.0,"enemies":"Snake Plant","floor":20.0,"turns":1.0},{"damage":0.0,"enemies":"Snecko","floor":21.0,"turns":2.0},{"damage":35.0,"enemies":"Book of Stabbing","floor":23.0,"turns":3.0},{"damage":9.0,"enemies":"Centurion and Healer","floor":25.0,"turns":2.0},{"damage":0.0,"enemies":"Sentry and Sphere","floor":28.0,"turns":1.0},{"damage":21.0,"enemies":"Gremlin Leader","floor":29.0,"turns":2.0},{"damage":0.0,"enemies":"Masked Bandits","floor":30.0,"turns":1.0},{"damage":0.0,"enemies":"Shelled Parasite and Fungi","floor":31.0,"turns":1.0},{"damage":22.0,"enemies":"Champ","floor":33.0,"turns":4.0},{"damage":0.0,"enemies":"3 Darklings","floor":35.0,"turns":1.0},{"damage":0.0,"enemies":"Mind Bloom Boss Battle","floor":37.0,"turns":2.0},{"damage":0.0,"enemies":"Orb Walker","floor":39.0,"turns":1.0},{"damage":0.0,"enemies":"Reptomancer","floor":40.0,"turns":1.0},{"damage":0.0,"enemies":"Jaw Worm Horde","floor":42.0,"turns":1.0},{"damage":0.0,"enemies":"Transient","floor":45.0,"turns":5.0},{"damage":6.0,"enemies":"Nemesis","floor":46.0,"turns":1.0},{"damage":24.0,"enemies":"4 Shapes","floor":47.0,"turns":1.0},{"damage":6.0,"enemies":"Maw","floor":48.0,"turns":2.0},{"damage":66,"enemies":"Time Eater","floor":50,"turns":4},{"damage":12,"enemies":"Shield and Spear","floor":54,"turns":2},{"damage":94,"enemies":"The Heart","floor":55,"turns":3}],"seed_played":"3090387","potions_obtained":[{"floor":4.0,"key":"PowerPotion"},{"floor":8.0,"key":"Fire Potion"},{"floor":8.0,"key":"PowerPotion"},{"floor":31.0,"key":"PowerPotion"},{"floor":33.0,"key":"Poison Potion"},{"floor":35.0,"key":"Strength Potion"},{"floor":45.0,"key":"FairyPotion"}],"is_trial":false,"path_per_floor":["M","?","?","M","$","R","E","?","T","E","R","M","E","M","R","B",null,"M","M","M","M","T","E","R","M","T","R","M","E","?","M","R","B",null,"M","$","?","?","M","E","?","M","T","R","M","E","M","M","R","B",null,"R","$","E","B"],"character_chosen":"IRONCLAD","items_purchased":["Rampage","Pen Nib","TheAbacus","LiquidBronze","EssenceOfSteel"],"campfire_rested":4,"item_purchase_floors":[5,53,53,53,53],"current_hp_per_floor":[64,80,80,80,80,80,62,62,62,56,56,56,56,56,56,13,80,80,80,80,80,80,45,45,36,36,60,60,39,39,39,63,58,80,80,80,80,76,76,76,76,76,76,76,76,70,46,40,62,10,76,76,76,71,0],"gold":386,"neow_bonus":"BOSS_RELIC","is_prod":false,"is_daily":false,"chose_seed":true,"campfire_upgraded":4,"win_rate":0,"timestamp":1554333216,"path_taken":["M","?","?","?","?","R","E","?","T","E","R","M","E","M","R","BOSS","M","M","M","M","?","E","R","M","T","R","?","E","?","M","R","BOSS","M","$","?","?","M","E","?","M","T","R","?","E","M","?","R","BOSS","R","$","E","BOSS"],"build_version":"2019-03-15","purchased_purges":1,"victory":false,"max_hp_per_floor":[80,80,80,80,80,80,80,80,80,80,80,80,80,80,80,80,80,80,80,80,80,80,80,80,80,80,80,80,80,80,80,80,80,80,80,80,80,76,76,76,76,76,76,76,76,76,76,76,76,76,76,76,76,83,83],"card_choices":[{"not_picked":["Clothesline","Inflame"],"picked":"Headbutt","floor":1.0},{"not_picked":["Thunderclap","Wild Strike"],"picked":"Reckless Charge","floor":4.0},{"not_picked":["Evolve","Clothesline","Impervious"],"picked":"SKIP","floor":7.0},{"not_picked":["Spot Weakness","Armaments"],"picked":"Whirlwind","floor":10.0},{"not_picked":["Havoc","Clash","Perfected Strike"],"picked":"SKIP","floor":12.0},{"not_picked":["Inflame","Body Slam","Combust"],"picked":"SKIP","floor":13.0},{"not_picked":["Rage","Havoc","Uppercut"],"picked":"SKIP","floor":14.0},{"not_picked":["Feed","Immolate"],"picked":"Offering","floor":16.0},{"not_picked":["Flex+1","Shrug It Off","Spot Weakness"],"picked":"SKIP","floor":18.0},{"not_picked":["Iron Wave","Spot Weakness+1","Cleave"],"picked":"SKIP","floor":19.0},{"not_picked":["Inflame","Havoc+1","Sword Boomerang+1"],"picked":"SKIP","floor":20.0},{"not_picked":["Clash","Warcry","Flex"],"picked":"SKIP","floor":21.0},{"not_picked":["Searing Blow","Rupture","Dark Embrace"],"picked":"SKIP","floor":23.0},{"not_picked":["Cleave","Warcry+1","Searing Blow"],"picked":"SKIP","floor":25.0},{"not_picked":["Dropkick","Perfected Strike","Wild Strike"],"picked":"SKIP","floor":28.0},{"not_picked":["Carnage","Burning Pact+1","Clothesline+1"],"picked":"SKIP","floor":29.0},{"not_picked":["Havoc+1","Clash","Power Through+1"],"picked":"SKIP","floor":31.0},{"not_picked":["Offering+1","Bludgeon"],"picked":"Double Tap+1","floor":33.0},{"not_picked":["Thunderclap","Feel No Pain+1"],"picked":"Seeing Red+1","floor":35.0},{"not_picked":["Headbutt","Pummel","Infernal Blade+1"],"picked":"SKIP","floor":35.0},{"not_picked":["Shockwave+1","Second Wind+1","Burning Pact+1"],"picked":"SKIP","floor":39.0},{"not_picked":["Clothesline+1","Fiend Fire","Thunderclap"],"picked":"SKIP","floor":39.0},{"not_picked":["Armaments+1","Rage+1","Shrug It Off+1"],"picked":"SKIP","floor":40.0},{"not_picked":["Sword Boomerang","Shrug It Off+1","Havoc+1"],"picked":"SKIP","floor":42.0},{"not_picked":["Twin Strike","Clothesline+1","Corruption"],"picked":"SKIP","floor":42.0},{"not_picked":["Thunderclap","Pommel Strike+1"],"picked":"Exhume+1","floor":45.0},{"not_picked":["Havoc+1","Clash+1","Clothesline+1"],"picked":"SKIP","floor":45.0},{"not_picked":["Wild Strike+1","Flame Barrier+1","Pommel Strike"],"picked":"SKIP","floor":46.0},{"not_picked":["Dropkick+1","Headbutt+1","Metallicize+1"],"picked":"SKIP","floor":47.0},{"not_picked":["Pummel","Twin Strike","Reaper"],"picked":"SKIP","floor":47.0},{"not_picked":["Twin Strike","Armaments+1","Rage+1"],"picked":"SKIP","floor":48.0},{"not_picked":["Entrench+1","Flex+1","Hemokinesis"],"picked":"SKIP","floor":48.0},{"not_picked":["Perfected Strike+1","Heavy Blade+1","Havoc+1"],"picked":"SKIP","floor":54}],"player_experience":677156,"relics_obtained":[{"floor":7.0,"key":"Sundial"},{"floor":9.0,"key":"Kunai"},{"floor":10.0,"key":"FossilizedHelix"},{"floor":13.0,"key":"Vajra"},{"floor":22.0,"key":"Toxic Egg 2"},{"floor":23.0,"key":"Centennial Puzzle"},{"floor":26.0,"key":"Smiling Mask"},{"floor":29.0,"key":"Pantograph"},{"floor":30.0,"key":"Red Mask"},{"floor":34.0,"key":"Red Skull"},{"floor":34.0,"key":"Mercury Hourglass"},{"floor":34.0,"key":"Prayer Wheel"},{"floor":37.0,"key":"Charon\u0027s Ashes"},{"floor":40.0,"key":"Boot"},{"floor":46.0,"key":"Blue Candle"},{"floor":54,"key":"Strawberry"}],"event_choices":[{"damage_healed":20.0,"max_hp_gain":0.0,"max_hp_loss":0.0,"gold_gain":0.0,"event_name":"The Cleric","player_choice":"Healed","floor":2.0,"gold_loss":35.0,"damage_taken":0.0},{"damage_healed":0.0,"max_hp_gain":0.0,"max_hp_loss":0.0,"gold_gain":0.0,"event_name":"Match and Keep!","player_choice":"0 cards matched","floor":3.0,"gold_loss":0.0,"damage_taken":0.0,"cards_obtained":[]},{"damage_healed":0.0,"max_hp_gain":0.0,"max_hp_loss":0.0,"gold_gain":0.0,"event_name":"Lab","player_choice":"Got Potions","floor":8.0,"gold_loss":0.0,"damage_taken":0.0},{"damage_healed":0.0,"max_hp_gain":0.0,"max_hp_loss":0.0,"gold_gain":0.0,"event_name":"Masked Bandits","player_choice":"Fought Bandits","floor":30.0,"gold_loss":0.0,"damage_taken":0.0},{"damage_healed":0.0,"max_hp_gain":0.0,"max_hp_loss":0.0,"gold_gain":0.0,"event_name":"MindBloom","player_choice":"Fight","floor":37.0,"gold_loss":0.0,"damage_taken":0.0},{"damage_healed":0.0,"max_hp_gain":0.0,"max_hp_loss":4.0,"gold_gain":0.0,"event_name":"Winding Halls","player_choice":"Max HP","floor":38.0,"gold_loss":0.0,"damage_taken":0.0},{"cards_removed":["Headbutt"],"damage_healed":0.0,"max_hp_gain":0.0,"max_hp_loss":0.0,"gold_gain":0.0,"event_name":"Purifier","player_choice":"Purged","floor":41.0,"gold_loss":0.0,"damage_taken":0.0}],"is_beta":true,"boss_relics":[{"not_picked":["Tiny House","Eternal Feather"],"picked":"Philosopher\u0027s Stone"},{"not_picked":["Runic Pyramid","Runic Cube"],"picked":"Calling Bell"}],"items_purged_floors":[36],"is_endless":false,"potions_floor_spawned":[4,10,13,14,18,21,28,30,31,33,35,42,45,48,54],"killed_by":"The Heart","ascension_level":0}