{"gold_per_floor":[119,119,136,211,211,211,236,236,236,250,11,11,11,30,30,133,133,148,166,65,140,157,186,202,202,225,238,238,252,252,278,278,278],"floor_reached":33,"playtime":1602,"items_purged":["Parasite"],"score":341,"play_id":"4c176106-4a00-43bf-80a8-15ae96340234","local_time":"20181120135007","is_ascension_mode":true,"campfire_choices":[{"data":"Neutralize","floor":6.0,"key":"SMITH"},{"data":"Prepared","floor":8.0,"key":"SMITH"},{"data":"Cloak And Dagger","floor":15.0,"key":"SMITH"},{"floor":30,"key":"REST"},{"data":"Setup","floor":32,"key":"SMITH"}],"neow_cost":"NONE","seed_source_timestamp":0,"circlet_count":0,"master_deck":["Defend_G","Defend_G+1","Defend_G","Defend_G","Defend_G","Strike_G","Strike_G","Strike_G","Strike_G","Strike_G+1","Survivor","Neutralize+1","Setup+1","Prepared+1","Cloak And Dagger+1","Dash","Envenom","Dodge and Roll+1","Slice+1","Poisoned Stab","Acrobatics+1","Bane","Bouncing Flask","Slice","Accuracy"],"special_seed":0,"relics":["Ring of the Snake","NeowsBlessing","Lantern","Boot","Pen Nib","Ninja Scroll","Letter Opener","Sozu","Torii","Orichalcum","Sundial"],"potions_floor_usage":[],"damage_taken":[{"damage":0.0,"enemies":"2 Louse","floor":1.0,"turns":1.0},{"damage":0.0,"enemies":"Jaw Worm","floor":3.0,"turns":1.0},{"damage":0.0,"enemies":"Lagavulin","floor":7.0,"turns":1.0},{"damage":0.0,"enemies":"Small Slimes","floor":10.0,"turns":3.0},{"damage":0.0,"enemies":"Gremlin Gang","floor":14.0,"turns":3.0},{"damage":40.0,"enemies":"Hexaghost","floor":16.0,"turns":16.0},{"damage":7.0,"enemies":"3 Byrds","floor":18.0,"turns":4.0},{"damage":0.0,"enemies":"Chosen","floor":19.0,"turns":5.0},{"damage":2.0,"enemies":"Snake Plant","floor":22.0,"turns":4.0},{"damage":26.0,"enemies":"Book of Stabbing","floor":23.0,"turns":6.0},{"damage":0.0,"enemies":"3 Cultists","floor":24.0,"turns":6.0},{"damage":16.0,"enemies":"Centurion and Healer","floor":27.0,"turns":5.0},{"damage":23,"enemies":"Shelled Parasite and Fungi","floor":29,"turns":5},{"damage":10,"enemies":"Slavers","floor":31,"turns":5},{"damage":59,"enemies":"Collector","floor":33,"turns":7}],"seed_played":"2059618892743475109","potions_obtained":[{"floor":7.0,"key":"GamblersBrew"},{"floor":10.0,"key":"Block Potion"}],"is_trial":false,"path_per_floor":["M","?","M","?","T","R","E","R","T","M","$","?","?","M","R","B",null,"M","M","$","?","M","E","M","?","T","M","?","M","R","E","R","B"],"character_chosen":"THE_SILENT","items_purchased":["Ninja Scroll","Poisoned Stab"],"campfire_rested":1,"item_purchase_floors":[11,20],"current_hp_per_floor":[70,56,56,45,45,45,45,45,45,45,45,42,59,59,59,19,70,63,63,63,57,55,29,29,29,29,13,67,44,64,54,54,0],"gold":278,"neow_bonus":"THREE_ENEMY_KILL","is_prod":false,"is_daily":false,"chose_seed":false,"campfire_upgraded":4,"win_rate":0,"timestamp":1542693007,"path_taken":["M","?","M","?","?","R","E","R","T","M","$","?","?","M","R","BOSS","M","M","$","?","M","E","?","?","T","M","?","M","R","E","R","BOSS"],"build_version":"2018-11-15","purchased_purges":1,"victory":false,"max_hp_per_floor":[70,70,70,70,70,70,70,70,70,70,70,70,70,70,70,70,70,70,70,67,67,67,67,67,67,67,67,67,67,67,67,67,67],"card_choices":[{"not_picked":["Deflect","PiercingWail"],"picked":"Setup","floor":1.0},{"not_picked":["Backflip","Flying Knee"],"picked":"Prepared","floor":3.0},{"not_picked":["Quick Slash","Dodge and Roll","Outmaneuver"],"picked":"SKIP","floor":7.0},{"not_picked":["Sucker Punch","Dash"],"picked":"Cloak And Dagger","floor":10.0},{"not_picked":["Underhanded Strike","Bane"],"picked":"Dash","floor":14.0},{"not_picked":["Adrenaline","Doppelganger"],"picked":"Envenom","floor":16.0},{"not_picked":["Bouncing Flask","Expertise"],"picked":"Dodge and Roll+1","floor":18.0},{"not_picked":["Noxious Fumes","Prepared"],"picked":"Slice+1","floor":19.0},{"not_picked":["Expertise+1","Reflex"],"picked":"Acrobatics+1","floor":22.0},{"not_picked":["Deadly Poison+1","Grand Finale"],"picked":"Bane","floor":23.0},{"not_picked":["Calculated Gamble+1","All Out Attack+1"],"picked":"Bouncing Flask","floor":24.0},{"not_picked":["Dagger Spray","Masterful Stab"],"picked":"Slice","floor":27.0},{"not_picked":["Reflex+1","Dagger Spray"],"picked":"Accuracy","floor":29},{"not_picked":["Choke","Slice","Malaise"],"picked":"SKIP","floor":31}],"player_experience":451842,"relics_obtained":[{"floor":5.0,"key":"Lantern"},{"floor":7.0,"key":"Boot"},{"floor":9.0,"key":"Pen Nib"},{"floor":23.0,"key":"Torii"},{"floor":26.0,"key":"Orichalcum"},{"floor":31,"key":"Sundial"}],"event_choices":[{"damage_healed":0.0,"max_hp_gain":0.0,"max_hp_loss":0.0,"gold_gain":0.0,"event_name":"Shining Light","player_choice":"Entered Light","floor":2.0,"gold_loss":0.0,"damage_taken":14.0,"cards_upgraded":["Strike_G","Defend_G"]},{"damage_healed":0.0,"max_hp_gain":0.0,"max_hp_loss":0.0,"gold_gain":75.0,"event_name":"World of Goop","player_choice":"Gather Gold","floor":4.0,"gold_loss":0.0,"damage_taken":11.0},{"damage_healed":0.0,"max_hp_gain":0.0,"max_hp_loss":0.0,"gold_gain":0.0,"event_name":"Scrap Ooze","player_choice":"Success","floor":12.0,"gold_loss":0.0,"damage_taken":3.0,"relics_obtained":["Letter Opener"]},{"damage_healed":17.0,"max_hp_gain":0.0,"max_hp_loss":0.0,"gold_gain":0.0,"event_name":"Mushrooms","player_choice":"Healed and dodged fight","floor":13.0,"gold_loss":0.0,"damage_taken":0.0,"cards_obtained":["Parasite"]},{"damage_healed":0.0,"max_hp_gain":0.0,"max_hp_loss":0.0,"gold_gain":75.0,"event_name":"FaceTrader","player_choice":"Touch","floor":21.0,"gold_loss":0.0,"damage_taken":6.0},{"damage_healed":0.0,"max_hp_gain":0.0,"max_hp_loss":0.0,"gold_gain":0.0,"event_name":"Vampires","player_choice":"Ignored","floor":25.0,"gold_loss":0.0,"damage_taken":0.0},{"damage_healed":54.0,"max_hp_gain":0.0,"max_hp_loss":0.0,"gold_gain":0.0,"event_name":"Wheel of Change","player_choice":"Full Heal","floor":28.0,"gold_loss":0.0,"damage_taken":0.0}],"is_beta":false,"boss_relics":[{"not_picked":["Fusion Hammer","Lizard Tail"],"picked":"Sozu"}],"items_purged_floors":[20],"is_endless":false,"potions_floor_spawned":[7,10,19,22,24,31],"killed_by":"Collector","ascension_level":2}