{"gold_per_floor":[111,186,262,262,3,3,37,57,80,4,4,67,67,79,79,174,174,194,209,109,109,69,96,108,155,213,225,254,266,293,338,350,362],"floor_reached":33,"playtime":1615,"items_purged":["Regret","Strike_R"],"score":389,"play_id":"ef380be3-3e0a-48cb-a70f-f8ab3eb3c567","local_time":"20190525180219","is_ascension_mode":true,"campfire_choices":[{"data":"Bash","floor":6,"key":"SMITH"},{"floor":13,"key":"REST"},{"data":"Whirlwind","floor":15,"key":"SMITH"},{"data":"Corruption","floor":24,"key":"SMITH"},{"floor":27,"key":"REST"},{"data":"Spot Weakness","floor":32,"key":"SMITH"}],"neow_cost":"NONE","seed_source_timestamp":511487264800,"circlet_count":0,"master_deck":["Strike_R+1","Strike_R+1","Strike_R+1","Defend_R+1","Defend_R+1","Defend_R+1","Defend_R+1","Bash+1","Anger+1","Spot Weakness+1","Burning Pact+1","True Grit+1","Whirlwind+1","Inflame","Thunderclap+1","Feed+1","Burning Pact+1","Corruption+1","Seeing Red+1","Entrench+1"],"relics":["Burning Blood","Matryoshka","Self Forming Clay","Art of War","Vajra","War Paint","Anchor","Regal Pillow","Mark of Pain","MawBank","Pen Nib","Juzu Bracelet","Ancient Tea Set"],"potions_floor_usage":[12,23,33,33],"damage_taken":[{"damage":4,"enemies":"2 Louse","floor":1,"turns":2},{"damage":34,"enemies":"Gremlin Nob","floor":7,"turns":4},{"damage":2,"enemies":"Jaw Worm","floor":8,"turns":3},{"damage":29,"enemies":"Lagavulin Event","floor":12,"turns":4},{"damage":0,"enemies":"Small Slimes","floor":14,"turns":3},{"damage":21,"enemies":"The Guardian","floor":16,"turns":9},{"damage":15,"enemies":"2 Thieves","floor":18,"turns":4},{"damage":9,"enemies":"Chosen","floor":19,"turns":4},{"damage":13,"enemies":"Slavers","floor":23,"turns":3},{"damage":35,"enemies":"Gremlin Leader","floor":25,"turns":7},{"damage":24,"enemies":"Snake Plant","floor":28,"turns":5},{"damage":0,"enemies":"3 Cultists","floor":30,"turns":3},{"damage":27,"enemies":"Slavers","floor":31,"turns":6},{"damage":66,"enemies":"Automaton","floor":33,"turns":6}],"seed_played":"-5519446625309867521","potions_obtained":[{"floor":7,"key":"SkillPotion"},{"floor":8,"key":"Energy Potion"},{"floor":14,"key":"Strength Potion"},{"floor":18,"key":"SpeedPotion"},{"floor":23,"key":"Swift Potion"}],"is_trial":false,"path_per_floor":["M","?","T","?","$","R","E","M","T","$","?","?","R","M","R","B",null,"M","M","$","?","?","E","R","E","T","R","M","?","M","E","R","B"],"character_chosen":"IRONCLAD","items_purchased":["Burning Pact","Art of War","Inflame"],"campfire_rested":2,"item_purchase_floors":[5,5,10],"current_hp_per_floor":[74,63,63,63,63,63,35,39,39,39,39,16,55,61,61,46,72,63,60,60,60,60,53,53,24,24,63,49,49,59,42,42,0],"gold":362,"neow_bonus":"TRANSFORM_CARD","is_prod":false,"is_daily":false,"chose_seed":false,"campfire_upgraded":4,"win_rate":0,"timestamp":1558787539,"path_taken":["M","?","?","?","$","R","E","M","T","$","?","?","R","M","R","BOSS","M","M","$","?","?","E","R","E","T","R","M","?","M","E","R","BOSS"],"build_version":"2019-01-23","purchased_purges":2,"victory":false,"max_hp_per_floor":[80,80,80,80,80,80,80,80,80,80,80,80,80,80,80,80,80,80,80,80,80,80,80,80,80,80,80,84,84,88,92,92,92],"card_choices":[{"not_picked":["Perfected Strike","Sever Soul"],"picked":"Spot Weakness","floor":1},{"not_picked":["Rampage","Body Slam"],"picked":"True Grit","floor":7},{"not_picked":["Hemokinesis","Iron Wave"],"picked":"Whirlwind","floor":8},{"not_picked":["Sword Boomerang","Dual Wield"],"picked":"Thunderclap","floor":12},{"not_picked":["Cleave","Blood for Blood","Wild Strike"],"picked":"SKIP","floor":14},{"not_picked":["Berserk","Brutality"],"picked":"Feed","floor":16},{"not_picked":["Cleave","Wild Strike"],"picked":"Burning Pact+1","floor":18},{"not_picked":["Shrug It Off+1","Clothesline"],"picked":"Corruption","floor":19},{"not_picked":["Reckless Charge","Cleave","Warcry"],"picked":"SKIP","floor":23},{"not_picked":["Warcry","Iron Wave+1"],"picked":"Seeing Red+1","floor":25},{"not_picked":["Iron Wave","Headbutt","Anger"],"picked":"SKIP","floor":28},{"not_picked":["Rage","Wild Strike+1"],"picked":"Entrench+1","floor":30},{"not_picked":["Bludgeon","Rage","Clothesline"],"picked":"SKIP","floor":31}],"player_experience":230085,"relics_obtained":[{"floor":3,"key":"Matryoshka"},{"floor":7,"key":"Vajra"},{"floor":9,"key":"War Paint"},{"floor":9,"key":"Anchor"},{"floor":12,"key":"Regal Pillow"},{"floor":23,"key":"MawBank"},{"floor":25,"key":"Pen Nib"},{"floor":26,"key":"Juzu Bracelet"},{"floor":31,"key":"Ancient Tea Set"}],"event_choices":[{"damage_healed":0,"gold_gain":75,"player_choice":"Gather Gold","damage_taken":11,"max_hp_gain":0,"max_hp_loss":0,"event_name":"World of Goop","floor":2,"gold_loss":0},{"damage_healed":0,"gold_gain":0,"player_choice":"Box","damage_taken":0,"relics_obtained":["Self Forming Clay"],"max_hp_gain":0,"max_hp_loss":0,"event_name":"Big Fish","floor":4,"gold_loss":0,"cards_obtained":["Regret"]},{"damage_healed":0,"gold_gain":0,"player_choice":"Leave","damage_taken":0,"max_hp_gain":0,"max_hp_loss":0,"event_name":"The Cleric","floor":11,"gold_loss":0},{"damage_healed":0,"gold_gain":0,"player_choice":"Searched \u00271\u0027 times","damage_taken":0,"max_hp_gain":0,"max_hp_loss":0,"event_name":"Dead Adventurer","floor":12,"gold_loss":0},{"damage_healed":0,"gold_gain":0,"player_choice":"Simplicity","damage_taken":0,"max_hp_gain":0,"max_hp_loss":0,"event_name":"Back to Basics","floor":21,"gold_loss":0,"cards_upgraded":["Strike_R","Strike_R","Strike_R","Defend_R","Defend_R","Defend_R","Defend_R"]},{"damage_healed":0,"gold_gain":0,"player_choice":"Upgraded Two","damage_taken":0,"max_hp_gain":0,"max_hp_loss":0,"event_name":"Designer","floor":22,"gold_loss":40,"cards_upgraded":["Thunderclap","Feed"]},{"damage_healed":0,"gold_gain":0,"player_choice":"Upgraded","damage_taken":0,"max_hp_gain":0,"max_hp_loss":0,"event_name":"Upgrade Shrine","floor":29,"gold_loss":0,"cards_upgraded":["Anger"]}],"is_beta":false,"boss_relics":[{"not_picked":["Eternal Feather","Cursed Key"],"picked":"Mark of Pain"}],"items_purged_floors":[5,20],"is_endless":false,"potions_floor_spawned":[7,8,14,18,23,25],"killed_by":"Automaton","ascension_level":6}