{"gold_per_floor":[119,69,15,27,27,54,64,92,118,118,132,148,173,252,252,252],"floor_reached":16,"playtime":797,"items_purged":[],"score":120,"play_id":"136376ee-1569-4cb9-baa4-bda2f8daf31c","local_time":"20190106164851","is_ascension_mode":false,"campfire_choices":[{"floor":10,"key":"REST"},{"data":"Searing Blow","floor":15,"key":"SMITH"}],"neow_cost":"TEN_PERCENT_HP_LOSS","seed_source_timestamp":95307907634058,"circlet_count":0,"master_deck":["Strike_R+1","Strike_R","Strike_R","Strike_R+1","Strike_R","Defend_R","Defend_R","Defend_R","Spot Weakness","Pommel Strike+1","Warcry","Warcry","Iron Wave","Dual Wield","Searing Blow+1","Pommel Strike","Brutality"],"relics":["Burning Blood","Bag of Marbles","Whetstone","Happy Flower","Toxic Egg 2"],"potions_floor_usage":[16,16],"damage_taken":[{"damage":7,"enemies":"2 Louse","floor":1,"turns":2},{"damage":5,"enemies":"Small Slimes","floor":4,"turns":3},{"damage":44,"enemies":"Lagavulin","floor":6,"turns":6},{"damage":5,"enemies":"Cultist","floor":7,"turns":4},{"damage":26,"enemies":"3 Sentries","floor":8,"turns":8},{"damage":10,"enemies":"Looter","floor":11,"turns":3},{"damage":18,"enemies":"Lots of Slimes","floor":12,"turns":3},{"damage":12,"enemies":"Gremlin Nob","floor":13,"turns":4},{"damage":20,"enemies":"Hexaghost","floor":16,"turns":7}],"seed_played":"-2642525519918004203","potions_obtained":[{"floor":6,"key":"PowerPotion"},{"floor":7,"key":"Dexterity Potion"},{"floor":11,"key":"PowerPotion"}],"is_trial":false,"path_per_floor":["M","?","$","M","?","E","M","E","T","R","M","M","E","?","R","B"],"character_chosen":"IRONCLAD","items_purchased":["Warcry"],"campfire_rested":1,"item_purchase_floors":[3],"current_hp_per_floor":[71,71,71,72,72,34,35,15,15,36,32,20,14,14,14,0],"gold":252,"neow_bonus":"TRANSFORM_TWO_CARDS","is_prod":false,"is_daily":false,"chose_seed":false,"campfire_upgraded":1,"win_rate":0.0,"timestamp":1546811331,"path_taken":["M","?","$","M","?","E","M","E","T","R","M","M","E","?","R","BOSS"],"build_version":"2019-01-03v4","purchased_purges":0,"victory":false,"max_hp_per_floor":[72,72,72,72,72,72,72,72,72,72,72,72,72,72,72,72],"card_choices":[{"not_picked":["Flex","Entrench"],"picked":"Pommel Strike","floor":1},{"not_picked":["Anger","Ghostly Armor"],"picked":"Warcry","floor":4},{"not_picked":["Corruption","Perfected Strike"],"picked":"Iron Wave","floor":6},{"not_picked":["Rampage","Combust"],"picked":"Dual Wield","floor":7},{"not_picked":["Body Slam","Anger"],"picked":"Searing Blow","floor":8},{"not_picked":["Flex","Rampage"],"picked":"Pommel Strike","floor":11},{"not_picked":["Pummel","Heavy Blade","Clothesline"],"picked":"SKIP","floor":12},{"not_picked":["Dropkick","Sever Soul"],"picked":"Brutality","floor":13}],"player_experience":2814,"relics_obtained":[{"floor":6,"key":"Bag of Marbles"},{"floor":8,"key":"Whetstone"},{"floor":9,"key":"Happy Flower"},{"floor":13,"key":"Toxic Egg 2"}],"event_choices":[{"cards_removed":["Reckless Charge"],"damage_healed":0,"gold_gain":0,"player_choice":"Card Removal","damage_taken":0,"max_hp_gain":0,"max_hp_loss":0,"event_name":"The Cleric","floor":2,"gold_loss":50},{"damage_healed":0,"gold_gain":0,"player_choice":"Grow","damage_taken":0,"max_hp_gain":0,"max_hp_loss":0,"event_name":"Living Wall","floor":5,"gold_loss":0,"cards_upgraded":["Pommel Strike"]},{"damage_healed":0,"gold_gain":79,"player_choice":"Gained Gold","damage_taken":0,"max_hp_gain":0,"max_hp_loss":0,"event_name":"Golden Wing","floor":14,"gold_loss":0}],"is_beta":false,"boss_relics":[],"items_purged_floors":[],"is_endless":false,"potions_floor_spawned":[6,7,11],"killed_by":"Hexaghost","ascension_level":0}