{"gold_per_floor":[115,132,148,162,172,172,191,224,296,326,338,44,44,71,71,166,166,184,184,198,198,297,325,343,343,343,372,372,405,405,419,419,522,522,532,532,342,342,246,246,279,279,279,279,292,392,392,442,442,442,442,442,109,137,137],"floor_reached":56,"playtime":5916,"items_purged":[],"score":1493,"play_id":"e7e95d2f-cb84-45dd-992b-391c356dd228","local_time":"20190518130742","is_ascension_mode":true,"campfire_choices":[{"data":"True Grit","floor":6,"key":"SMITH"},{"data":"Flame Barrier","floor":11,"key":"SMITH"},{"data":"Demon Form","floor":15,"key":"SMITH"},{"data":"1","floor":28,"key":"LIFT"},{"data":"2","floor":30,"key":"LIFT"},{"floor":32,"key":"REST"},{"data":"3","floor":40,"key":"LIFT"},{"floor":42,"key":"DIG"},{"floor":44,"key":"DIG"},{"floor":49,"key":"RECALL"},{"floor":52,"key":"DIG"}],"neow_cost":"NONE","seed_source_timestamp":147466872600,"circlet_count":0,"master_deck":["Strike_R+1","Strike_R+1","Strike_R+1","Defend_R+1","Defend_R+1","Defend_R+1","Defend_R+1","Bash","Demon Form+1","Cleave+1","True Grit+1","Sword Boomerang","Flame Barrier+1","Metallicize","Battle Trance","Offering+1","Disarm+1","Sword Boomerang","Writhe","Armaments+1","Burning Pact+1","Immolate","Heavy Blade","Reaper","Writhe","Mayhem","Reaper+1","Corruption"],"relics":["Burning Blood","Question Card","Mercury Hourglass","MawBank","Dead Branch","Du-Vu Doll","Snecko Eye","Juzu Bracelet","Shovel","Self Forming Clay","Girya","War Paint","Velvet Choker","Bottled Lightning","Blood Vial","Dream Catcher","Nunchaku","StoneCalendar","Mummified Hand","Ice Cream","Whetstone"],"potions_floor_usage":[10,14,24,29,29,41,45,55,55],"damage_taken":[{"damage":1,"enemies":"Cultist","floor":1,"turns":3},{"damage":3,"enemies":"Jaw Worm","floor":2,"turns":5},{"damage":1,"enemies":"2 Louse","floor":3,"turns":2},{"damage":10,"enemies":"2 Fungi Beasts","floor":4,"turns":4},{"damage":0,"enemies":"Exordium Thugs","floor":5,"turns":4},{"damage":11,"enemies":"Blue Slaver","floor":7,"turns":4},{"damage":21,"enemies":"Lagavulin","floor":8,"turns":6},{"damage":13,"enemies":"3 Sentries","floor":10,"turns":6},{"damage":0,"enemies":"Lagavulin","floor":14,"turns":6},{"damage":10,"enemies":"Slime Boss","floor":16,"turns":7},{"damage":4,"enemies":"Shell Parasite","floor":18,"turns":4},{"damage":6,"enemies":"2 Thieves","floor":20,"turns":4},{"damage":52,"enemies":"Slavers","floor":23,"turns":4},{"damage":0,"enemies":"Sentry and Sphere","floor":24,"turns":3},{"damage":21,"enemies":"Gremlin Leader","floor":27,"turns":6},{"damage":31,"enemies":"Slavers","floor":29,"turns":7},{"damage":0,"enemies":"Shelled Parasite and Fungi","floor":31,"turns":2},{"damage":43,"enemies":"Collector","floor":33,"turns":6},{"damage":6,"enemies":"Orb Walker","floor":35,"turns":3},{"damage":27,"enemies":"Reptomancer","floor":41,"turns":6},{"damage":12,"enemies":"3 Darklings","floor":45,"turns":3},{"damage":7,"enemies":"Mind Bloom Boss Battle","floor":46,"turns":6},{"damage":31,"enemies":"2 Orb Walkers","floor":48,"turns":4},{"damage":60,"enemies":"Donu and Deca","floor":50,"turns":6},{"damage":67,"enemies":"Shield and Spear","floor":54,"turns":5},{"damage":80,"enemies":"The Heart","floor":55,"turns":6}],"seed_played":"1807165668331140841","potions_obtained":[{"floor":2,"key":"Block Potion"},{"floor":4,"key":"Regen Potion"},{"floor":7,"key":"PowerPotion"},{"floor":14,"key":"SmokeBomb"},{"floor":16,"key":"SkillPotion"},{"floor":18,"key":"SkillPotion"},{"floor":27,"key":"GamblersBrew"},{"floor":31,"key":"Dexterity Potion"},{"floor":33,"key":"Explosive Potion"},{"floor":41,"key":"LiquidBronze"},{"floor":45,"key":"SpeedPotion"},{"floor":46,"key":"Energy Potion"}],"is_trial":false,"path_per_floor":["M","M","M","M","M","R","M","E","T","E","R","$","?","E","R","B",null,"M","?","M","?","?","E","M","?","T","E","R","E","R","M","R","B",null,"M","?","$","?","$","R","E","R","T","R","M","?","?","?","R","B",null,"R","$","E","B",null],"character_chosen":"IRONCLAD","items_purchased":["Dead Branch","Mayhem","Fruit Juice","Corruption","Ice Cream"],"campfire_rested":1,"item_purchase_floors":[12,37,39,53,53],"current_hp_per_floor":[80,80,80,76,80,80,75,60,60,68,68,68,61,67,67,63,76,78,78,78,78,78,32,38,64,64,49,49,24,24,30,54,17,64,71,80,80,80,80,80,80,80,80,80,85,85,85,60,60,62,79,79,79,75,16],"gold":137,"neow_bonus":"ONE_RANDOM_RARE_CARD","is_prod":false,"is_daily":false,"chose_seed":false,"campfire_upgraded":3,"win_rate":0,"timestamp":1558165062,"path_taken":["M","M","?","M","M","R","M","E","T","E","R","$","?","E","R","BOSS","M","?","M","?","?","E","M","?","T","E","R","E","R","M","R","BOSS","M","?","$","?","$","R","E","R","T","R","M","?","?","?","R","BOSS","R","$","E","BOSS"],"build_version":"2019-01-23","purchased_purges":0,"victory":true,"max_hp_per_floor":[80,80,80,80,80,80,80,80,80,80,80,80,80,80,80,80,80,80,80,80,80,80,80,80,80,80,80,80,80,80,80,80,80,80,80,80,80,80,80,80,80,80,80,80,85,85,85,85,85,85,85,85,85,85,85],"card_choices":[{"not_picked":["Searing Blow","Pummel"],"picked":"Cleave","floor":1},{"not_picked":["Thunderclap","Warcry","Fire Breathing"],"picked":"SKIP","floor":2},{"not_picked":["Body Slam","Clash"],"picked":"True Grit","floor":3},{"not_picked":["Body Slam","Reckless Charge","Havoc"],"picked":"SKIP","floor":4},{"not_picked":["Dual Wield","Carnage"],"picked":"Sword Boomerang","floor":5},{"not_picked":["Headbutt","Wild Strike"],"picked":"Flame Barrier","floor":7},{"not_picked":["Combust","Brutality"],"picked":"Metallicize","floor":8},{"not_picked":["Sword Boomerang","True Grit","Shrug It Off"],"picked":"Battle Trance","floor":10},{"not_picked":["Anger","True Grit","Metallicize","Blood for Blood"],"picked":"SKIP","floor":14},{"not_picked":["Berserk","Demon Form","Double Tap"],"picked":"Offering","floor":16},{"not_picked":["Anger","True Grit+1","Headbutt+1"],"picked":"Disarm","floor":18},{"not_picked":["Havoc","Clash+1","Pommel Strike"],"picked":"Sword Boomerang","floor":20},{"not_picked":["Carnage","Thunderclap+1","Clash+1","Cleave"],"picked":"SKIP","floor":23},{"not_picked":["Wild Strike","Uppercut","Searing Blow"],"picked":"Armaments+1","floor":24},{"not_picked":["Armaments","Headbutt","Havoc"],"picked":"Burning Pact+1","floor":27},{"not_picked":["Burning Pact","Cleave","Perfected Strike"],"picked":"Immolate","floor":29},{"not_picked":["Body Slam","True Grit","Metallicize"],"picked":"Heavy Blade","floor":31},{"not_picked":["Exhume","Demon Form","Bludgeon"],"picked":"Reaper","floor":33},{"not_picked":["Heavy Blade","Dual Wield+1","Perfected Strike","Whirlwind"],"picked":"SKIP","floor":35},{"not_picked":["Metallicize+1","Offering","Twin Strike+1","Fire Breathing"],"picked":"SKIP","floor":41},{"not_picked":["Havoc","Headbutt+1","Heavy Blade","Reckless Charge+1"],"picked":"SKIP","floor":45},{"not_picked":["Havoc+1","Body Slam+1","Battle Trance+1"],"picked":"Reaper","floor":48},{"not_picked":["Entrench","Cleave","Warcry","Metallicize"],"picked":"SKIP","floor":54}],"player_experience":200615,"relics_obtained":[{"floor":8,"key":"Question Card"},{"floor":9,"key":"Mercury Hourglass"},{"floor":10,"key":"MawBank"},{"floor":14,"key":"Du-Vu Doll"},{"floor":23,"key":"Shovel"},{"floor":26,"key":"Self Forming Clay"},{"floor":27,"key":"Girya"},{"floor":29,"key":"War Paint"},{"floor":41,"key":"Bottled Lightning"},{"floor":42,"key":"Blood Vial"},{"floor":44,"key":"Dream Catcher"},{"floor":46,"key":"Nunchaku"},{"floor":48,"key":"StoneCalendar"},{"floor":52,"key":"Mummified Hand"},{"floor":54,"key":"Whetstone"}],"event_choices":[{"cards_removed":["Strike_R"],"damage_healed":0,"gold_gain":0,"player_choice":"Card Removal","damage_taken":7,"max_hp_gain":0,"max_hp_loss":0,"event_name":"Golden Wing","floor":13,"gold_loss":0},{"damage_healed":0,"gold_gain":0,"player_choice":"Simplicity","damage_taken":0,"max_hp_gain":0,"max_hp_loss":0,"event_name":"Back to Basics","floor":19,"gold_loss":0,"cards_upgraded":["Strike_R","Strike_R","Strike_R","Strike_R","Defend_R","Defend_R","Defend_R","Defend_R"]},{"damage_healed":0,"gold_gain":0,"player_choice":"Opened","damage_taken":0,"relics_obtained":["Juzu Bracelet"],"max_hp_gain":0,"max_hp_loss":0,"event_name":"The Mausoleum","floor":21,"gold_loss":0,"cards_obtained":["Writhe"]},{"damage_healed":0,"gold_gain":99,"player_choice":"Stole From Cult","damage_taken":0,"max_hp_gain":0,"max_hp_loss":0,"event_name":"Nest","floor":22,"gold_loss":0},{"damage_healed":26,"gold_gain":0,"player_choice":"Heal","damage_taken":0,"max_hp_gain":0,"max_hp_loss":0,"event_name":"The Library","floor":25,"gold_loss":0},{"damage_healed":20,"gold_gain":0,"player_choice":"Writhe","damage_taken":0,"max_hp_gain":0,"max_hp_loss":0,"event_name":"Winding Halls","floor":36,"gold_loss":0,"cards_obtained":["Writhe"]},{"damage_healed":0,"gold_gain":0,"player_choice":"Ignored","damage_taken":0,"max_hp_gain":0,"max_hp_loss":0,"event_name":"Tomb of Lord Red Mask","floor":38,"gold_loss":0},{"damage_healed":0,"gold_gain":0,"player_choice":"Fight","damage_taken":0,"max_hp_gain":0,"max_hp_loss":0,"event_name":"MindBloom","floor":46,"gold_loss":0},{"cards_removed":["Strike_R"],"damage_healed":0,"gold_gain":0,"player_choice":"Removed Attack","damage_taken":0,"max_hp_gain":0,"max_hp_loss":0,"event_name":"Falling","floor":47,"gold_loss":0},{"damage_healed":0,"gold_gain":0,"player_choice":"Fight","damage_taken":0,"max_hp_gain":0,"max_hp_loss":0,"event_name":"Mysterious Sphere","floor":48,"gold_loss":0}],"is_beta":false,"boss_relics":[{"not_picked":["Calling Bell","Black Blood"],"picked":"Snecko Eye"},{"not_picked":["Lizard Tail","Busted Crown"],"picked":"Velvet Choker"}],"items_purged_floors":[],"is_endless":false,"potions_floor_spawned":[2,4,7,8,14,16,18,27,31,33,41,45,46,48,54],"ascension_level":5}