{"gold_per_floor":[111,123,142,217,64,64,14,43,43,106,123,137,155,155],"floor_reached":14,"playtime":1689,"items_purged":["Strike_G"],"score":106,"play_id":"72853ae4-e25b-4f72-99e4-11e7c02e3ed8","local_time":"20190509102719","is_ascension_mode":true,"campfire_choices":[{"data":"Neutralize","floor":6,"key":"SMITH"}],"neow_cost":"NONE","seed_source_timestamp":230679608241400,"circlet_count":0,"master_deck":["Defend_G","Defend_G","Defend_G","Defend_G","Defend_G","Strike_G","Strike_G","Strike_G","Survivor","Neutralize+1","Sucker Punch","Dodge and Roll","Prepared","Footwork","Unload","PiercingWail","Dagger Spray","Backstab","Dodge and Roll"],"relics":["Ring of the Snake","Mummified Hand","Ice Cream","Thread and Needle"],"potions_floor_usage":[8,10],"damage_taken":[{"damage":0,"enemies":"2 Louse","floor":1,"turns":5},{"damage":0,"enemies":"Small Slimes","floor":2,"turns":4},{"damage":3,"enemies":"Jaw Worm","floor":3,"turns":6},{"damage":20,"enemies":"3 Sentries","floor":8,"turns":15},{"damage":14,"enemies":"3 Sentries","floor":10,"turns":10},{"damage":2,"enemies":"Exordium Thugs","floor":11,"turns":8},{"damage":0,"enemies":"Large Slime","floor":12,"turns":7},{"damage":0,"enemies":"Lots of Slimes","floor":13,"turns":4},{"damage":26,"enemies":"Gremlin Nob","floor":14,"turns":5}],"seed_played":"1272940230990599038","potions_obtained":[{"floor":0,"key":"LiquidBronze"},{"floor":0,"key":"Fire Potion"},{"floor":0,"key":"Dexterity Potion"},{"floor":1,"key":"Ancient Potion"},{"floor":12,"key":"Block Potion"},{"floor":13,"key":"Poison Potion"}],"is_trial":false,"path_per_floor":["M","M","M","?","$","R","?","E","T","?","M","M","M","E"],"character_chosen":"THE_SILENT","items_purchased":["Footwork"],"campfire_rested":0,"item_purchase_floors":[5],"current_hp_per_floor":[70,70,67,56,56,56,56,36,36,22,20,20,20,0],"gold":155,"neow_bonus":"THREE_SMALL_POTIONS","is_prod":false,"is_daily":false,"chose_seed":false,"campfire_upgraded":1,"win_rate":0,"timestamp":1557377839,"path_taken":["M","M","M","?","$","R","?","E","T","?","M","?","M","E"],"build_version":"2019-01-23","purchased_purges":1,"victory":false,"max_hp_per_floor":[70,70,70,70,70,70,70,70,70,70,70,70,70,70],"card_choices":[{"not_picked":["Deflect","Prepared"],"picked":"Sucker Punch","floor":1},{"not_picked":["Leg Sweep","Deflect"],"picked":"Dodge and Roll","floor":2},{"not_picked":["Choke","Blade Dance"],"picked":"Prepared","floor":3},{"not_picked":["Endless Agony","Dodge and Roll"],"picked":"Unload","floor":8},{"not_picked":["Predator","Distraction"],"picked":"PiercingWail","floor":10},{"not_picked":["Leg Sweep","Deadly Poison"],"picked":"Dagger Spray","floor":11},{"not_picked":["Finisher","Expertise"],"picked":"Backstab","floor":12},{"not_picked":["Eviscerate","Bane"],"picked":"Dodge and Roll","floor":13}],"player_experience":149986,"relics_obtained":[{"floor":8,"key":"Mummified Hand"},{"floor":9,"key":"Ice Cream"},{"floor":10,"key":"Thread and Needle"}],"event_choices":[{"damage_healed":0,"gold_gain":75,"player_choice":"Gather Gold","damage_taken":11,"max_hp_gain":0,"max_hp_loss":0,"event_name":"World of Goop","floor":4,"gold_loss":0},{"cards_removed":["Strike_G"],"damage_healed":0,"gold_gain":0,"player_choice":"Card Removal","damage_taken":0,"max_hp_gain":0,"max_hp_loss":0,"event_name":"The Cleric","floor":7,"gold_loss":50},{"damage_healed":0,"gold_gain":0,"player_choice":"Searched \u00272\u0027 times","damage_taken":0,"max_hp_gain":0,"max_hp_loss":0,"event_name":"Dead Adventurer","floor":10,"gold_loss":0}],"is_beta":false,"boss_relics":[],"items_purged_floors":[5],"is_endless":false,"potions_floor_spawned":[1,12,13],"killed_by":"Gremlin Nob","ascension_level":3}