{"gold_per_floor":[117,117,117,117,135,135,154,183,207,220,220,237,269,279,279,374,424,434,178,190,190,30,30,0,35,87,60,60],"floor_reached":28,"playtime":1325,"items_purged":["Strike_G"],"score":260,"play_id":"dfa6359a-04f6-4c96-b4c3-c89454e95437","local_time":"20181106152138","is_ascension_mode":true,"campfire_choices":[{"floor":6,"key":"REST"},{"floor":15,"key":"REST"},{"floor":23,"key":"REST"}],"neow_cost":"NONE","seed_source_timestamp":351440362816745,"circlet_count":0,"master_deck":["Defend_G","Defend_G","Defend_G","Defend_G+1","Defend_G","Strike_G","Strike_G","Strike_G","Survivor","Neutralize+1","Blur","Prepared","Terror","A Thousand Cuts","Backflip","Deflect","Dagger Throw","Flying Knee","Envenom","Reflex","Backstab+1","Accuracy","Quick Slash","Deflect","Choke+1","Reflex","Good Instincts","Bane","Acrobatics"],"relics":["Ring of the Snake","Regal Pillow","Vajra","Anchor","Tiny House","Shuriken","Omamori"],"potions_floor_usage":[7,11,13,18,20,25,28],"damage_taken":[{"damage":6,"enemies":"Cultist","floor":1,"turns":3},{"damage":4,"enemies":"Jaw Worm","floor":5,"turns":8},{"damage":0,"enemies":"2 Louse","floor":7,"turns":2},{"damage":51,"enemies":"3 Sentries","floor":8,"turns":18},{"damage":8,"enemies":"Exordium Wildlife","floor":10,"turns":5},{"damage":0,"enemies":"Exordium Thugs","floor":11,"turns":1},{"damage":1,"enemies":"2 Fungi Beasts","floor":12,"turns":5},{"damage":21,"enemies":"Lagavulin","floor":13,"turns":7},{"damage":2,"enemies":"3 Louse","floor":14,"turns":4},{"damage":17,"enemies":"The Guardian","floor":16,"turns":12},{"damage":34,"enemies":"Spheric Guardian","floor":18,"turns":8},{"damage":26,"enemies":"2 Thieves","floor":20,"turns":5},{"damage":55,"enemies":"Book of Stabbing","floor":25,"turns":7},{"damage":6,"enemies":"Centurion and Healer","floor":28,"turns":4}],"seed_played":"-7466643201848374670","potions_obtained":[{"floor":0,"key":"SmokeBomb"},{"floor":0,"key":"FairyPotion"},{"floor":0,"key":"SteroidPotion"},{"floor":5,"key":"AttackPotion"},{"floor":8,"key":"Poison Potion"},{"floor":13,"key":"Ancient Potion"},{"floor":14,"key":"Explosive Potion"},{"floor":16,"key":"Block Potion"},{"floor":17,"key":"Strength Potion"},{"floor":20,"key":"Strength Potion"},{"floor":25,"key":"EssenceOfSteel"}],"is_trial":false,"path_per_floor":["M","?","?","?","M","R","M","E","T","M","M","M","E","M","R","B",null,"M","$","M","?","$","R","?","E","T","$","M"],"character_chosen":"THE_SILENT","items_purchased":["Accuracy","Quick Slash","Deflect","Reflex","Good Instincts","Acrobatics"],"campfire_rested":3,"item_purchase_floors":[19,19,19,22,22,27],"current_hp_per_floor":[64,69,62,62,58,75,75,24,24,16,16,15,7,5,42,25,80,46,46,20,20,20,59,59,4,4,4,0],"gold":60,"neow_bonus":"THREE_SMALL_POTIONS","is_prod":false,"is_daily":false,"chose_seed":false,"campfire_upgraded":0,"win_rate":0,"timestamp":1541488898,"path_taken":["M","?","?","?","M","R","M","E","T","M","M","M","E","M","R","BOSS","M","$","M","?","$","R","?","E","T","?","?"],"build_version":"2018-11-01","purchased_purges":1,"victory":false,"max_hp_per_floor":[70,75,75,75,75,75,75,75,75,75,75,75,75,75,75,75,80,80,80,80,80,80,80,80,80,80,80,80],"card_choices":[{"not_picked":["Dagger Spray","PiercingWail"],"picked":"Blur","floor":1},{"not_picked":["Well Laid Plans","Slice"],"picked":"Prepared","floor":5},{"not_picked":["Deadly Poison","PiercingWail"],"picked":"Terror","floor":7},{"not_picked":["Underhanded Strike","Backflip"],"picked":"A Thousand Cuts","floor":8},{"not_picked":["Bouncing Flask","Terror"],"picked":"Backflip","floor":10},{"not_picked":["Bouncing Flask","Escape Plan"],"picked":"Deflect","floor":12},{"not_picked":["Dagger Spray","Heel Hook"],"picked":"Dagger Throw","floor":13},{"not_picked":["Eviscerate","Dodge and Roll"],"picked":"Flying Knee","floor":14},{"not_picked":["Tools of the Trade","Doppelganger"],"picked":"Envenom","floor":16},{"not_picked":["Flying Knee","Slice"],"picked":"Reflex","floor":17},{"not_picked":["Calculated Gamble","Concentrate"],"picked":"Backstab+1","floor":18},{"not_picked":["Bouncing Flask","Slice"],"picked":"Choke+1","floor":20},{"not_picked":["Distraction","Deflect"],"picked":"Bane","floor":25}],"player_experience":417479,"relics_obtained":[{"floor":8,"key":"Regal Pillow"},{"floor":9,"key":"Vajra"},{"floor":13,"key":"Anchor"},{"floor":25,"key":"Shuriken"},{"floor":26,"key":"Omamori"}],"event_choices":[{"damage_healed":0,"gold_gain":0,"player_choice":"Donut","damage_taken":0,"max_hp_gain":5,"max_hp_loss":0,"event_name":"Big Fish","floor":2,"gold_loss":0},{"cards_removed":["Strike_G"],"damage_healed":0,"gold_gain":0,"player_choice":"Card Removal","damage_taken":7,"max_hp_gain":0,"max_hp_loss":0,"event_name":"Golden Wing","floor":3,"gold_loss":0},{"damage_healed":0,"gold_gain":0,"player_choice":"Grow","damage_taken":0,"max_hp_gain":0,"max_hp_loss":0,"event_name":"Living Wall","floor":4,"gold_loss":0,"cards_upgraded":["Neutralize"]},{"damage_healed":0,"gold_gain":0,"player_choice":"Ignored","damage_taken":0,"max_hp_gain":0,"max_hp_loss":0,"event_name":"Vampires","floor":21,"gold_loss":0},{"damage_healed":0,"gold_gain":0,"player_choice":"Paid Fearfully","damage_taken":0,"max_hp_gain":0,"max_hp_loss":0,"event_name":"Masked Bandits","floor":24,"gold_loss":30}],"is_beta":false,"boss_relics":[{"not_picked":["Lizard Tail","Busted Crown"],"picked":"Tiny House"}],"items_purged_floors":[19],"is_endless":false,"potions_floor_spawned":[5,8,13,14,16,20,25],"killed_by":"Centurion and Healer","ascension_level":1}