{"gold_per_floor":[211,235,254,254,31,31,66,66,147,161,3,3,32,60,60,134,134,145,157,73,108,126,126,140,140,193,193,193,209,234,252,252,330,330,348,366,366,366,381,381,38,38,38,38,49,49,62,62,62,62],"floor_reached":51,"playtime":2346,"items_purged":["Defend_B"],"score":1295,"play_id":"027d8d9f-0eef-40cc-8133-d3bc8b258cf7","local_time":"20190425131738","is_ascension_mode":true,"campfire_choices":[{"data":"Zap","floor":6.0,"key":"SMITH"},{"data":"Melter","floor":8.0,"key":"SMITH"},{"data":"Doom and Gloom","floor":12.0,"key":"SMITH"},{"data":"Conserve Battery","floor":15.0,"key":"SMITH"},{"floor":23,"key":"REST"},{"data":"Defragment","floor":25,"key":"SMITH"},{"floor":27,"key":"REST"},{"data":"Redo","floor":32,"key":"SMITH"},{"floor":40,"key":"REST"},{"floor":49,"key":"REST"}],"neow_cost":"NONE","seed_source_timestamp":182390624241100,"circlet_count":0,"master_deck":["AscendersBane","Strike_B","Strike_B","Strike_B","Defend_B","Defend_B","Zap+1","Dualcast","Melter+1","Cold Snap","Steam","Conserve Battery+1","Doom and Gloom+1","Seek+1","Chill","Biased Cognition","Cold Snap","Defragment+1","Redo+1","Seek","Coolheaded","Conserve Battery+1","Consume+1","Coolheaded","Coolheaded","Writhe","BootSequence+1"],"special_seed":0,"relics":["FrozenCore","Pen Nib","HandDrill","Bronze Scales","Ornamental Fan","Torii","Odd Mushroom","Inserter","Red Mask","Ancient Tea Set","Lantern","Mummified Hand","Pear"],"potions_floor_usage":[30,33,39,39,50],"damage_taken":[{"damage":1.0,"enemies":"Cultist","floor":1.0,"turns":3.0},{"damage":2.0,"enemies":"Jaw Worm","floor":3.0,"turns":3.0},{"damage":22.0,"enemies":"Lagavulin","floor":7.0,"turns":6.0},{"damage":0.0,"enemies":"2 Louse","floor":10.0,"turns":2.0},{"damage":0.0,"enemies":"Gremlin Nob","floor":13.0,"turns":2.0},{"damage":0.0,"enemies":"The Mushroom Lair","floor":14.0,"turns":2.0},{"damage":10.0,"enemies":"The Guardian","floor":16.0,"turns":10.0},{"damage":1,"enemies":"Chosen","floor":18,"turns":4},{"damage":1,"enemies":"3 Byrds","floor":19,"turns":4},{"damage":35,"enemies":"Masked Bandits","floor":21,"turns":4},{"damage":0,"enemies":"Cultist and Chosen","floor":22,"turns":6},{"damage":9,"enemies":"Snake Plant","floor":24,"turns":4},{"damage":2,"enemies":"Snecko","floor":29,"turns":4},{"damage":2,"enemies":"Book of Stabbing","floor":30,"turns":5},{"damage":0,"enemies":"Sentry and Sphere","floor":31,"turns":5},{"damage":49,"enemies":"Automaton","floor":33,"turns":11},{"damage":1,"enemies":"3 Darklings","floor":35,"turns":5},{"damage":0,"enemies":"3 Shapes","floor":36,"turns":8},{"damage":24,"enemies":"Transient","floor":39,"turns":6},{"damage":18,"enemies":"4 Shapes","floor":45,"turns":8},{"damage":0,"enemies":"Maw","floor":47,"turns":10},{"damage":17,"enemies":"Donu and Deca","floor":50,"turns":16}],"seed_played":"-135775630295889910","potions_obtained":[{"floor":1.0,"key":"FearPotion"},{"floor":21,"key":"GamblersBrew"},{"floor":22,"key":"SneckoOil"},{"floor":29,"key":"GamblersBrew"},{"floor":31,"key":"Energy Potion"},{"floor":36,"key":"AttackPotion"},{"floor":47,"key":"AttackPotion"}],"is_trial":false,"path_per_floor":["M","T","M","?","$","R","E","R","T","M","$","R","E","?","R","B",null,"M","M","$","?","M","R","M","R","T","R","?","M","E","M","R","B",null,"M","M","?","?","M","R","$","?","T","$","M","$","M","$","R","B",null],"character_chosen":"DEFECT","items_purchased":["HandDrill","Doom and Gloom","Defragment","Mummified Hand","Coolheaded"],"campfire_rested":4,"item_purchase_floors":[5,11,20,41,41],"current_hp_per_floor":[63,63,61,61,61,61,39,39,39,39,39,39,39,39,39,29,61,60,59,59,24,24,45,36,36,36,57,57,55,53,53,53,4,54,53,53,53,53,29,50,50,64,74,74,56,56,56,56,80,63],"gold":62,"neow_bonus":"HUNDRED_GOLD","is_prod":false,"is_daily":false,"chose_seed":false,"campfire_upgraded":6,"win_rate":0,"timestamp":1556212658,"path_taken":["M","?","?","?","$","R","E","R","T","M","?","R","E","?","R","BOSS","M","M","$","?","M","R","M","R","T","R","?","M","E","M","R","BOSS","M","?","?","?","?","R","$","?","T","$","M","?","M","$","R","BOSS"],"build_version":"2019-04-23","purchased_purges":1,"victory":true,"max_hp_per_floor":[71,71,71,71,71,71,71,71,71,71,71,71,71,71,71,71,71,71,71,71,71,71,71,71,71,71,71,71,71,71,71,71,71,71,71,71,71,71,71,71,71,71,81,81,81,81,81,81,81,81],"card_choices":[{"not_picked":["Darkness","Steam Power"],"picked":"Melter","floor":1.0},{"not_picked":["Conserve Battery","Steam Power"],"picked":"Cold Snap","floor":3.0},{"not_picked":["Leap","Ball Lightning"],"picked":"Steam","floor":7.0},{"not_picked":["Undo","Storm"],"picked":"Conserve Battery","floor":10.0},{"not_picked":["Compile Driver","Conserve Battery"],"picked":"Seek","floor":13.0},{"not_picked":["Steam","Skim"],"picked":"Chill","floor":14.0},{"not_picked":["Amplify","Reboot"],"picked":"Biased Cognition","floor":16.0},{"not_picked":["Beam Cell","Double Energy","Rip and Tear"],"picked":"SKIP","floor":18},{"not_picked":["Storm","Leap"],"picked":"Cold Snap","floor":19},{"not_picked":["Gash","Sunder"],"picked":"Redo","floor":21},{"not_picked":["Doom and Gloom","BootSequence+1"],"picked":"Seek","floor":22},{"not_picked":["Fusion","Gash"],"picked":"Coolheaded","floor":24},{"not_picked":["Rebound","Ball Lightning","Turbo"],"picked":"SKIP","floor":29},{"not_picked":["Sweeping Beam","Steam","Turbo+1"],"picked":"SKIP","floor":30},{"not_picked":["Undo","Chaos+1"],"picked":"Conserve Battery+1","floor":31},{"not_picked":["Ball Lightning","Turbo+1","Rip and Tear"],"picked":"SKIP","floor":35},{"not_picked":["Barrage+1","Redo+1"],"picked":"Consume+1","floor":36},{"not_picked":["Fusion","Cold Snap"],"picked":"Coolheaded","floor":39},{"not_picked":["Turbo+1","Sweeping Beam"],"picked":"BootSequence+1","floor":45},{"not_picked":["Self Repair","Compile Driver","Double Energy"],"picked":"SKIP","floor":47}],"player_experience":682474,"relics_obtained":[{"floor":2.0,"key":"Pen Nib"},{"floor":7.0,"key":"Bronze Scales"},{"floor":9.0,"key":"Ornamental Fan"},{"floor":13.0,"key":"Torii"},{"floor":14.0,"key":"Odd Mushroom"},{"floor":21,"key":"Red Mask"},{"floor":26,"key":"Ancient Tea Set"},{"floor":30,"key":"Lantern"},{"floor":43,"key":"Pear"}],"event_choices":[{"cards_removed":["Strike_B"],"damage_healed":0.0,"max_hp_gain":0.0,"max_hp_loss":0.0,"gold_gain":0.0,"event_name":"Wheel of Change","player_choice":"Card Removal","floor":4.0,"gold_loss":0.0,"damage_taken":0.0},{"damage_healed":0.0,"max_hp_gain":0.0,"max_hp_loss":0.0,"gold_gain":0.0,"event_name":"Mushrooms","player_choice":"Fought Mushrooms","floor":14.0,"gold_loss":0.0,"damage_taken":0.0},{"damage_healed":0,"gold_gain":0,"player_choice":"Fought Bandits","damage_taken":0,"max_hp_gain":0,"max_hp_loss":0,"event_name":"Masked Bandits","floor":21,"gold_loss":0},{"damage_healed":0,"gold_gain":0,"player_choice":"0 cards matched","damage_taken":0,"max_hp_gain":0,"max_hp_loss":0,"event_name":"Match and Keep!","floor":28,"gold_loss":0,"cards_obtained":[]},{"cards_removed":["Defend_B"],"damage_healed":0,"gold_gain":0,"player_choice":"Removed Skill","damage_taken":0,"max_hp_gain":0,"max_hp_loss":0,"event_name":"Falling","floor":37,"gold_loss":0},{"damage_healed":0,"gold_gain":0,"player_choice":"Forge","damage_taken":0,"max_hp_gain":0,"max_hp_loss":0,"event_name":"Accursed Blacksmith","floor":38,"gold_loss":0,"cards_upgraded":["Seek"]},{"damage_healed":14,"gold_gain":0,"player_choice":"Writhe","damage_taken":0,"max_hp_gain":0,"max_hp_loss":0,"event_name":"Winding Halls","floor":42,"gold_loss":0,"cards_obtained":["Writhe"]}],"is_beta":true,"boss_relics":[{"not_picked":["Sozu","Empty Cage"],"picked":"Inserter"},{"not_picked":["Snecko Eye","Coffee Dripper"],"picked":"FrozenCore"}],"items_purged_floors":[11],"is_endless":false,"potions_floor_spawned":[1,21,22,29,31,36,47],"ascension_level":17}