{"gold_per_floor":[111,123,42,61,61,92,92,107,107,107,120,120,137,162,162,267,267,286,67,79,79,90,90],"floor_reached":23,"playtime":1737,"items_purged":["Strike_G"],"score":258,"play_id":"4d60cc6e-4248-4016-a11f-f055b16fe9f1","local_time":"20190510094833","is_ascension_mode":true,"campfire_choices":[{"data":"Neutralize","floor":10,"key":"SMITH"},{"data":"Storm of Steel","floor":12,"key":"SMITH"},{"data":"Noxious Fumes","floor":15,"key":"SMITH"}],"neow_cost":"PERCENT_DAMAGE","seed_source_timestamp":314706379384600,"circlet_count":0,"master_deck":["Defend_G","Defend_G","Defend_G","Defend_G","Defend_G","Strike_G","Strike_G","Strike_G","Survivor","Neutralize+1","Deflect","Backstab","Noxious Fumes+1","Crippling Poison","Deadly Poison","Storm of Steel+1","Cloak And Dagger","Sucker Punch","After Image","Blade Dance+1","Dodge and Roll","Ghostly","Ghostly","Ghostly","Ghostly","Ghostly","Choke+1"],"relics":["Ring of the Snake","Sundial","CultistMask","FossilizedHelix","Du-Vu Doll","Eternal Feather","Pen Nib"],"potions_floor_usage":[13,16,16],"damage_taken":[{"damage":0,"enemies":"Small Slimes","floor":1,"turns":3},{"damage":2,"enemies":"Jaw Worm","floor":2,"turns":5},{"damage":0,"enemies":"Cultist","floor":4,"turns":3},{"damage":16,"enemies":"3 Sentries","floor":6,"turns":6},{"damage":0,"enemies":"3 Louse","floor":8,"turns":2},{"damage":0,"enemies":"2 Fungi Beasts","floor":11,"turns":3},{"damage":0,"enemies":"Gremlin Gang","floor":13,"turns":5},{"damage":13,"enemies":"Gremlin Nob","floor":14,"turns":4},{"damage":4,"enemies":"The Guardian","floor":16,"turns":9},{"damage":14,"enemies":"Spheric Guardian","floor":18,"turns":6},{"damage":0,"enemies":"Shell Parasite","floor":20,"turns":7},{"damage":3,"enemies":"Shelled Parasite and Fungi","floor":22,"turns":8},{"damage":41,"enemies":"Book of Stabbing","floor":23,"turns":8}],"seed_played":"-4647117008355431409","potions_obtained":[{"floor":1,"key":"PowerPotion"},{"floor":6,"key":"Fire Potion"},{"floor":13,"key":"PowerPotion"},{"floor":16,"key":"Energy Potion"},{"floor":22,"key":"Regen Potion"}],"is_trial":false,"path_per_floor":["M","M","$","M","?","E","?","M","T","R","M","R","M","E","R","B",null,"M","$","M","?","M","E"],"character_chosen":"THE_SILENT","items_purchased":["Noxious Fumes","Pen Nib"],"campfire_rested":0,"item_purchase_floors":[3,19],"current_hp_per_floor":[63,61,61,61,61,45,45,45,45,45,45,45,45,32,32,28,84,70,70,70,42,39,0],"gold":90,"neow_bonus":"TWENTY_PERCENT_HP_BONUS","is_prod":false,"is_daily":false,"chose_seed":false,"campfire_upgraded":3,"win_rate":0,"timestamp":1557461913,"path_taken":["M","M","$","M","?","E","?","?","T","R","M","R","M","E","R","BOSS","M","$","M","?","M","E"],"build_version":"2019-01-23","purchased_purges":1,"victory":false,"max_hp_per_floor":[84,84,84,84,84,84,84,84,84,84,84,84,84,84,84,84,84,84,84,84,42,42,42],"card_choices":[{"not_picked":["Escape Plan","Dagger Throw"],"picked":"Deflect","floor":1},{"not_picked":["Reflex","Prepared"],"picked":"Backstab","floor":2},{"not_picked":["Deadly Poison","Concentrate"],"picked":"Crippling Poison","floor":4},{"not_picked":["Slice","Sucker Punch"],"picked":"Storm of Steel","floor":6},{"not_picked":["Accuracy","Slice"],"picked":"Cloak And Dagger","floor":8},{"not_picked":["Poisoned Stab","Choke","Finisher"],"picked":"SKIP","floor":11},{"not_picked":["Quick Slash","Predator"],"picked":"Sucker Punch","floor":13},{"not_picked":["Tools of the Trade","Reflex","Underhanded Strike"],"picked":"SKIP","floor":14},{"not_picked":["Tools of the Trade","Burst"],"picked":"After Image","floor":16},{"not_picked":["PiercingWail","Infinite Blades"],"picked":"Blade Dance+1","floor":18},{"not_picked":["Quick Slash","Cloak And Dagger"],"picked":"Dodge and Roll","floor":20},{"not_picked":["Distraction","PiercingWail"],"picked":"Choke+1","floor":22}],"player_experience":163395,"relics_obtained":[{"floor":6,"key":"Sundial"},{"floor":9,"key":"FossilizedHelix"},{"floor":14,"key":"Du-Vu Doll"}],"event_choices":[{"damage_healed":0,"gold_gain":0,"cards_transformed":["Strike_G"],"player_choice":"Change","damage_taken":0,"max_hp_gain":0,"max_hp_loss":0,"event_name":"Living Wall","floor":5,"gold_loss":0,"cards_obtained":["Deadly Poison"]},{"damage_healed":0,"gold_gain":0,"player_choice":"Trade","damage_taken":0,"relics_obtained":["CultistMask"],"max_hp_gain":0,"max_hp_loss":0,"event_name":"FaceTrader","floor":7,"gold_loss":0},{"damage_healed":0,"gold_gain":0,"player_choice":"Became a Ghost","damage_taken":0,"max_hp_gain":0,"max_hp_loss":42,"event_name":"Ghosts","floor":21,"gold_loss":0,"cards_obtained":["Ghostly","Ghostly","Ghostly","Ghostly","Ghostly"]}],"is_beta":false,"boss_relics":[{"not_picked":["Coffee Dripper","Ring of the Serpent"],"picked":"Eternal Feather"}],"items_purged_floors":[19],"is_endless":false,"potions_floor_spawned":[1,6,13,16,22],"killed_by":"Book of Stabbing","ascension_level":3}