{"gold_per_floor":[113,133,26,46,62,62,74,107,154,154,164,193,193],"floor_reached":13,"playtime":759,"items_purged":[],"score":170,"play_id":"7adea259-456a-498b-8c19-d27b8d594c4e","local_time":"20190504234143","is_ascension_mode":true,"campfire_choices":[{"data":"Bash","floor":6,"key":"SMITH"},{"floor":10,"key":"REST"}],"neow_cost":"PERCENT_DAMAGE","seed_source_timestamp":0,"circlet_count":0,"master_deck":["AscendersBane","Strike_R","Strike_R","Strike_R","Strike_R","Strike_R","Defend_R","Defend_R","Defend_R","Defend_R","Bash+1","Impervious","Cleave","Dropkick","Feel No Pain","Hemokinesis","Thunderclap","Sentinel","Sever Soul"],"special_seed":0,"relics":["Burning Blood","Art of War","Ornamental Fan"],"potions_floor_usage":[8,13],"damage_taken":[{"damage":1.0,"enemies":"Cultist","floor":1.0,"turns":3.0},{"damage":4.0,"enemies":"Small Slimes","floor":2.0,"turns":4.0},{"damage":5,"enemies":"Jaw Worm","floor":4,"turns":3},{"damage":24,"enemies":"Exordium Thugs","floor":5,"turns":4},{"damage":9,"enemies":"3 Louse","floor":7,"turns":4},{"damage":23,"enemies":"Gremlin Nob","floor":8,"turns":5},{"damage":6,"enemies":"Blue Slaver","floor":11,"turns":3},{"damage":41,"enemies":"3 Sentries","floor":12,"turns":10},{"damage":23,"enemies":"Exordium Thugs","floor":13,"turns":4}],"seed_played":"3733301414906554488","potions_obtained":[{"floor":1.0,"key":"BloodPotion"},{"floor":2,"key":"Ancient Potion"},{"floor":12,"key":"Explosive Potion"}],"is_trial":false,"path_per_floor":["M","M","$","M","M","R","M","E","T","R","M","E","M"],"character_chosen":"IRONCLAD","items_purchased":["Feel No Pain","Hemokinesis"],"campfire_rested":1,"item_purchase_floors":[3,3],"current_hp_per_floor":[55,57,57,58,40,40,37,27,27,49,49,14,0],"gold":193,"neow_bonus":"THREE_RARE_CARDS","is_prod":false,"is_daily":false,"chose_seed":false,"campfire_upgraded":1,"win_rate":0,"timestamp":1557027703,"path_taken":["M","M","$","?","M","R","M","E","T","R","?","E","M"],"build_version":"2019-01-23","purchased_purges":0,"victory":false,"max_hp_per_floor":[75,75,75,75,75,75,75,75,75,75,75,75,75],"card_choices":[{"not_picked":["Double Tap","Offering"],"picked":"Impervious","floor":0.0},{"not_picked":["Havoc","Dropkick"],"picked":"Cleave","floor":1.0},{"not_picked":["Heavy Blade","Flame Barrier"],"picked":"Dropkick","floor":2},{"not_picked":["Cleave","Ghostly Armor"],"picked":"Thunderclap","floor":4},{"not_picked":["Iron Wave","Burning Pact"],"picked":"Sentinel","floor":5},{"not_picked":["Heavy Blade","Wild Strike"],"picked":"Sever Soul","floor":7},{"not_picked":["Fire Breathing","Exhume","Twin Strike"],"picked":"SKIP","floor":8},{"not_picked":["Pommel Strike","Searing Blow","Clothesline"],"picked":"SKIP","floor":11},{"not_picked":["Carnage","Warcry","Sword Boomerang"],"picked":"SKIP","floor":12}],"player_experience":2137796,"relics_obtained":[{"floor":8,"key":"Art of War"},{"floor":12,"key":"Ornamental Fan"}],"event_choices":[],"is_beta":false,"boss_relics":[],"items_purged_floors":[],"is_endless":false,"potions_floor_spawned":[1,2,7,12],"killed_by":"Exordium Thugs","ascension_level":15}