{"gold_per_floor":[110,185,202,127,127,155,155,186,186,50,50,61,75,36,36,135,135,150,25,41,41,41,41,41,41,114,114,114,131,131,131,131,131],"floor_reached":33,"playtime":1276,"items_purged":["Strike_G","Strike_G","Strike_G"],"score":274,"play_id":"790c658a-dd9a-40f5-be84-39156b9ce51e","local_time":"20181115122056","is_ascension_mode":true,"campfire_choices":[{"floor":7,"key":"REST"},{"floor":11,"key":"REST"},{"floor":15,"key":"REST"},{"floor":23,"key":"REST"},{"data":"Night Terror","floor":25,"key":"SMITH"},{"data":"Adrenaline","floor":28,"key":"SMITH"},{"floor":32,"key":"REST"}],"neow_cost":"NONE","seed_source_timestamp":66173904044212,"circlet_count":0,"master_deck":["Defend_G+1","Defend_G+1","Defend_G+1","Defend_G+1","Defend_G+1","Strike_G+1","Strike_G+1","Survivor","Neutralize","Blade Dance","Cloak And Dagger","Flechettes","Adrenaline+1","Terror","Footwork","Well Laid Plans","Footwork","Night Terror+1","Finisher","Blade Dance","Distraction+1"],"relics":["Ring of the Snake","Omamori","Juzu Bracelet","Mercury Hourglass","WristBlade","Pear"],"potions_floor_usage":[6,8,8],"damage_taken":[{"damage":16,"enemies":"2 Louse","floor":1,"turns":3},{"damage":4,"enemies":"Small Slimes","floor":3,"turns":4},{"damage":13,"enemies":"3 Sentries","floor":6,"turns":15},{"damage":12,"enemies":"Gremlin Nob","floor":8,"turns":3},{"damage":6,"enemies":"Jaw Worm","floor":12,"turns":3},{"damage":0,"enemies":"2 Fungi Beasts","floor":13,"turns":2},{"damage":46,"enemies":"Slime Boss","floor":16,"turns":13},{"damage":5,"enemies":"3 Byrds","floor":18,"turns":6},{"damage":51,"enemies":"Chosen","floor":20,"turns":6},{"damage":23,"enemies":"Centurion and Healer","floor":29,"turns":5},{"damage":8,"enemies":"Colosseum Slavers","floor":30,"turns":4},{"damage":77,"enemies":"Automaton","floor":33,"turns":6}],"seed_played":"-132258259311857483","potions_obtained":[{"floor":0,"key":"SteroidPotion"},{"floor":0,"key":"Ancient Potion"},{"floor":0,"key":"Block Potion"},{"floor":6,"key":"Poison Potion"}],"is_trial":false,"path_per_floor":["M","?","M","$","?","E","R","E","T","$","R","M","M","$","R","B",null,"M","$","M","$","?","R","?","R","T","?","R","M","?","?","R","B"],"character_chosen":"THE_SILENT","items_purchased":["Terror","Footwork"],"campfire_rested":5,"item_purchase_floors":[10,14],"current_hp_per_floor":[54,43,39,39,25,12,33,21,21,21,42,36,36,36,57,11,70,65,65,14,14,14,35,35,35,45,45,45,22,14,14,38,0],"gold":131,"neow_bonus":"THREE_SMALL_POTIONS","is_prod":false,"is_daily":false,"chose_seed":false,"campfire_upgraded":2,"win_rate":0,"timestamp":1542255656,"path_taken":["M","?","M","$","?","E","R","E","T","$","R","M","M","$","R","BOSS","M","$","M","$","?","R","?","R","T","?","R","M","?","?","R","BOSS"],"build_version":"2018-11-08","purchased_purges":3,"victory":false,"max_hp_per_floor":[70,70,70,70,70,70,70,70,70,70,70,70,70,70,70,70,70,70,70,70,70,70,70,70,70,80,80,80,80,80,80,80,80],"card_choices":[{"not_picked":["Predator","Bouncing Flask"],"picked":"Blade Dance","floor":1},{"not_picked":["Slice","Backflip"],"picked":"Cloak And Dagger","floor":3},{"not_picked":["Slice","Outmaneuver"],"picked":"Flechettes","floor":6},{"not_picked":["Prepared","Backstab"],"picked":"Adrenaline","floor":8},{"not_picked":["Quick Slash","Dagger Spray"],"picked":"Footwork","floor":12},{"not_picked":["Masterful Stab","Reflex"],"picked":"Well Laid Plans","floor":13},{"not_picked":["Malaise","Unload"],"picked":"Night Terror","floor":16},{"not_picked":["Reflex","Acrobatics"],"picked":"Finisher","floor":18},{"not_picked":["Heel Hook+1","Tactician+1"],"picked":"Blade Dance","floor":20},{"not_picked":["Acrobatics","Bane+1"],"picked":"Distraction+1","floor":29}],"player_experience":440466,"relics_obtained":[{"floor":6,"key":"Omamori"},{"floor":8,"key":"Juzu Bracelet"},{"floor":9,"key":"Mercury Hourglass"},{"floor":26,"key":"Pear"}],"event_choices":[{"damage_healed":0,"gold_gain":75,"player_choice":"Gather Gold","damage_taken":11,"max_hp_gain":0,"max_hp_loss":0,"event_name":"World of Goop","floor":2,"gold_loss":0},{"damage_healed":0,"gold_gain":0,"player_choice":"Entered Light","damage_taken":14,"max_hp_gain":0,"max_hp_loss":0,"event_name":"Shining Light","floor":5,"gold_loss":0,"cards_upgraded":["Defend_G","Defend_G"]},{"damage_healed":0,"gold_gain":0,"player_choice":"Ignored","damage_taken":0,"max_hp_gain":0,"max_hp_loss":0,"event_name":"The Mausoleum","floor":22,"gold_loss":0},{"damage_healed":0,"gold_gain":0,"player_choice":"Ignored","damage_taken":0,"max_hp_gain":0,"max_hp_loss":0,"event_name":"Vampires","floor":24,"gold_loss":0},{"damage_healed":0,"gold_gain":0,"player_choice":"Simplicity","damage_taken":0,"max_hp_gain":0,"max_hp_loss":0,"event_name":"Back to Basics","floor":27,"gold_loss":0,"cards_upgraded":["Defend_G","Defend_G","Defend_G","Strike_G","Strike_G"]},{"damage_healed":0,"gold_gain":0,"player_choice":"Fight","damage_taken":0,"max_hp_gain":0,"max_hp_loss":0,"event_name":"Colosseum","floor":30,"gold_loss":0},{"damage_healed":0,"gold_gain":0,"player_choice":"Fled From Nobs","damage_taken":0,"max_hp_gain":0,"max_hp_loss":0,"event_name":"Colosseum","floor":30,"gold_loss":0},{"damage_healed":0,"gold_gain":0,"player_choice":"Smashed Altar","damage_taken":0,"max_hp_gain":0,"max_hp_loss":0,"event_name":"Forgotten Altar","floor":31,"gold_loss":0,"cards_obtained":["Decay"]}],"is_beta":false,"boss_relics":[{"not_picked":["Fusion Hammer","Ring of the Serpent"],"picked":"WristBlade"}],"items_purged_floors":[4,10,19],"is_endless":false,"potions_floor_spawned":[6],"killed_by":"Automaton","ascension_level":2}