{"gold_per_floor":[365,39,114,134,147,147,173,173,249,267,31,31,362,362,362,467,467,486,486,506,506,516,516,531,531,581,593,605,605,605,632,632,735,735,751,765,164,184,216,216,244,244,317,337,337,337,337,51,51,51],"floor_reached":51,"playtime":2188,"items_purged":["Strike_G"],"score":710,"play_id":"85fd505a-63ae-4c78-a3bd-ad58d5caf2fb","local_time":"20190202230113","is_ascension_mode":false,"campfire_choices":[{"floor":6.0,"key":"REST"},{"data":"Footwork","floor":8.0,"key":"SMITH"},{"floor":12.0,"key":"REST"},{"data":"Blade Dance","floor":15.0,"key":"SMITH"},{"data":"Neutralize","floor":23.0,"key":"SMITH"},{"floor":25.0,"key":"REST"},{"floor":30.0,"key":"REST"},{"floor":32.0,"key":"REST"},{"data":"Cloak And Dagger","floor":40.0,"key":"SMITH"},{"floor":42.0,"key":"REST"},{"data":"Malaise","floor":45,"key":"SMITH"},{"data":"Blade Dance","floor":49,"key":"SMITH"}],"neow_cost":"PERCENT_DAMAGE","seed_source_timestamp":42023394918400,"circlet_count":0,"master_deck":["Defend_G","Defend_G","Defend_G","Defend_G","Defend_G","Strike_G","Survivor","Neutralize+1","Blade Dance+1","Footwork+1","Accuracy+1","Distraction","Noxious Fumes","Dagger Spray","Night Terror+1","Adrenaline+1","Cloak And Dagger+1","Predator+1","Backstab","Necronomicurse","Footwork+1","Finisher","Backstab+1","Footwork+1","Blur+1","Malaise+1","Cloak And Dagger+1","Cloak And Dagger+1","HandOfGreed","Blade Dance+1","Envenom","Shame","Deep Breath"],"special_seed":0,"relics":["Ring of the Snake","Ninja Scroll","Bag of Preparation","Question Card","HandDrill","Old Coin","Astrolabe","Necronomicon","Strawberry","Red Mask","Cursed Key","Mummified Hand","Oddly Smooth Stone","Anchor","Calipers"],"potions_floor_usage":[],"damage_taken":[{"damage":0.0,"enemies":"2 Louse","floor":1.0,"turns":3.0},{"damage":1.0,"enemies":"Jaw Worm","floor":4.0,"turns":5.0},{"damage":0.0,"enemies":"Cultist","floor":5.0,"turns":4.0},{"damage":28.0,"enemies":"3 Sentries","floor":7.0,"turns":12.0},{"damage":3.0,"enemies":"Large Slime","floor":10.0,"turns":9.0},{"damage":10.0,"enemies":"Gremlin Nob","floor":13.0,"turns":5.0},{"damage":27.0,"enemies":"Hexaghost","floor":16.0,"turns":8.0},{"damage":0.0,"enemies":"Spheric Guardian","floor":18.0,"turns":1.0},{"damage":0.0,"enemies":"3 Byrds","floor":20.0,"turns":5.0},{"damage":0.0,"enemies":"Centurion and Healer","floor":22.0,"turns":5.0},{"damage":11.0,"enemies":"Shelled Parasite and Fungi","floor":24.0,"turns":5.0},{"damage":0.0,"enemies":"Snecko","floor":27.0,"turns":3.0},{"damage":20.0,"enemies":"Sentry and Sphere","floor":28.0,"turns":4.0},{"damage":25.0,"enemies":"Masked Bandits","floor":31.0,"turns":5.0},{"damage":43.0,"enemies":"Collector","floor":33.0,"turns":8.0},{"damage":8.0,"enemies":"3 Shapes","floor":35.0,"turns":5.0},{"damage":0.0,"enemies":"3 Darklings","floor":36.0,"turns":2.0},{"damage":1.0,"enemies":"Transient","floor":38.0,"turns":5.0},{"damage":1.0,"enemies":"Sphere and 2 Shapes","floor":39.0,"turns":3.0},{"damage":22.0,"enemies":"Nemesis","floor":41.0,"turns":9.0},{"damage":0,"enemies":"Writhing Mass","floor":44,"turns":3},{"damage":24,"enemies":"Awakened One","floor":50,"turns":15}],"seed_played":"6314050509570058239","potions_obtained":[{"floor":1.0,"key":"Swift Potion"},{"floor":5.0,"key":"PowerPotion"},{"floor":7.0,"key":"Block Potion"},{"floor":18.0,"key":"Dexterity Potion"},{"floor":27.0,"key":"Swift Potion"},{"floor":28.0,"key":"PowerPotion"},{"floor":35.0,"key":"Explosive Potion"},{"floor":41.0,"key":"Fire Potion"}],"is_trial":false,"path_per_floor":["M","$","?","M","M","R","E","R","T","M","$","R","E","?","R","B",null,"M","?","M","?","M","R","M","R","T","M","M","?","R","?","R","B",null,"M","M","$","M","M","R","E","R","T","M","R","?","?","$","R","B",null],"character_chosen":"THE_SILENT","items_purchased":["Ninja Scroll","HandDrill","Dagger Spray","Mummified Hand","HandOfGreed","Oddly Smooth Stone","Blade Dance","Calipers"],"campfire_rested":6,"item_purchase_floors":[2,11,11,37,37,37,37,48],"current_hp_per_floor":[49,49,38,37,37,58,30,30,30,27,27,48,38,38,38,11,70,70,54,54,54,54,54,43,64,71,71,51,51,74,49,72,29,77,69,69,69,68,67,67,45,68,68,68,68,68,68,68,68,44],"gold":51,"neow_bonus":"TWO_FIFTY_GOLD","is_prod":false,"is_daily":false,"chose_seed":false,"campfire_upgraded":6,"win_rate":0,"timestamp":1549166473,"path_taken":["M","$","?","M","M","R","E","R","T","M","$","R","E","?","R","BOSS","M","?","M","?","?","R","M","R","T","M","M","?","R","?","R","BOSS","M","M","$","M","M","R","E","R","T","M","R","?","?","$","R","BOSS"],"build_version":"2019-01-23","purchased_purges":1,"victory":true,"max_hp_per_floor":[70,70,70,70,70,70,70,70,70,70,70,70,70,70,70,70,70,70,70,70,70,70,70,70,70,77,77,77,77,77,77,77,77,77,77,77,77,77,77,77,77,77,77,77,77,77,73,73,73,73],"card_choices":[{"not_picked":["Predator","Bane"],"picked":"Blade Dance","floor":1.0},{"not_picked":["Concentrate","Dodge and Roll"],"picked":"Footwork","floor":4.0},{"not_picked":["Cloak And Dagger","Dagger Throw"],"picked":"Accuracy","floor":5.0},{"not_picked":["Bullet Time","Outmaneuver"],"picked":"Distraction","floor":7.0},{"not_picked":["Flying Knee","All Out Attack","Bane"],"picked":"Noxious Fumes","floor":10.0},{"not_picked":["Quick Slash","Dagger Spray","Dagger Throw","PiercingWail"],"picked":"SKIP","floor":13.0},{"not_picked":["Doppelganger","Phantasmal Killer","Wraith Form v2"],"picked":"Night Terror","floor":16.0},{"not_picked":["Caltrops","Tactician","Catalyst"],"picked":"Backstab","floor":18.0},{"not_picked":["Bouncing Flask+1","Poisoned Stab","Flying Knee","Quick Slash"],"picked":"SKIP","floor":20.0},{"not_picked":["Dagger Spray","Finisher","Escape Plan"],"picked":"Footwork+1","floor":22.0},{"not_picked":["Dodge and Roll","Eviscerate","Prepared"],"picked":"Finisher","floor":24.0},{"not_picked":["Bane","Blur+1","Poisoned Stab"],"picked":"Backstab+1","floor":27.0},{"not_picked":["Escape Plan","Blade Dance","Doppelganger"],"picked":"Footwork+1","floor":28.0},{"not_picked":["Sucker Punch","Finisher","Distraction"],"picked":"Blur+1","floor":31.0},{"not_picked":["Grand Finale","Doppelganger","Unload"],"picked":"Malaise","floor":33.0},{"not_picked":["Dagger Spray+1","Blur+1","Dash+1"],"picked":"Cloak And Dagger","floor":35.0},{"not_picked":["Prepared+1","Glass Knife","Deadly Poison"],"picked":"Cloak And Dagger+1","floor":36.0},{"not_picked":["Deflect","Dash+1","Flying Knee+1","Slice"],"picked":"SKIP","floor":38.0},{"not_picked":["Leg Sweep","Reflex+1","Acrobatics+1","Setup"],"picked":"SKIP","floor":39.0},{"not_picked":["Endless Agony","Cloak And Dagger+1","Bullet Time"],"picked":"Envenom","floor":41.0},{"not_picked":["Dagger Spray","Underhanded Strike","Deflect+1","Leg Sweep"],"picked":"SKIP","floor":44},{"not_picked":["HandOfGreed","Violence","Enlightenment"],"picked":"Deep Breath","floor":46}],"player_experience":566541,"relics_obtained":[{"floor":7.0,"key":"Bag of Preparation"},{"floor":9.0,"key":"Question Card"},{"floor":13.0,"key":"Old Coin"},{"floor":19.0,"key":"Necronomicon"},{"floor":26.0,"key":"Strawberry"},{"floor":31.0,"key":"Red Mask"},{"floor":41.0,"key":"Anchor"}],"event_choices":[{"damage_healed":0.0,"max_hp_gain":0.0,"max_hp_loss":0.0,"gold_gain":75.0,"event_name":"World of Goop","player_choice":"Gather Gold","floor":3.0,"gold_loss":0.0,"damage_taken":11.0},{"damage_healed":0.0,"max_hp_gain":0.0,"max_hp_loss":0.0,"gold_gain":0.0,"event_name":"Accursed Blacksmith","player_choice":"Forge","floor":14.0,"gold_loss":0.0,"damage_taken":0.0,"cards_upgraded":["Accuracy"]},{"damage_healed":0.0,"max_hp_gain":0.0,"max_hp_loss":0.0,"gold_gain":0.0,"event_name":"Cursed Tome","player_choice":"Obtained Book","floor":19.0,"gold_loss":0.0,"damage_taken":16.0},{"damage_healed":0.0,"max_hp_gain":0.0,"max_hp_loss":0.0,"gold_gain":0.0,"event_name":"Upgrade Shrine","player_choice":"Upgraded","floor":21.0,"gold_loss":0.0,"damage_taken":0.0,"cards_upgraded":["Night Terror"]},{"damage_healed":0.0,"max_hp_gain":0.0,"max_hp_loss":0.0,"gold_gain":0.0,"event_name":"Ghosts","player_choice":"Ignored","floor":29.0,"gold_loss":0.0,"damage_taken":0.0},{"damage_healed":0.0,"max_hp_gain":0.0,"max_hp_loss":0.0,"gold_gain":0.0,"event_name":"Masked Bandits","player_choice":"Fought Bandits","floor":31.0,"gold_loss":0.0,"damage_taken":0.0},{"damage_healed":0,"gold_gain":0,"player_choice":"Memory 1","damage_taken":0,"max_hp_gain":0,"max_hp_loss":0,"event_name":"SensoryStone","floor":46,"gold_loss":0},{"damage_healed":0,"gold_gain":0,"player_choice":"Max HP","damage_taken":0,"max_hp_gain":0,"max_hp_loss":4,"event_name":"Winding Halls","floor":47,"gold_loss":0}],"is_beta":true,"boss_relics":[{"not_picked":["Calling Bell","Eternal Feather"],"picked":"Astrolabe"},{"not_picked":["Snecko Eye","Lizard Tail"],"picked":"Cursed Key"}],"items_purged_floors":[2],"is_endless":false,"potions_floor_spawned":[1,5,7,18,27,28,35,41],"ascension_level":0}