{"gold_per_floor":[115,132,132,147,167,167,179,179,228,262,281,281,309,322,322,417,417,432,451,57,57,70,98,98,113,113,129,129,161,161,161,161,161],"floor_reached":33,"playtime":1339,"items_purged":[],"score":527,"play_id":"20508f96-ec1b-46ae-b867-0c2d37113602","local_time":"20190126231330","is_ascension_mode":true,"campfire_choices":[{"data":"Inflame","floor":6,"key":"SMITH"},{"data":"Bash","floor":8,"key":"SMITH"},{"data":"Perfected Strike","floor":12,"key":"SMITH"},{"data":"Clash","floor":15,"key":"SMITH"},{"data":"Perfected Strike","floor":24,"key":"SMITH"},{"data":"Clash","floor":28,"key":"SMITH"},{"floor":30,"key":"REST"},{"data":"Clash","floor":32,"key":"SMITH"}],"neow_cost":"NONE","seed_source_timestamp":90415197999500,"circlet_count":0,"master_deck":["AscendersBane","Strike_R","Strike_R","Strike_R","Strike_R","Strike_R","Defend_R","Defend_R","Defend_R","Defend_R","Bash+1","Perfected Strike+1","Clash+1","Thunderclap","Inflame+1","Perfected Strike+1","Clash+1","Immolate","Warcry+1","Clash+1","Perfected Strike+1","Clash"],"relics":["Burning Blood","Orichalcum","Toxic Egg 2","Dream Catcher","Sozu","Anchor","Matryoshka","Dodecahedron","Blood Vial","Meat on the Bone","Pantograph"],"potions_floor_usage":[14,22,23],"damage_taken":[{"damage":0,"enemies":"Cultist","floor":1,"turns":4},{"damage":8,"enemies":"2 Louse","floor":2,"turns":4},{"damage":7,"enemies":"Jaw Worm","floor":4,"turns":3},{"damage":1,"enemies":"2 Fungi Beasts","floor":5,"turns":4},{"damage":8,"enemies":"Large Slime","floor":7,"turns":4},{"damage":13,"enemies":"3 Sentries","floor":10,"turns":6},{"damage":3,"enemies":"Blue Slaver","floor":11,"turns":2},{"damage":0,"enemies":"Gremlin Nob","floor":13,"turns":2},{"damage":15,"enemies":"Lots of Slimes","floor":14,"turns":4},{"damage":35,"enemies":"Hexaghost","floor":16,"turns":7},{"damage":6,"enemies":"Shell Parasite","floor":18,"turns":2},{"damage":0,"enemies":"Spheric Guardian","floor":19,"turns":2},{"damage":22,"enemies":"3 Cultists","floor":22,"turns":4},{"damage":5,"enemies":"Gremlin Leader","floor":23,"turns":4},{"damage":13,"enemies":"Snecko","floor":25,"turns":3},{"damage":2,"enemies":"Cultist and Chosen","floor":27,"turns":4},{"damage":34,"enemies":"Slavers","floor":29,"turns":3},{"damage":84,"enemies":"Champ","floor":33,"turns":6}],"seed_played":"-6784120455142084039","potions_obtained":[{"floor":4,"key":"Strength Potion"},{"floor":10,"key":"Block Potion"},{"floor":16,"key":"Energy Potion"}],"is_trial":false,"path_per_floor":["M","M","?","M","M","R","M","R","T","E","M","R","E","M","R","B",null,"M","M","$","?","M","E","R","M","T","M","R","E","R","?","R","B"],"character_chosen":"IRONCLAD","items_purchased":["Anchor","Matryoshka"],"campfire_rested":1,"item_purchase_floors":[20,20],"current_hp_per_floor":[78,76,76,75,80,80,78,78,78,71,74,74,80,71,71,42,71,71,77,77,77,61,62,62,55,55,61,61,47,71,56,56,0],"gold":161,"neow_bonus":"THREE_CARDS","is_prod":false,"is_daily":false,"chose_seed":false,"campfire_upgraded":7,"win_rate":0,"timestamp":1548562410,"path_taken":["M","?","?","M","M","R","M","R","T","E","?","R","E","M","R","BOSS","M","M","$","?","M","E","R","M","T","M","R","E","R","?","R","BOSS"],"build_version":"2019-01-23","purchased_purges":0,"victory":false,"max_hp_per_floor":[80,80,80,80,80,80,80,80,80,80,80,80,80,80,80,80,80,80,80,80,80,80,80,80,80,80,80,80,80,80,85,85,85],"card_choices":[{"not_picked":["Anger","Thunderclap"],"picked":"Perfected Strike","floor":0},{"not_picked":["Havoc","Intimidate"],"picked":"Clash","floor":1},{"not_picked":["Intimidate","Havoc"],"picked":"Thunderclap","floor":2},{"not_picked":["Cleave","True Grit"],"picked":"Inflame","floor":4},{"not_picked":["Second Wind","Headbutt","Anger"],"picked":"SKIP","floor":5},{"not_picked":["Body Slam","Heavy Blade","Warcry"],"picked":"SKIP","floor":7},{"not_picked":["Thunderclap","Exhume"],"picked":"Perfected Strike","floor":10},{"not_picked":["Pummel","Sentinel+1"],"picked":"Clash","floor":11},{"not_picked":["Flex+1","Headbutt","Blood for Blood"],"picked":"SKIP","floor":13},{"not_picked":["Shrug It Off+1","Flex+1","Cleave"],"picked":"SKIP","floor":14},{"not_picked":["Dark Embrace","Exhume+1"],"picked":"Immolate","floor":16},{"not_picked":["Havoc+1","Combust"],"picked":"Warcry+1","floor":18},{"not_picked":["Bloodletting+1","Shockwave+1"],"picked":"Clash","floor":19},{"not_picked":["Iron Wave","Warcry+1"],"picked":"Perfected Strike","floor":22},{"not_picked":["Dark Embrace","Dual Wield+1","Entrench+1"],"picked":"SKIP","floor":23},{"not_picked":["Shockwave+1","Wild Strike","Armaments+1"],"picked":"SKIP","floor":25},{"not_picked":["Heavy Blade","Cleave+1","Shrug It Off+1"],"picked":"SKIP","floor":27},{"not_picked":["Sever Soul","Feel No Pain","True Grit+1"],"picked":"SKIP","floor":29},{"not_picked":["Sword Boomerang","Wild Strike"],"picked":"Clash","floor":30}],"player_experience":541072,"relics_obtained":[{"floor":9,"key":"Orichalcum"},{"floor":10,"key":"Toxic Egg 2"},{"floor":13,"key":"Dream Catcher"},{"floor":23,"key":"Dodecahedron"},{"floor":26,"key":"Blood Vial"},{"floor":26,"key":"Meat on the Bone"},{"floor":29,"key":"Pantograph"}],"event_choices":[{"damage_healed":0,"gold_gain":0,"player_choice":"Upgraded","damage_taken":0,"max_hp_gain":0,"max_hp_loss":0,"event_name":"Upgrade Shrine","floor":3,"gold_loss":0,"cards_upgraded":["Perfected Strike"]},{"damage_healed":0,"gold_gain":0,"player_choice":"Ignored","damage_taken":0,"max_hp_gain":0,"max_hp_loss":0,"event_name":"Vampires","floor":21,"gold_loss":0},{"damage_healed":0,"gold_gain":0,"player_choice":"Shed Blood","damage_taken":20,"max_hp_gain":5,"max_hp_loss":0,"event_name":"Forgotten Altar","floor":31,"gold_loss":0}],"is_beta":true,"boss_relics":[{"not_picked":["Mark of Pain","Runic Pyramid"],"picked":"Sozu"}],"items_purged_floors":[],"is_endless":false,"potions_floor_spawned":[4,10,13,16,19,27],"killed_by":"Champ","ascension_level":11}