{"path_per_floor":["M","?","$","?","$","E","R","E","T","M","R","M","R","$","R","B",null,"M","?","?","M","M"],"character_chosen":"DEFECT","items_purchased":["Happy Flower"],"gold_per_floor":[115,115,40,5,5,49,49,92,117,138,138,152,152,5,5,125,125,138,138,138,156,180,180],"floor_reached":23,"campfire_rested":2,"playtime":1518,"item_purchase_floors":[14],"current_hp_per_floor":[74,56,56,74,74,64,64,18,18,17,41,41,41,41,65,16,82,82,82,57,52,50,0],"items_purged":["Normality"],"gold":180,"score":252,"play_id":"5af1127c-0e8f-4a6f-8b71-7ea9b31d40b3","local_time":"20180610185917","is_prod":false,"is_daily":false,"chose_seed":false,"is_ascension_mode":true,"campfire_upgraded":2,"win_rate":0,"timestamp":1528671557,"campfire_choices":[{"data":"Zap","floor":7,"key":"SMITH"},{"floor":11,"key":"REST"},{"data":"Double Energy","floor":13,"key":"SMITH"},{"floor":15,"key":"REST"}],"path_taken":["M","?","$","?","?","E","R","E","T","?","R","?","R","$","R","BOSS","M","?","?","?","M","E"],"build_version":"2018-06-08","seed_source_timestamp":68471900554094,"purchased_purges":1,"victory":false,"master_deck":["Defend_B","Defend_B","Defend_B","Defend_B","Zap+1","Dualcast","Coolheaded","Rainbow","Double Energy+1","Melter","Meteor Strike","Bite","Bite","Bite","Bite","Bite","Leap+1","Compile Driver"],"max_hp_per_floor":[75,75,75,75,75,82,82,82,82,82,82,82,82,82,82,82,82,82,82,57,57,57,57],"relics":["Cracked Core","Torii","Golden Idol","Strawberry","Ornamental Fan","Anchor","Happy Flower","Velvet Choker"],"card_choices":[{"not_picked":["Blizzard","Compile Driver"],"picked":"Coolheaded","floor":1},{"not_picked":["Go for the Eyes","Heatsinks"],"picked":"Rainbow","floor":6},{"not_picked":["Ball Lightning","Steam Power"],"picked":"Double Energy","floor":8},{"not_picked":["Barrage","Loop","Streamline"],"picked":"SKIP","floor":10},{"not_picked":["Steam","Redo"],"picked":"Melter","floor":12},{"not_picked":["Machine Learning","All For One"],"picked":"Meteor Strike","floor":16},{"not_picked":["Sweeping Beam","Scrape+1","Streamline"],"picked":"SKIP","floor":18},{"not_picked":["Sweeping Beam","Redo+1"],"picked":"Leap+1","floor":21},{"not_picked":["Steam","Static Discharge"],"picked":"Compile Driver","floor":22}],"player_experience":276861,"potions_floor_usage":[22,22,23],"damage_taken":[{"damage":1,"enemies":"Jaw Worm","floor":1,"turns":4},{"damage":17,"enemies":"3 Sentries","floor":6,"turns":10},{"damage":46,"enemies":"Gremlin Nob","floor":8,"turns":6},{"damage":1,"enemies":"Cultist","floor":10,"turns":3},{"damage":0,"enemies":"2 Louse","floor":12,"turns":2},{"damage":49,"enemies":"Hexaghost","floor":16,"turns":13},{"damage":0,"enemies":"Chosen","floor":18,"turns":3},{"damage":10,"enemies":"Shell Parasite","floor":21,"turns":4},{"damage":21,"enemies":"Centurion and Healer","floor":22,"turns":9},{"damage":81,"enemies":"Gremlin Leader","floor":23,"turns":7}],"relics_obtained":[{"floor":6,"key":"Strawberry"},{"floor":8,"key":"Ornamental Fan"},{"floor":9,"key":"Anchor"}],"event_choices":[{"event_name":"Golden Idol","player_choice":"Take Damage","floor":2,"damage_taken":0},{"event_name":"The Cleric","player_choice":"Healed","floor":4,"damage_taken":0},{"event_name":"Ghosts","player_choice":"Ignored","floor":19,"damage_taken":0},{"event_name":"Vampires","player_choice":"Became a vampire","floor":20,"damage_taken":0}],"boss_relics":[{"not_picked":["White Beast Statue","Inserter"],"picked":"Velvet Choker"}],"items_purged_floors":[3],"potions_floor_spawned":[10,12,22],"seed_played":"-9091459567389325858","killed_by":"Gremlin Leader","ascension_level":3,"potions_obtained":[{"floor":10,"key":"Block Potion"},{"floor":12,"key":"Fire Potion"},{"floor":22,"key":"Poison Potion"}],"is_trial":false}