{"gold_per_floor":[109,109,184,30,46,82,182,218,218,242,257,300,312,364,376,512,524,556,568,312,227,227,261,295,339,339,377,412,455,470,470,470,599,599,619,952,952,952,486,548,576,53,53,108,108,133,355,365,365,365],"floor_reached":51,"playtime":3028,"items_purged":["Grand Finale"],"score":1471,"play_id":"eeb5e947-72b4-4c33-85f8-20fa4e972b0f","local_time":"20190218205507","daily_mods":["Shiny","Vintage","Diverse","Heirloom","Flight","Binary","Night Terrors"],"is_ascension_mode":false,"campfire_choices":[{"floor":13,"key":"REST"},{"data":"Malaise","floor":15,"key":"SMITH"},{"data":"Adrenaline","floor":32,"key":"SMITH"},{"data":"Seek","floor":45,"key":"SMITH"},{"data":"After Image","floor":49,"key":"SMITH"}],"neow_cost":"","seed_source_timestamp":113842701457600,"circlet_count":0,"master_deck":["Multi-Cast","Hyperbeam","Thunder Strike","Biased Cognition","Machine Learning","Electrodynamics","Buffer","Rainbow","Seek+1","Meteor Strike","Echo Form","Reboot","Amplify","Creative AI","Core Surge","Venomology","Corpse Explosion","Malaise+1","Phantasmal Killer","Die Die Die","Adrenaline+1","Envenom","Doppelganger","Burst","Wraith Form v2","Tools of the Trade","Night Terror+1","Unload","After Image+1","Bullet Time","Storm of Steel","Glass Knife","A Thousand Cuts","Double Tap","Demon Form","Bludgeon","Feed","Limit Break","Fiend Fire","Dark Embrace","Berserk","Impervious+1","Brutality","Reaper","Exhume","Offering","Immolate","Second Wind","Leap","Inflame","Escape Plan+1","Self Repair","Amplify+1","Good Instincts+1","Cloak And Dagger+1","Adrenaline+1","Master of Strategy+1","Hologram+1"],"relics":["Ring of the Snake","Pocketwatch","Mummified Hand","PreservedInsect","Dead Branch","Blue Candle","The Specimen","War Paint","Happy Flower","MawBank","Ninja Scroll","Bag of Marbles","Black Star","Bronze Scales","MutagenicStrength","OrangePellets","Omamori","Ornamental Fan","Juzu Bracelet","Toxic Egg 2","Gremlin Horn","Oddly Smooth Stone","Snake Skull","Boot","Orichalcum","Incense Burner","Red Mask","Turnip","Pen Nib","Art of War","Dream Catcher","Empty Cage","Smiling Mask","Shuriken","TwistedFunnel","Molten Egg 2","Tiny Chest","Dodecahedron","Thread and Needle","DollysMirror","Strawberry","Tough Bandages","StoneCalendar","Lantern","Darkstone Periapt"],"potions_floor_usage":[11,11,14,16,33,33,41],"damage_taken":[{"damage":2,"enemies":"Cultist","floor":1,"turns":3},{"damage":11,"enemies":"Jaw Worm","floor":5,"turns":2},{"damage":3,"enemies":"Lagavulin","floor":6,"turns":4},{"damage":6,"enemies":"Gremlin Nob","floor":8,"turns":2},{"damage":0,"enemies":"2 Louse","floor":10,"turns":1},{"damage":0,"enemies":"2 Fungi Beasts","floor":11,"turns":2},{"damage":1,"enemies":"Lagavulin","floor":12,"turns":4},{"damage":0,"enemies":"3 Sentries","floor":14,"turns":2},{"damage":0,"enemies":"Hexaghost","floor":16,"turns":4},{"damage":5,"enemies":"2 Thieves","floor":18,"turns":3},{"damage":0,"enemies":"Slavers","floor":23,"turns":1},{"damage":0,"enemies":"Gremlin Leader","floor":24,"turns":1},{"damage":0,"enemies":"Book of Stabbing","floor":25,"turns":1},{"damage":0,"enemies":"Gremlin Leader","floor":27,"turns":1},{"damage":0,"enemies":"Masked Bandits","floor":28,"turns":1},{"damage":0,"enemies":"Slavers","floor":29,"turns":1},{"damage":0,"enemies":"Chosen","floor":30,"turns":1},{"damage":15,"enemies":"Automaton","floor":33,"turns":3},{"damage":0,"enemies":"3 Darklings","floor":35,"turns":1},{"damage":0,"enemies":"Nemesis","floor":40,"turns":1},{"damage":0,"enemies":"Giant Head","floor":41,"turns":3},{"damage":0,"enemies":"2 Orb Walkers","floor":44,"turns":1},{"damage":0,"enemies":"Orb Walker","floor":48,"turns":1},{"damage":1,"enemies":"Donu and Deca","floor":50,"turns":2}],"seed_played":"1989377288827136945","potions_obtained":[{"floor":5,"key":"Strength Potion"},{"floor":6,"key":"Poison Potion"},{"floor":12,"key":"Weak Potion"},{"floor":18,"key":"Block Potion"},{"floor":29,"key":"Energy Potion"}],"is_trial":true,"path_per_floor":["M","?","?","$","M","E","?","E","T","M","M","E","R","E","R","B",null,"M","?","$","?","?","E","E","E","T","E","?","E","M","?","R","B",null,"M","?","?","?","$","E","E","$","T","?","R","T","?","M","R","B",null],"character_chosen":"THE_SILENT","items_purchased":["PreservedInsect","OrangePellets","Shuriken","TwistedFunnel","DollysMirror","Master of Strategy+1","Strawberry"],"campfire_rested":1,"item_purchase_floors":[4,20,39,39,42,42,42],"current_hp_per_floor":[68,65,59,59,48,45,45,39,39,39,39,46,60,60,60,60,60,62,62,62,62,62,62,62,62,62,62,62,62,62,62,62,47,63,63,63,63,63,63,63,63,70,70,73,73,73,73,73,73,72],"gold":365,"neow_bonus":"","is_prod":false,"is_daily":false,"chose_seed":false,"campfire_upgraded":4,"win_rate":0,"timestamp":1550541307,"path_taken":["M","?","?","$","?","E","?","E","T","M","?","E","R","E","R","BOSS","M","?","$","?","?","E","E","E","T","E","?","E","M","?","R","BOSS","M","?","?","?","$","E","E","$","T","?","R","?","?","M","R","BOSS"],"build_version":"2019-02-06","purchased_purges":1,"victory":true,"max_hp_per_floor":[70,65,65,65,65,65,65,65,65,65,65,65,60,60,60,60,60,63,63,63,63,63,63,63,63,63,63,63,63,63,63,63,63,63,63,63,63,63,63,63,63,70,70,73,73,73,73,73,73,73],"card_choices":[{"not_picked":["Double Energy"],"picked":"Second Wind","floor":6},{"not_picked":["Flechettes"],"picked":"Leap","floor":8},{"not_picked":["Predator"],"picked":"Inflame","floor":12},{"not_picked":["Flex","Underhanded Strike"],"picked":"SKIP","floor":14},{"not_picked":["Flying Knee","Sucker Punch+1"],"picked":"SKIP","floor":23},{"not_picked":["Evolve"],"picked":"Escape Plan","floor":24},{"not_picked":["True Grit+1"],"picked":"Self Repair","floor":25},{"not_picked":["Hemokinesis+1","Ghostly Armor+1"],"picked":"SKIP","floor":27},{"not_picked":["Finisher","Poisoned Stab"],"picked":"SKIP","floor":29},{"not_picked":["Buffer"],"picked":"Amplify+1","floor":33},{"not_picked":["Discovery+1"],"picked":"Good Instincts+1","floor":37},{"not_picked":["Demon Form"],"picked":"Cloak And Dagger+1","floor":40},{"not_picked":["Beam Cell+1","Conserve Battery+1"],"picked":"SKIP","floor":41},{"not_picked":["Go for the Eyes+1"],"picked":"Hologram+1","floor":44}],"player_experience":637340,"relics_obtained":[{"floor":1,"key":"Mummified Hand"},{"floor":5,"key":"Dead Branch"},{"floor":6,"key":"Blue Candle"},{"floor":8,"key":"The Specimen"},{"floor":9,"key":"War Paint"},{"floor":10,"key":"Happy Flower"},{"floor":11,"key":"MawBank"},{"floor":12,"key":"Ninja Scroll"},{"floor":14,"key":"Bag of Marbles"},{"floor":18,"key":"Bronze Scales"},{"floor":23,"key":"Ornamental Fan"},{"floor":23,"key":"Juzu Bracelet"},{"floor":24,"key":"Toxic Egg 2"},{"floor":24,"key":"Gremlin Horn"},{"floor":25,"key":"Oddly Smooth Stone"},{"floor":25,"key":"Snake Skull"},{"floor":26,"key":"Boot"},{"floor":27,"key":"Orichalcum"},{"floor":27,"key":"Incense Burner"},{"floor":28,"key":"Red Mask"},{"floor":29,"key":"Turnip"},{"floor":29,"key":"Pen Nib"},{"floor":30,"key":"Art of War"},{"floor":35,"key":"Smiling Mask"},{"floor":40,"key":"Molten Egg 2"},{"floor":40,"key":"Tiny Chest"},{"floor":41,"key":"Dodecahedron"},{"floor":41,"key":"Thread and Needle"},{"floor":43,"key":"Tough Bandages"},{"floor":44,"key":"StoneCalendar"},{"floor":46,"key":"Lantern"},{"floor":48,"key":"Darkstone Periapt"}],"event_choices":[{"damage_healed":0,"gold_gain":0,"player_choice":"Lose Max HP","damage_taken":0,"relics_obtained":["Golden Idol"],"max_hp_gain":0,"max_hp_loss":5,"event_name":"Golden Idol","floor":2,"gold_loss":0},{"damage_healed":0,"gold_gain":75,"player_choice":"Touch","damage_taken":6,"max_hp_gain":0,"max_hp_loss":0,"event_name":"FaceTrader","floor":3,"gold_loss":0},{"damage_healed":0,"gold_gain":100,"player_choice":"Gold","damage_taken":0,"max_hp_gain":0,"max_hp_loss":0,"event_name":"Wheel of Change","floor":7,"gold_loss":0},{"damage_healed":0,"gold_gain":0,"player_choice":"Inject Mutagens","damage_taken":0,"relics_obtained":["MutagenicStrength"],"max_hp_gain":0,"max_hp_loss":0,"event_name":"Drug Dealer","floor":19,"gold_loss":0},{"damage_healed":0,"gold_gain":0,"player_choice":"Obtained Relic","damage_taken":0,"relics_obtained":["Omamori"],"max_hp_gain":0,"max_hp_loss":0,"event_name":"Addict","floor":21,"gold_loss":85},{"cards_removed":["Fission"],"damage_healed":0,"gold_gain":0,"player_choice":"Purged","damage_taken":0,"max_hp_gain":0,"max_hp_loss":0,"event_name":"Purifier","floor":22,"gold_loss":0},{"damage_healed":0,"gold_gain":0,"player_choice":"Fought Bandits","damage_taken":0,"max_hp_gain":0,"max_hp_loss":0,"event_name":"Masked Bandits","floor":28,"gold_loss":0},{"damage_healed":0,"gold_gain":0,"player_choice":"Opened","damage_taken":0,"relics_obtained":["Dream Catcher"],"max_hp_gain":0,"max_hp_loss":0,"event_name":"The Mausoleum","floor":31,"gold_loss":0},{"damage_healed":0,"gold_gain":333,"player_choice":"Gave Idol","damage_taken":0,"max_hp_gain":0,"max_hp_loss":0,"event_name":"The Moai Head","floor":36,"relics_lost":["Golden Idol"],"gold_loss":0},{"damage_healed":0,"gold_gain":0,"player_choice":"Memory 1","damage_taken":0,"max_hp_gain":0,"max_hp_loss":0,"event_name":"SensoryStone","floor":37,"gold_loss":0},{"cards_removed":["All For One"],"damage_healed":0,"gold_gain":0,"player_choice":"Removed Attack","damage_taken":0,"max_hp_gain":0,"max_hp_loss":0,"event_name":"Falling","floor":38,"gold_loss":0},{"damage_healed":0,"gold_gain":0,"player_choice":"Fight","damage_taken":0,"max_hp_gain":0,"max_hp_loss":0,"event_name":"Mysterious Sphere","floor":44,"gold_loss":0},{"damage_healed":0,"gold_gain":222,"player_choice":"Wore Mask","damage_taken":0,"max_hp_gain":0,"max_hp_loss":0,"event_name":"Tomb of Lord Red Mask","floor":47,"gold_loss":0}],"is_beta":true,"boss_relics":[{"not_picked":["Sozu","Cursed Key"],"picked":"Black Star"},{"not_picked":["Ring of the Serpent","Astrolabe"],"picked":"Empty Cage"}],"items_purged_floors":[20],"is_endless":false,"potions_floor_spawned":[5,6,10,12,18,25,29],"ascension_level":0}