{"gold_per_floor":[118,118,43,56,69,69,96,110,110,124,124,124,142,174,174,174],"floor_reached":16,"playtime":652,"items_purged":[],"score":207,"play_id":"3490dcc3-a869-436c-aedd-099022d0e758","local_time":"20190531215443","is_ascension_mode":true,"campfire_choices":[{"data":"Anger","floor":6,"key":"SMITH"},{"floor":12,"key":"REST"},{"floor":15,"key":"REST"}],"neow_cost":"NONE","seed_source_timestamp":1045016052771540,"circlet_count":0,"master_deck":["AscendersBane","Strike_R","Strike_R","Strike_R","Strike_R","Defend_R","Defend_R","Defend_R","Defend_R","Bash","Heavy Blade","Anger+1","Wild Strike","Uppercut","Disarm","Cleave"],"relics":["Burning Blood","Art of War","Potion Belt","Darkstone Periapt"],"potions_floor_usage":[7,16,16],"damage_taken":[{"damage":11,"enemies":"Jaw Worm","floor":1,"turns":5},{"damage":10,"enemies":"Small Slimes","floor":4,"turns":6},{"damage":10,"enemies":"2 Louse","floor":5,"turns":4},{"damage":40,"enemies":"3 Sentries","floor":7,"turns":7},{"damage":12,"enemies":"Exordium Wildlife","floor":8,"turns":3},{"damage":9,"enemies":"Red Slaver","floor":10,"turns":4},{"damage":14,"enemies":"Blue Slaver","floor":13,"turns":4},{"damage":32,"enemies":"Gremlin Nob","floor":14,"turns":5},{"damage":42,"enemies":"Hexaghost","floor":16,"turns":8}],"seed_played":"-7072779469439059998","potions_obtained":[{"floor":4,"key":"LiquidBronze"},{"floor":5,"key":"Explosive Potion"},{"floor":7,"key":"Poison Potion"}],"is_trial":false,"path_per_floor":["M","?","?","M","M","R","E","M","T","M","?","R","M","E","R","B"],"character_chosen":"IRONCLAD","items_purchased":[],"campfire_rested":2,"item_purchase_floors":[],"current_hp_per_floor":[70,75,75,71,67,67,33,27,27,24,24,50,42,16,42,0],"gold":174,"neow_bonus":"TEN_PERCENT_HP_BONUS","is_prod":false,"is_daily":false,"chose_seed":false,"campfire_upgraded":1,"win_rate":0,"timestamp":1559364883,"path_taken":["M","?","?","M","M","R","E","M","T","M","?","R","?","E","R","BOSS"],"build_version":"2019-01-23","purchased_purges":0,"victory":false,"max_hp_per_floor":[82,87,87,87,87,87,87,87,87,87,87,87,87,87,87,87],"card_choices":[{"not_picked":["Clash","Rage"],"picked":"Heavy Blade","floor":1},{"not_picked":["Wild Strike","Heavy Blade"],"picked":"Anger","floor":4},{"not_picked":["Sword Boomerang","Exhume","Entrench"],"picked":"SKIP","floor":5},{"not_picked":["Searing Blow","Dropkick"],"picked":"Wild Strike","floor":7},{"not_picked":["Thunderclap","Warcry"],"picked":"Uppercut","floor":8},{"not_picked":["Headbutt","Dark Embrace"],"picked":"Disarm","floor":10},{"not_picked":["Twin Strike","Clash","Thunderclap"],"picked":"SKIP","floor":13},{"not_picked":["Wild Strike","Havoc"],"picked":"Cleave","floor":14}],"player_experience":514914,"relics_obtained":[{"floor":7,"key":"Art of War"},{"floor":9,"key":"Potion Belt"},{"floor":14,"key":"Darkstone Periapt"}],"event_choices":[{"damage_healed":0,"gold_gain":0,"player_choice":"Donut","damage_taken":0,"max_hp_gain":5,"max_hp_loss":0,"event_name":"Big Fish","floor":2,"gold_loss":0},{"cards_removed":["Strike_R"],"damage_healed":0,"gold_gain":0,"player_choice":"Card Removal","damage_taken":0,"max_hp_gain":0,"max_hp_loss":0,"event_name":"The Cleric","floor":3,"gold_loss":75},{"damage_healed":0,"gold_gain":0,"player_choice":"Fled","damage_taken":0,"max_hp_gain":0,"max_hp_loss":0,"event_name":"Scrap Ooze","floor":11,"gold_loss":0}],"is_beta":false,"boss_relics":[],"items_purged_floors":[],"is_endless":false,"potions_floor_spawned":[4,5,7],"killed_by":"Hexaghost","ascension_level":17}