{"gold_per_floor":[111,111,111,37,37,75,75,114,114,127,162,182,182,291,291,411,411,432,232,147,147,147,182,281,281,305,323,323,342,342,376,376,501,501,525,858,858,195,212,243,254,254,279,299,299,299,312,312,312,312],"floor_reached":51,"playtime":2054,"items_purged":["Strike_B","Strike_B"],"score":1203,"play_id":"1044cc42-2cfa-475a-9675-e5aad973f55c","local_time":"20190123140800","is_ascension_mode":true,"campfire_choices":[{"data":"Zap","floor":7.0,"key":"SMITH"},{"data":"Loop","floor":13.0,"key":"SMITH"},{"data":"Beam Cell","floor":15.0,"key":"SMITH"},{"data":"Defragment","floor":25.0,"key":"SMITH"},{"floor":30.0,"key":"REST"},{"data":"Coolheaded","floor":32.0,"key":"SMITH"},{"data":"Loop","floor":42,"key":"SMITH"},{"data":"Buffer","floor":46,"key":"SMITH"},{"floor":49,"key":"REST"}],"neow_cost":"NONE","seed_source_timestamp":998432309935571,"circlet_count":0,"master_deck":["AscendersBane","Defend_B+1","Defend_B+1","Defend_B+1","Zap+1","Dualcast+1","Beam Cell+1","Loop+1","Ball Lightning+1","Coolheaded+1","Conserve Battery+1","Self Repair+1","BootSequence+1","Core Surge+1","Defragment+1","Coolheaded+1","Coolheaded+1","Force Field+1","Darkness+1","Biased Cognition+1","Loop+1","White Noise+1","Buffer+1","Master of Strategy+1"],"special_seed":0,"relics":["Cracked Core","NeowsBlessing","Anchor","Symbiotic Virus","Blue Candle","Happy Flower","Tiny Chest","Empty Cage","Torii","Mercury Hourglass","Shuriken","DataDisk","Cables","Inserter","OrangePellets","Bird Faced Urn","War Paint","Oddly Smooth Stone","Mark of the Bloom"],"potions_floor_usage":[39,39,50],"damage_taken":[{"damage":0.0,"enemies":"Small Slimes","floor":1.0,"turns":1.0},{"damage":0.0,"enemies":"Gremlin Nob","floor":6.0,"turns":1.0},{"damage":0.0,"enemies":"Lagavulin","floor":8.0,"turns":1.0},{"damage":0.0,"enemies":"2 Louse","floor":10.0,"turns":2.0},{"damage":23.0,"enemies":"3 Sentries","floor":11.0,"turns":8.0},{"damage":0.0,"enemies":"Jaw Worm","floor":12.0,"turns":3.0},{"damage":6.0,"enemies":"3 Sentries","floor":14.0,"turns":6.0},{"damage":29.0,"enemies":"Slime Boss","floor":16.0,"turns":5.0},{"damage":7.0,"enemies":"Shell Parasite","floor":18.0,"turns":4.0},{"damage":21.0,"enemies":"Gremlin Leader","floor":23.0,"turns":7.0},{"damage":0.0,"enemies":"Chosen","floor":27.0,"turns":4.0},{"damage":1.0,"enemies":"Colosseum Slavers","floor":28.0,"turns":4.0},{"damage":16.0,"enemies":"Snecko","floor":29.0,"turns":6.0},{"damage":17.0,"enemies":"Slavers","floor":31.0,"turns":4.0},{"damage":29.0,"enemies":"Collector","floor":33.0,"turns":12.0},{"damage":1.0,"enemies":"Orb Walker","floor":35.0,"turns":3.0},{"damage":11,"enemies":"3 Shapes","floor":39,"turns":4},{"damage":8,"enemies":"Giant Head","floor":40,"turns":9},{"damage":0,"enemies":"Spire Growth","floor":41,"turns":5},{"damage":0,"enemies":"Maw","floor":44,"turns":7},{"damage":0,"enemies":"3 Darklings","floor":47,"turns":6},{"damage":31,"enemies":"Donu and Deca","floor":50,"turns":9}],"seed_played":"-6857041923983480005","potions_obtained":[{"floor":6.0,"key":"EssenceOfSteel"},{"floor":10.0,"key":"Strength Potion"},{"floor":12.0,"key":"SpeedPotion"},{"floor":18.0,"key":"Block Potion"},{"floor":27.0,"key":"Strength Potion"},{"floor":35.0,"key":"FearPotion"},{"floor":40,"key":"Explosive Potion"}],"is_trial":false,"path_per_floor":["?","?","?","?","?","T","?","?","?","?","M","?","?"],"character_chosen":"DEFECT","items_purchased":["Loop","Defragment","Coolheaded","OrangePellets","PowerPotion","Bird Faced Urn"],"campfire_rested":2,"item_purchase_floors":[4,19,19,38,38,38],"current_hp_per_floor":[68,68,68,68,73,73,73,73,73,73,50,57,57,58,58,36,65,65,65,65,65,65,51,51,51,51,58,57,41,63,53,53,31,63,62,62,62,62,66,74,74,74,74,74,74,74,74,74,74,43],"gold":312,"neow_bonus":"THREE_ENEMY_KILL","is_prod":false,"is_daily":false,"chose_seed":false,"campfire_upgraded":7,"win_rate":0,"timestamp":1548270480,"path_taken":["M","$","?","$","?","E","R","E","T","M","E","M","R","?","R","BOSS","M","$","?","?","?","E","?","R","T","M","?","M","R","E","R","BOSS","M","?","?","$","M","E","M","R","T","?","?","R","M","?","R","BOSS"],"build_version":"2019-01-22","purchased_purges":2,"victory":true,"max_hp_per_floor":[75,75,69,69,74,74,74,74,74,74,74,74,74,74,74,74,74,74,74,74,74,74,74,74,74,74,74,74,74,74,74,74,74,74,74,74,74,74,74,74,74,74,74,74,74,74,74,74,74,74],"card_choices":[{"not_picked":["Turbo","Compile Driver"],"picked":"Beam Cell","floor":1.0},{"not_picked":["Compile Driver","All For One"],"picked":"Ball Lightning","floor":6.0},{"not_picked":["Force Field","Hello World"],"picked":"Coolheaded","floor":8.0},{"not_picked":["Hello World","Doom and Gloom"],"picked":"Conserve Battery","floor":10.0},{"not_picked":["Reinforced Body","Ball Lightning"],"picked":"Self Repair","floor":11.0},{"not_picked":["Tempest","Beam Cell"],"picked":"BootSequence","floor":12.0},{"not_picked":["All For One","Meteor Strike"],"picked":"Core Surge","floor":16.0},{"not_picked":["Steam","Rebound","Aggregate+1"],"picked":"SKIP","floor":18.0},{"not_picked":["Stack+1","Compile Driver"],"picked":"Coolheaded","floor":23.0},{"not_picked":["Doom and Gloom","Beam Cell"],"picked":"Force Field+1","floor":27.0},{"not_picked":["Steam","Meteor Strike"],"picked":"Darkness+1","floor":29.0},{"not_picked":["Leap","Compile Driver+1","Beam Cell"],"picked":"SKIP","floor":31.0},{"not_picked":["Seek","All For One"],"picked":"Biased Cognition","floor":33.0},{"not_picked":["Sweeping Beam+1","Hello World+1","Go for the Eyes"],"picked":"SKIP","floor":35.0},{"not_picked":["Rip and Tear","Barrage+1"],"picked":"Loop","floor":39},{"not_picked":["Conserve Battery+1","Steam+1"],"picked":"White Noise+1","floor":40},{"not_picked":["Rebound","Chaos+1","Cold Snap+1"],"picked":"SKIP","floor":41},{"not_picked":["Cold Snap+1","Rebound+1"],"picked":"Buffer","floor":44},{"not_picked":["HandOfGreed","Panacea"],"picked":"Master of Strategy","floor":45},{"not_picked":["FTL","Gash+1","Sweeping Beam"],"picked":"SKIP","floor":47}],"player_experience":523407,"relics_obtained":[{"floor":6.0,"key":"Anchor"},{"floor":8.0,"key":"Symbiotic Virus"},{"floor":9.0,"key":"Blue Candle"},{"floor":11.0,"key":"Happy Flower"},{"floor":22.0,"key":"Mercury Hourglass"},{"floor":23.0,"key":"Shuriken"},{"floor":26.0,"key":"DataDisk"},{"floor":31.0,"key":"Cables"},{"floor":40,"key":"War Paint"},{"floor":43,"key":"Oddly Smooth Stone"}],"event_choices":[{"damage_healed":0.0,"max_hp_gain":0.0,"max_hp_loss":6.0,"gold_gain":0.0,"event_name":"Golden Idol","player_choice":"Lose Max HP","floor":3.0,"gold_loss":0.0,"damage_taken":0.0,"relics_obtained":["Golden Idol"]},{"damage_healed":0.0,"max_hp_gain":5.0,"max_hp_loss":0.0,"gold_gain":0.0,"event_name":"Big Fish","player_choice":"Donut","floor":5.0,"gold_loss":0.0,"damage_taken":0.0},{"damage_healed":0.0,"max_hp_gain":0.0,"max_hp_loss":0.0,"gold_gain":0.0,"event_name":"Dead Adventurer","player_choice":"Searched \u00272\u0027 times","floor":14.0,"gold_loss":0.0,"damage_taken":0.0,"relics_obtained":["Tiny Chest"]},{"damage_healed":0.0,"max_hp_gain":0.0,"max_hp_loss":0.0,"gold_gain":0.0,"event_name":"Addict","player_choice":"Obtained Relic","floor":20.0,"gold_loss":85.0,"damage_taken":0.0,"relics_obtained":["Torii"]},{"damage_healed":0.0,"max_hp_gain":0.0,"max_hp_loss":0.0,"gold_gain":0.0,"event_name":"Ghosts","player_choice":"Ignored","floor":21.0,"gold_loss":0.0,"damage_taken":0.0},{"damage_healed":0.0,"max_hp_gain":0.0,"max_hp_loss":0.0,"gold_gain":99.0,"event_name":"Nest","player_choice":"Stole From Cult","floor":24.0,"gold_loss":0.0,"damage_taken":0.0},{"damage_healed":0.0,"max_hp_gain":0.0,"max_hp_loss":0.0,"gold_gain":0.0,"event_name":"Colosseum","player_choice":"Fight","floor":28.0,"gold_loss":0.0,"damage_taken":0.0},{"damage_healed":0.0,"max_hp_gain":0.0,"max_hp_loss":0.0,"gold_gain":0.0,"event_name":"Colosseum","player_choice":"Fled From Nobs","floor":28.0,"gold_loss":0.0,"damage_taken":0.0},{"damage_healed":0.0,"max_hp_gain":0.0,"max_hp_loss":0.0,"gold_gain":333.0,"event_name":"The Moai Head","player_choice":"Gave Idol","floor":36.0,"relics_lost":["Golden Idol"],"gold_loss":0.0,"damage_taken":0.0},{"cards_removed":["Strike_B"],"damage_healed":0.0,"max_hp_gain":0.0,"max_hp_loss":0.0,"gold_gain":0.0,"event_name":"Purifier","player_choice":"Purged","floor":37.0,"gold_loss":0.0,"damage_taken":0.0},{"damage_healed":0,"gold_gain":0,"player_choice":"Memory 1","damage_taken":0,"max_hp_gain":0,"max_hp_loss":0,"event_name":"SensoryStone","floor":45,"gold_loss":0},{"damage_healed":0,"gold_gain":0,"player_choice":"Upgrade","damage_taken":0,"relics_obtained":["Mark of the Bloom"],"max_hp_gain":0,"max_hp_loss":0,"event_name":"MindBloom","floor":48,"gold_loss":0,"cards_upgraded":["Defend_B","Defend_B","Dualcast","Ball Lightning","Self Repair","BootSequence","Core Surge","Coolheaded","Coolheaded","Biased Cognition","Master of Strategy"]}],"is_beta":true,"boss_relics":[{"not_picked":["Eternal Feather","Philosopher\u0027s Stone"],"picked":"Empty Cage"},{"not_picked":["Velvet Choker","Pandora\u0027s Box"],"picked":"Inserter"}],"items_purged_floors":[19,38],"is_endless":false,"potions_floor_spawned":[6,10,12,18,27,28,35,40],"ascension_level":10}