{"gold_per_floor":[109,109,129,15,34,34,34,34,34,58,73,93,116,19,19,144,144,158,181,181],"floor_reached":20,"playtime":669,"items_purged":["Injury"],"score":168,"play_id":"59bc0ac7-c094-4dab-96cd-21ac888d577e","local_time":"20181015222147","is_ascension_mode":false,"campfire_choices":[{"data":"A Thousand Cuts","floor":6,"key":"SMITH"},{"data":"Infinite Blades","floor":8,"key":"SMITH"},{"floor":15,"key":"REST"}],"neow_cost":"NONE","seed_source_timestamp":2619280757248,"circlet_count":0,"master_deck":["Defend_G","Defend_G","Defend_G","Defend_G","Defend_G","Strike_G","Strike_G","Strike_G","Strike_G","Strike_G","Survivor","Neutralize","A Thousand Cuts+1","Underhanded Strike","Infinite Blades+1","Infinite Blades","Infinite Blades","Noxious Fumes","Deflect","Slice","Tools of the Trade","Reflex","Prepared+1"],"relics":["Ring of the Snake","Golden Idol","Singing Bowl","Black Star"],"potions_floor_usage":[3,11,16,18],"damage_taken":[{"damage":2,"enemies":"Jaw Worm","floor":1,"turns":5},{"damage":2,"enemies":"Small Slimes","floor":3,"turns":2},{"damage":2,"enemies":"Cultist","floor":5,"turns":4},{"damage":12,"enemies":"Looter","floor":10,"turns":4},{"damage":3,"enemies":"Large Slime","floor":11,"turns":4},{"damage":10,"enemies":"Red Slaver","floor":12,"turns":5},{"damage":16,"enemies":"3 Louse","floor":13,"turns":3},{"damage":28,"enemies":"Hexaghost","floor":16,"turns":8},{"damage":35,"enemies":"2 Thieves","floor":18,"turns":4},{"damage":39,"enemies":"Spheric Guardian","floor":19,"turns":6},{"damage":7,"enemies":"Shelled Parasite and Fungi","floor":20,"turns":1}],"seed_played":"8090619821854479671","potions_obtained":[{"floor":1,"key":"Explosive Potion"},{"floor":10,"key":"Fire Potion"},{"floor":13,"key":"LiquidBronze"},{"floor":16,"key":"Fire Potion"},{"floor":19,"key":"Weak Potion"}],"is_trial":false,"path_per_floor":["M","?","M","$","M","R","?","R","T","M","M","M","M","$","R","B",null,"M","M"],"character_chosen":"THE_SILENT","items_purchased":["Infinite Blades","Deflect","Slice"],"campfire_rested":1,"item_purchase_floors":[4,14,14],"current_hp_per_floor":[68,68,66,66,64,64,69,69,69,59,58,50,34,34,58,30,81,46,7,0],"gold":181,"neow_bonus":"ONE_RANDOM_RARE_CARD","is_prod":false,"is_daily":false,"chose_seed":false,"campfire_upgraded":2,"win_rate":0,"timestamp":1539609707,"path_taken":["M","?","M","$","M","R","?","R","T","?","M","M","M","$","R","BOSS","M","M","M"],"build_version":"2018-10-11","purchased_purges":1,"victory":false,"max_hp_per_floor":[70,70,70,70,70,70,75,75,75,77,79,81,81,81,81,81,81,81,81,81],"card_choices":[{"not_picked":["Caltrops","Quick Slash"],"picked":"Underhanded Strike","floor":1},{"not_picked":["PiercingWail","Tactician"],"picked":"Infinite Blades","floor":3},{"not_picked":["Footwork","Deadly Poison"],"picked":"Infinite Blades","floor":5},{"not_picked":["Quick Slash","Backflip","Phantasmal Killer"],"picked":"Singing Bowl","floor":10},{"not_picked":["Calculated Gamble","Poisoned Stab","Sucker Punch"],"picked":"Singing Bowl","floor":11},{"not_picked":["Outmaneuver","Dagger Spray","Dodge and Roll"],"picked":"Singing Bowl","floor":12},{"not_picked":["Outmaneuver","Dagger Throw"],"picked":"Noxious Fumes","floor":13},{"not_picked":["Phantasmal Killer","Glass Knife"],"picked":"Tools of the Trade","floor":16},{"not_picked":["Blade Dance","All Out Attack"],"picked":"Reflex","floor":18},{"not_picked":["Underhanded Strike+1","Masterful Stab"],"picked":"Prepared+1","floor":19}],"player_experience":387035,"relics_obtained":[{"floor":9,"key":"Singing Bowl"}],"event_choices":[{"event_name":"Golden Idol","player_choice":"Take Wound","floor":2,"damage_taken":0},{"event_name":"Big Fish","player_choice":"Donut","floor":7,"damage_taken":0}],"is_beta":false,"boss_relics":[{"not_picked":["Calling Bell","Runic Pyramid"],"picked":"Black Star"}],"items_purged_floors":[4],"is_endless":false,"potions_floor_spawned":[1,10,13,16,19],"killed_by":"Shelled Parasite and Fungi","ascension_level":0}