{"gold_per_floor":[111,111,186,186,40,40,55,55,55,69,81,81],"floor_reached":12,"playtime":337,"items_purged":["Strike_G"],"score":88,"play_id":"00aa0904-4406-4825-ba86-862aa4395b7e","local_time":"20190312135444","is_ascension_mode":true,"campfire_choices":[{"data":"Noxious Fumes","floor":6,"key":"SMITH"}],"neow_cost":"NONE","seed_source_timestamp":529016413098956,"circlet_count":0,"master_deck":["Defend_G","Defend_G","Defend_G","Defend_G","Defend_G","Strike_G","Strike_G","Strike_G","Strike_G","Survivor","Neutralize+1","Catalyst","Noxious Fumes+1","PiercingWail","Deflect","Bane"],"relics":["Ring of the Snake","Bronze Scales","Mummified Hand"],"potions_floor_usage":[],"damage_taken":[{"damage":1,"enemies":"Jaw Worm","floor":1,"turns":5},{"damage":13,"enemies":"Small Slimes","floor":7,"turns":3},{"damage":0,"enemies":"2 Louse","floor":10,"turns":3},{"damage":15,"enemies":"Large Slime","floor":11,"turns":7},{"damage":32,"enemies":"Gremlin Nob","floor":12,"turns":4}],"seed_played":"-2310313137560121450","potions_obtained":[{"floor":1,"key":"Ancient Potion"},{"floor":10,"key":"Energy Potion"}],"is_trial":false,"path_per_floor":["M","?","?","?","$","R","M","$","T","M","M","E"],"character_chosen":"THE_SILENT","items_purchased":["Noxious Fumes"],"campfire_rested":0,"item_purchase_floors":[5],"current_hp_per_floor":[62,67,56,56,56,56,43,43,43,43,28,0],"gold":81,"neow_bonus":"RANDOM_COMMON_RELIC","is_prod":false,"is_daily":false,"chose_seed":false,"campfire_upgraded":1,"win_rate":0,"timestamp":1552424084,"path_taken":["M","?","?","?","$","R","M","$","T","M","M","E"],"build_version":"2019-01-23","purchased_purges":1,"victory":false,"max_hp_per_floor":[70,75,75,75,75,75,75,75,75,75,75,75],"card_choices":[{"not_picked":["Masterful Stab","Deadly Poison"],"picked":"Catalyst","floor":1},{"not_picked":["Prepared","Distraction"],"picked":"PiercingWail","floor":7},{"not_picked":["Calculated Gamble","Cloak And Dagger","Deflect"],"picked":"SKIP","floor":10},{"not_picked":["Calculated Gamble","Cloak And Dagger"],"picked":"Deflect","floor":10},{"not_picked":["Finisher","Noxious Fumes"],"picked":"Bane","floor":11}],"player_experience":699598,"relics_obtained":[{"floor":9,"key":"Mummified Hand"}],"event_choices":[{"damage_healed":0,"gold_gain":0,"player_choice":"Donut","damage_taken":0,"max_hp_gain":5,"max_hp_loss":0,"event_name":"Big Fish","floor":2,"gold_loss":0},{"damage_healed":0,"gold_gain":75,"player_choice":"Gather Gold","damage_taken":11,"max_hp_gain":0,"max_hp_loss":0,"event_name":"World of Goop","floor":3,"gold_loss":0},{"damage_healed":0,"gold_gain":0,"player_choice":"Grow","damage_taken":0,"max_hp_gain":0,"max_hp_loss":0,"event_name":"Living Wall","floor":4,"gold_loss":0,"cards_upgraded":["Neutralize"]}],"is_beta":false,"boss_relics":[],"items_purged_floors":[5],"is_endless":false,"potions_floor_spawned":[1,10],"killed_by":"Gremlin Nob","ascension_level":6}