{"gold_per_floor":[10,23,33,51,51,79,79,107,153,3,13,13,28,41,41,118,118,138,156,6,25,0,0,0,31,85,104,115,132,132,222,222,222],"floor_reached":33,"playtime":1148,"items_purged":[],"score":561,"play_id":"3b6482a8-3967-42ca-881d-7d9c6c25d1e9","local_time":"20190325205544","is_ascension_mode":true,"campfire_choices":[{"floor":7.0,"key":"REST"},{"floor":12.0,"key":"REST"},{"floor":15.0,"key":"REST"},{"floor":23.0,"key":"REST"},{"floor":30,"key":"REST"},{"data":"Noxious Fumes","floor":32,"key":"SMITH"}],"neow_cost":"NO_GOLD","seed_source_timestamp":813958348832200,"circlet_count":0,"master_deck":["AscendersBane","Defend_G","Defend_G","Defend_G","Defend_G","Strike_G","Strike_G","Strike_G","Strike_G","Survivor","Neutralize+1","Bane","Choke","Blur","Poisoned Stab","Poisoned Stab","Die Die Die","Terror","Poisoned Stab","Poisoned Stab","Wraith Form v2","PiercingWail","Backflip","Noxious Fumes+1","Injury","Dodge and Roll+1","Infinite Blades"],"special_seed":0,"relics":["Ring of the Snake","Pen Nib","Ninja Scroll","Bag of Marbles","Regal Pillow","Cursed Key","Anchor","Nilry\u0027s Codex","Strawberry","Vajra"],"potions_floor_usage":[25,29,33,33],"damage_taken":[{"damage":9.0,"enemies":"Cultist","floor":1.0,"turns":6.0},{"damage":3.0,"enemies":"Jaw Worm","floor":2.0,"turns":4.0},{"damage":0.0,"enemies":"2 Louse","floor":3.0,"turns":2.0},{"damage":10.0,"enemies":"Large Slime","floor":4.0,"turns":9.0},{"damage":34.0,"enemies":"3 Sentries","floor":6.0,"turns":11.0},{"damage":19.0,"enemies":"Gremlin Nob","floor":8.0,"turns":4.0},{"damage":0.0,"enemies":"Gremlin Gang","floor":11.0,"turns":3.0},{"damage":1.0,"enemies":"Lots of Slimes","floor":13.0,"turns":3.0},{"damage":0.0,"enemies":"3 Louse","floor":14.0,"turns":2.0},{"damage":37.0,"enemies":"Hexaghost","floor":16.0,"turns":6.0},{"damage":0.0,"enemies":"Spheric Guardian","floor":18.0,"turns":1.0},{"damage":6.0,"enemies":"2 Thieves","floor":19.0,"turns":2.0},{"damage":15.0,"enemies":"Snake Plant","floor":21.0,"turns":4.0},{"damage":0,"enemies":"Gremlin Leader","floor":25,"turns":5},{"damage":3,"enemies":"Shelled Parasite and Fungi","floor":27,"turns":3},{"damage":0,"enemies":"Centurion and Healer","floor":28,"turns":5},{"damage":0,"enemies":"Snake Plant","floor":29,"turns":1},{"damage":69,"enemies":"Automaton","floor":33,"turns":6}],"seed_played":"7349754452593562239","potions_obtained":[{"floor":4.0,"key":"Swift Potion"},{"floor":8.0,"key":"Strength Potion"},{"floor":11.0,"key":"Fire Potion"},{"floor":27,"key":"LiquidBronze"},{"floor":28,"key":"SkillPotion"},{"floor":29,"key":"EssenceOfSteel"}],"is_trial":false,"path_per_floor":["M","M","M","M","?","E","R","E","T","$","M","R","M","M","R","B",null,"M","M","$","M","?","R","?","E","T","M","M","M","R","?","R","B"],"character_chosen":"THE_SILENT","items_purchased":["Regal Pillow","Anchor"],"campfire_rested":5,"item_purchase_floors":[10,20],"current_hp_per_floor":[50,47,47,37,37,3,22,3,3,3,3,37,36,36,66,29,57,57,51,51,36,36,66,45,52,52,49,49,49,73,59,59,0],"gold":222,"neow_bonus":"REMOVE_TWO","is_prod":false,"is_daily":false,"chose_seed":false,"campfire_upgraded":1,"win_rate":0,"timestamp":1553561744,"path_taken":["M","M","?","M","?","E","R","E","T","?","M","R","M","M","R","BOSS","M","?","$","M","?","R","?","E","T","M","M","M","R","?","R","BOSS"],"build_version":"2019-03-15","purchased_purges":0,"victory":false,"max_hp_per_floor":[66,66,66,66,66,66,66,66,66,66,66,66,66,66,66,66,66,66,66,66,66,66,66,66,73,73,73,73,73,73,73,73,73],"card_choices":[{"not_picked":["Cloak And Dagger","Tactician"],"picked":"Bane","floor":1.0},{"not_picked":["Quick Slash","Deflect"],"picked":"Choke","floor":2.0},{"not_picked":["Prepared","Masterful Stab"],"picked":"Blur","floor":3.0},{"not_picked":["Dodge and Roll","Blade Dance"],"picked":"Poisoned Stab","floor":4.0},{"not_picked":["PiercingWail","Acrobatics"],"picked":"Poisoned Stab","floor":6.0},{"not_picked":["Backflip","Quick Slash"],"picked":"Die Die Die","floor":8.0},{"not_picked":["Quick Slash","Dagger Throw"],"picked":"Terror","floor":11.0},{"not_picked":["Bane","Accuracy"],"picked":"Poisoned Stab","floor":13.0},{"not_picked":["Dodge and Roll","Blade Dance"],"picked":"Poisoned Stab","floor":14.0},{"not_picked":["Doppelganger","Grand Finale"],"picked":"Wraith Form v2","floor":16.0},{"not_picked":["Outmaneuver","Masterful Stab"],"picked":"PiercingWail","floor":18.0},{"not_picked":["Acrobatics","Underhanded Strike"],"picked":"Backflip","floor":19.0},{"not_picked":["Poisoned Stab","Dash","Underhanded Strike"],"picked":"SKIP","floor":21.0},{"not_picked":["Heel Hook+1","Quick Slash"],"picked":"Noxious Fumes","floor":25},{"not_picked":["Outmaneuver+1","Acrobatics"],"picked":"Dodge and Roll+1","floor":27},{"not_picked":["Dagger Throw","Deadly Poison"],"picked":"Infinite Blades","floor":28},{"not_picked":["Poisoned Stab","Slice","Dodge and Roll"],"picked":"SKIP","floor":29}],"player_experience":671478,"relics_obtained":[{"floor":6.0,"key":"Pen Nib"},{"floor":8.0,"key":"Ninja Scroll"},{"floor":9.0,"key":"Bag of Marbles"},{"floor":24.0,"key":"Nilry\u0027s Codex"},{"floor":25,"key":"Strawberry"},{"floor":26,"key":"Vajra"}],"event_choices":[{"damage_healed":0.0,"max_hp_gain":0.0,"max_hp_loss":0.0,"gold_gain":0.0,"event_name":"Accursed Blacksmith","player_choice":"Forge","floor":5.0,"gold_loss":0.0,"damage_taken":0.0,"cards_upgraded":["Neutralize"]},{"damage_healed":0.0,"max_hp_gain":0.0,"max_hp_loss":0.0,"gold_gain":0.0,"event_name":"Masked Bandits","player_choice":"Paid Fearfully","floor":22.0,"gold_loss":25.0,"damage_taken":0.0},{"damage_healed":0.0,"max_hp_gain":0.0,"max_hp_loss":0.0,"gold_gain":0.0,"event_name":"Cursed Tome","player_choice":"Obtained Book","floor":24.0,"gold_loss":0.0,"damage_taken":21.0},{"damage_healed":0,"gold_gain":90,"player_choice":"GOLD ","damage_taken":14,"max_hp_gain":0,"max_hp_loss":0,"event_name":"Knowing Skull","floor":31,"potions_obtained":[],"gold_loss":0,"cards_obtained":[]}],"is_beta":true,"boss_relics":[{"not_picked":["Astrolabe","Snecko Eye"],"picked":"Cursed Key"}],"items_purged_floors":[],"is_endless":false,"potions_floor_spawned":[4,8,11,16,27,28,29],"killed_by":"Automaton","ascension_level":15}