{"gold_per_floor":[110,125,125,136,147,147,72,82,106,139,169,169,244,264,264,264],"floor_reached":16,"playtime":511,"items_purged":[],"score":184,"play_id":"35c5f625-c946-4747-8c9c-2fb6f5367254","local_time":"20190524204445","is_ascension_mode":true,"campfire_choices":[{"data":"Bash","floor":6,"key":"SMITH"},{"floor":15,"key":"REST"}],"neow_cost":"NONE","seed_source_timestamp":719888397885561,"circlet_count":0,"master_deck":["AscendersBane","Strike_R","Strike_R","Strike_R","Strike_R","Defend_R","Defend_R","Defend_R","Defend_R","Bash+1","Whirlwind","Feel No Pain","Battle Trance"],"relics":["Burning Blood","Boot","Art of War","Vajra"],"potions_floor_usage":[10,16,16],"damage_taken":[{"damage":8,"enemies":"Jaw Worm","floor":1,"turns":6},{"damage":0,"enemies":"Small Slimes","floor":2,"turns":3},{"damage":6,"enemies":"Cultist","floor":4,"turns":4},{"damage":9,"enemies":"Blue Slaver","floor":5,"turns":7},{"damage":12,"enemies":"Looter","floor":8,"turns":3},{"damage":44,"enemies":"Gremlin Nob","floor":10,"turns":5},{"damage":12,"enemies":"Exordium Wildlife","floor":14,"turns":3},{"damage":48,"enemies":"The Guardian","floor":16,"turns":15}],"seed_played":"5082991776521787777","potions_obtained":[{"floor":1,"key":"BloodPotion"},{"floor":2,"key":"PowerPotion"},{"floor":14,"key":"Weak Potion"}],"is_trial":false,"path_per_floor":["M","M","$","M","M","R","?","M","T","E","?","?","?","M","R","B"],"character_chosen":"IRONCLAD","items_purchased":[],"campfire_rested":1,"item_purchase_floors":[],"current_hp_per_floor":[73,79,79,79,76,76,76,70,70,32,32,32,21,15,39,0],"gold":264,"neow_bonus":"TEN_PERCENT_HP_BONUS","is_prod":false,"is_daily":false,"chose_seed":false,"campfire_upgraded":1,"win_rate":0,"timestamp":1558701885,"path_taken":["M","M","$","M","M","R","?","M","T","E","?","?","?","M","R","BOSS"],"build_version":"2019-01-23","purchased_purges":0,"victory":false,"max_hp_per_floor":[82,82,82,82,82,82,82,82,82,82,82,82,82,82,82,82],"card_choices":[{"not_picked":["Burning Pact","Searing Blow"],"picked":"Whirlwind","floor":1},{"not_picked":["Anger","Corruption","Rage"],"picked":"SKIP","floor":2},{"not_picked":["Uppercut","Dual Wield","Bloodletting"],"picked":"SKIP","floor":4},{"not_picked":["Flex","Iron Wave"],"picked":"Feel No Pain","floor":5},{"not_picked":["Headbutt","Corruption","Iron Wave"],"picked":"SKIP","floor":8},{"not_picked":["Pommel Strike","Rampage"],"picked":"Battle Trance","floor":10},{"not_picked":["True Grit","Berserk","Pommel Strike"],"picked":"SKIP","floor":14}],"player_experience":590129,"relics_obtained":[{"floor":9,"key":"Boot"},{"floor":10,"key":"Art of War"}],"event_choices":[{"cards_removed":["Strike_R"],"damage_healed":0,"gold_gain":0,"player_choice":"Card Removal","damage_taken":0,"max_hp_gain":0,"max_hp_loss":0,"event_name":"The Cleric","floor":7,"gold_loss":75},{"damage_healed":0,"gold_gain":30,"player_choice":"Searched \u00272\u0027 times","damage_taken":0,"relics_obtained":["Vajra"],"max_hp_gain":0,"max_hp_loss":0,"event_name":"Dead Adventurer","floor":11,"gold_loss":0},{"damage_healed":0,"gold_gain":0,"player_choice":"Ignored","damage_taken":0,"max_hp_gain":0,"max_hp_loss":0,"event_name":"Golden Idol","floor":12,"gold_loss":0},{"damage_healed":0,"gold_gain":75,"player_choice":"Gather Gold","damage_taken":11,"max_hp_gain":0,"max_hp_loss":0,"event_name":"World of Goop","floor":13,"gold_loss":0}],"is_beta":false,"boss_relics":[],"items_purged_floors":[],"is_endless":false,"potions_floor_spawned":[1,2,8,14],"killed_by":"The Guardian","ascension_level":16}