{"gold_per_floor":[112,122,122,141,66,66,66,66,92,135,135,35,35,79,79,207,207,227,152,152,170,45,45,88,88,115,115,134,150,0,0],"floor_reached":31,"playtime":2010,"items_purged":["Strike_G","Strike_G","Defend_G","Strike_G"],"score":337,"play_id":"8731cc16-a4c0-405d-a685-983c1c85dc28","local_time":"20190419130525","is_ascension_mode":true,"campfire_choices":[{"data":"Neutralize","floor":6,"key":"SMITH"},{"floor":8,"key":"RECALL"},{"data":"Footwork","floor":15,"key":"SMITH"},{"data":"Venomology","floor":23,"key":"SMITH"},{"data":"Blur","floor":27,"key":"SMITH"}],"neow_cost":"NONE","seed_source_timestamp":2804911438949914,"circlet_count":0,"master_deck":["Defend_G+1","Defend_G","Defend_G+1","Strike_G","Survivor","Neutralize+1","Bouncing Flask","Footwork+1","Venomology+1","Blur","Backstab","Blur+1","Burst"],"relics":["Ring of the Serpent","Golden Idol","War Paint","Bag of Preparation","Pear","MutagenicStrength","Vajra","Anchor"],"potions_floor_usage":[14,21,24,28,29,29,31,31,31],"damage_taken":[{"damage":3,"enemies":"Jaw Worm","floor":1,"turns":6},{"damage":7,"enemies":"Small Slimes","floor":2,"turns":4},{"damage":0,"enemies":"2 Louse","floor":4,"turns":3},{"damage":9,"enemies":"Lagavulin","floor":10,"turns":7},{"damage":13,"enemies":"3 Sentries","floor":14,"turns":10},{"damage":10,"enemies":"Hexaghost","floor":16,"turns":10},{"damage":35,"enemies":"3 Byrds","floor":18,"turns":10},{"damage":8,"enemies":"Chosen","floor":21,"turns":5},{"damage":0,"enemies":"Book of Stabbing","floor":24,"turns":8},{"damage":0,"enemies":"Snecko","floor":28,"turns":6},{"damage":0,"enemies":"Snake Plant","floor":29,"turns":6},{"damage":68,"enemies":"3 Cultists","floor":31,"turns":7}],"seed_played":"7752694218556923311","potions_obtained":[{"floor":4,"key":"Explosive Potion"},{"floor":16,"key":"FearPotion"},{"floor":24,"key":"GhostInAJar"},{"floor":28,"key":"GhostInAJar"}],"is_trial":false,"path_per_floor":["M","M","?","M","$","R","?","R","T","E","?","$","?","E","R","B",null,"M","?","?","M","$","R","E","$","T","R","M","M","$","M"],"character_chosen":"THE_SILENT","items_purchased":[],"campfire_rested":0,"item_purchase_floors":[],"current_hp_per_floor":[74,67,48,48,48,48,41,41,41,32,37,37,34,31,31,21,92,57,57,57,49,49,49,49,49,49,49,49,49,49,0],"gold":0,"neow_bonus":"TEN_PERCENT_HP_BONUS","is_prod":false,"is_daily":false,"chose_seed":false,"campfire_upgraded":4,"win_rate":0,"timestamp":1555693525,"path_taken":["M","M","?","M","$","R","?","R","T","E","?","$","?","E","R","BOSS","M","?","?","M","$","R","E","?","T","R","M","M","$","M"],"build_version":"2019-01-23","purchased_purges":4,"victory":false,"max_hp_per_floor":[77,77,77,77,77,77,77,77,77,77,82,82,82,92,92,92,92,92,92,92,92,92,92,92,92,92,92,92,92,92,92],"card_choices":[{"not_picked":["Acrobatics","Setup"],"picked":"Bouncing Flask","floor":1},{"not_picked":["PiercingWail","Masterful Stab","Finisher"],"picked":"SKIP","floor":2},{"not_picked":["Catalyst","Riddle With Holes","Crippling Poison"],"picked":"SKIP","floor":4},{"not_picked":["Acrobatics","Outmaneuver"],"picked":"Footwork","floor":10},{"not_picked":["Poisoned Stab","Wraith Form v2","Quick Slash"],"picked":"SKIP","floor":14},{"not_picked":["Tools of the Trade","Wraith Form v2"],"picked":"Venomology","floor":16},{"not_picked":["Flechettes","Riddle With Holes+1"],"picked":"Blur","floor":18},{"not_picked":["Dagger Spray","Distraction+1"],"picked":"Backstab","floor":21},{"not_picked":["Doppelganger","Slice+1"],"picked":"Blur","floor":24},{"not_picked":["Caltrops","Dagger Throw","Cloak And Dagger"],"picked":"SKIP","floor":28},{"not_picked":["Poisoned Stab","Dagger Throw+1"],"picked":"Burst","floor":29}],"player_experience":210798,"relics_obtained":[{"floor":10,"key":"War Paint"},{"floor":14,"key":"Pear"},{"floor":24,"key":"Vajra"},{"floor":26,"key":"Anchor"}],"event_choices":[{"damage_healed":0,"gold_gain":0,"player_choice":"Take Damage","damage_taken":19,"relics_obtained":["Golden Idol"],"max_hp_gain":0,"max_hp_loss":0,"event_name":"Golden Idol","floor":3,"gold_loss":0},{"cards_removed":["Defend_G"],"damage_healed":0,"gold_gain":0,"player_choice":"Card Removal","damage_taken":7,"max_hp_gain":0,"max_hp_loss":0,"event_name":"Golden Wing","floor":7,"gold_loss":0},{"damage_healed":0,"gold_gain":0,"player_choice":"Donut","damage_taken":0,"max_hp_gain":5,"max_hp_loss":0,"event_name":"Big Fish","floor":11,"gold_loss":0},{"damage_healed":0,"gold_gain":0,"player_choice":"Success","damage_taken":3,"relics_obtained":["Bag of Preparation"],"max_hp_gain":0,"max_hp_loss":0,"event_name":"Scrap Ooze","floor":13,"gold_loss":0},{"cards_removed":["Strike_G"],"damage_healed":0,"gold_gain":0,"player_choice":"Gave Gold","damage_taken":0,"max_hp_gain":0,"max_hp_loss":0,"event_name":"Beggar","floor":19,"gold_loss":75},{"damage_healed":0,"gold_gain":0,"player_choice":"Inject Mutagens","damage_taken":0,"relics_obtained":["MutagenicStrength"],"max_hp_gain":0,"max_hp_loss":0,"event_name":"Drug Dealer","floor":20,"gold_loss":0}],"is_beta":false,"boss_relics":[{"not_picked":["WristBlade","HoveringKite"],"picked":"Ring of the Serpent"}],"items_purged_floors":[5,12,22,30],"is_endless":false,"potions_floor_spawned":[4,16,24,28],"killed_by":"3 Cultists","ascension_level":2}