{"gold_per_floor":[112,37,37,51,64,64,75,75,75,75,106,56,76,91,91,186,186,204,204,215,226,53,53,79,79,79,91,106,138,156,173,173,273,273,283,283,39,87,102,102,102,102,102,102,131,131,165,265,265,265],"floor_reached":51,"playtime":2584,"items_purged":["Writhe","Strike_R","Defend_R"],"score":820,"play_id":"d36b54f7-4a5e-4425-a667-be0d37aa2847","local_time":"20190515143554","is_ascension_mode":false,"campfire_choices":[{"data":"Bash","floor":6,"key":"SMITH"},{"data":"Immolate","floor":8,"key":"SMITH"},{"data":"True Grit","floor":10,"key":"SMITH"},{"data":"Feed","floor":15,"key":"SMITH"},{"data":"Uppercut","floor":23,"key":"SMITH"},{"floor":32,"key":"REST"},{"data":"Offering","floor":40,"key":"SMITH"},{"data":"Corruption","floor":42,"key":"SMITH"},{"data":"Shrug It Off","floor":44,"key":"SMITH"},{"data":"Double Tap","floor":46,"key":"SMITH"},{"floor":49,"key":"REST"}],"neow_cost":"CURSE","seed_source_timestamp":442467992964200,"circlet_count":0,"master_deck":["Strike_R","Strike_R","Defend_R","Defend_R","Defend_R","Bash+1","Immolate+1","True Grit+1","Headbutt","Shrug It Off+1","Feed+1","Pommel Strike","Clash","Offering+1","Shrug It Off","Uppercut+1","Bloodletting+1","Clash+1","Uppercut+1","Exhume","Corruption+1","Madness","Madness","Double Tap+1","Intimidate+1","Metallicize"],"relics":["Burning Blood","Ornamental Fan","Vajra","Centennial Puzzle","Black Star","MutagenicStrength","Meat on the Bone","Torii","Bottled Lightning","Juzu Bracelet","Ancient Tea Set","Runic Dome","Du-Vu Doll","FossilizedHelix","Gremlin Horn","Orichalcum","Thread and Needle","Molten Egg 2","Magic Flower"],"potions_floor_usage":[16,16,16,21,24,28,31,33,48,50],"damage_taken":[{"damage":6,"enemies":"Jaw Worm","floor":1,"turns":3},{"damage":0,"enemies":"2 Louse","floor":4,"turns":2},{"damage":6,"enemies":"Cultist","floor":5,"turns":3},{"damage":5,"enemies":"2 Fungi Beasts","floor":7,"turns":2},{"damage":2,"enemies":"3 Sentries","floor":11,"turns":6},{"damage":2,"enemies":"Large Slime","floor":13,"turns":4},{"damage":2,"enemies":"Blue Slaver","floor":14,"turns":4},{"damage":53,"enemies":"The Guardian","floor":16,"turns":13},{"damage":16,"enemies":"3 Byrds","floor":18,"turns":4},{"damage":16,"enemies":"Chosen","floor":20,"turns":4},{"damage":12,"enemies":"Snake Plant","floor":21,"turns":5},{"damage":7,"enemies":"Slavers","floor":24,"turns":5},{"damage":10,"enemies":"Chosen and Byrds","floor":27,"turns":2},{"damage":17,"enemies":"Centurion and Healer","floor":28,"turns":5},{"damage":21,"enemies":"Book of Stabbing","floor":29,"turns":5},{"damage":9,"enemies":"3 Cultists","floor":30,"turns":2},{"damage":9,"enemies":"Chosen and Byrds","floor":31,"turns":5},{"damage":75,"enemies":"Automaton","floor":33,"turns":10},{"damage":9,"enemies":"3 Shapes","floor":35,"turns":4},{"damage":15,"enemies":"2 Orb Walkers","floor":38,"turns":2},{"damage":6,"enemies":"3 Darklings","floor":39,"turns":2},{"damage":25,"enemies":"Reptomancer","floor":45,"turns":4},{"damage":12,"enemies":"Giant Head","floor":47,"turns":5},{"damage":9,"enemies":"Mind Bloom Boss Battle","floor":48,"turns":3},{"damage":10,"enemies":"Donu and Deca","floor":50,"turns":8}],"seed_played":"-5566196075900506168","potions_obtained":[{"floor":5,"key":"EntropicBrew"},{"floor":7,"key":"Fire Potion"},{"floor":13,"key":"SteroidPotion"},{"floor":14,"key":"Regen Potion"},{"floor":29,"key":"Dexterity Potion"},{"floor":30,"key":"Strength Potion"},{"floor":33,"key":"SkillPotion"},{"floor":39,"key":"GamblersBrew"},{"floor":47,"key":"SkillPotion"},{"floor":48,"key":"EssenceOfSteel"}],"is_trial":false,"path_per_floor":["M","$","?","M","M","R","M","R","T","R","E","?","M","M","R","B",null,"M","?","M","M","$","R","E","?","T","M","M","E","M","M","R","B",null,"M","?","$","?","M","R","?","R","T","R","E","R","E","?","R","B",null],"character_chosen":"IRONCLAD","items_purchased":["Uppercut","Corruption","Block Potion"],"campfire_rested":2,"item_purchase_floors":[22,37,37],"current_hp_per_floor":[80,80,73,79,79,79,80,80,80,80,80,80,83,86,86,58,90,84,84,78,76,76,76,79,79,79,79,72,73,74,75,112,55,126,131,131,131,126,130,130,112,112,112,112,97,97,91,92,137,136],"gold":265,"neow_bonus":"THREE_RARE_CARDS","is_prod":false,"is_daily":false,"chose_seed":false,"campfire_upgraded":9,"win_rate":0,"timestamp":1557945354,"path_taken":["M","$","?","M","M","R","M","R","T","R","E","?","M","M","R","BOSS","M","?","M","M","$","R","E","?","T","?","M","E","M","M","R","BOSS","M","?","$","?","M","R","?","R","T","R","E","R","E","?","R","BOSS"],"build_version":"2019-05-07","purchased_purges":3,"victory":true,"max_hp_per_floor":[80,80,80,80,80,80,80,80,80,80,80,80,83,86,86,90,90,94,94,98,102,102,102,106,106,106,110,114,118,122,126,126,126,126,134,134,134,138,142,142,142,142,142,142,146,146,146,150,150,150],"card_choices":[{"not_picked":["Exhume","Impervious"],"picked":"Immolate","floor":0},{"not_picked":["Warcry","Spot Weakness"],"picked":"True Grit","floor":1},{"not_picked":["Rupture","Sword Boomerang"],"picked":"Headbutt","floor":4},{"not_picked":["Clothesline","Iron Wave"],"picked":"Shrug It Off","floor":5},{"not_picked":["Flex","Entrench","Perfected Strike"],"picked":"SKIP","floor":7},{"not_picked":["Clothesline","Fire Breathing"],"picked":"Feed","floor":11},{"not_picked":["Clothesline","Body Slam"],"picked":"Pommel Strike","floor":13},{"not_picked":["Havoc","Combust"],"picked":"Clash","floor":14},{"not_picked":["Reaper","Juggernaut"],"picked":"Offering","floor":16},{"not_picked":["Anger","Thunderclap"],"picked":"Shrug It Off","floor":18},{"not_picked":["Sever Soul","Carnage","Power Through+1"],"picked":"SKIP","floor":20},{"not_picked":["Perfected Strike","Wild Strike","Body Slam"],"picked":"SKIP","floor":21},{"not_picked":["Sever Soul","Dark Embrace"],"picked":"Bloodletting+1","floor":24},{"not_picked":["Flex","Combust"],"picked":"Clash+1","floor":27},{"not_picked":["Carnage","Twin Strike"],"picked":"Uppercut+1","floor":28},{"not_picked":["Flex","Sword Boomerang","Headbutt"],"picked":"SKIP","floor":29},{"not_picked":["Heavy Blade","Perfected Strike"],"picked":"Warcry+1","floor":30},{"not_picked":["Cleave","Carnage","Sword Boomerang"],"picked":"SKIP","floor":31},{"not_picked":["Brutality","Double Tap"],"picked":"Exhume","floor":33},{"not_picked":["Carnage","Heavy Blade+1","Body Slam"],"picked":"SKIP","floor":35},{"not_picked":["Headbutt+1","Anger+1","Ghostly Armor"],"picked":"SKIP","floor":39},{"not_picked":["Clothesline+1","Iron Wave"],"picked":"Double Tap","floor":45},{"not_picked":["Sentinel","Dropkick+1"],"picked":"Intimidate+1","floor":47},{"not_picked":["Headbutt+1","Iron Wave+1"],"picked":"Metallicize","floor":48}],"player_experience":693487,"relics_obtained":[{"floor":9,"key":"Vajra"},{"floor":11,"key":"Centennial Puzzle"},{"floor":24,"key":"Meat on the Bone"},{"floor":24,"key":"Torii"},{"floor":26,"key":"Bottled Lightning"},{"floor":29,"key":"Juzu Bracelet"},{"floor":29,"key":"Ancient Tea Set"},{"floor":38,"key":"Du-Vu Doll"},{"floor":43,"key":"FossilizedHelix"},{"floor":45,"key":"Gremlin Horn"},{"floor":45,"key":"Orichalcum"},{"floor":47,"key":"Thread and Needle"},{"floor":47,"key":"Molten Egg 2"},{"floor":48,"key":"Magic Flower"}],"event_choices":[{"damage_healed":0,"gold_gain":0,"player_choice":"Success","damage_taken":7,"relics_obtained":["Ornamental Fan"],"max_hp_gain":0,"max_hp_loss":0,"event_name":"Scrap Ooze","floor":3,"gold_loss":0},{"cards_removed":["Strike_R"],"damage_healed":0,"gold_gain":0,"player_choice":"Card Removal","damage_taken":0,"max_hp_gain":0,"max_hp_loss":0,"event_name":"The Cleric","floor":12,"gold_loss":50},{"damage_healed":0,"gold_gain":0,"player_choice":"Inject Mutagens","damage_taken":0,"relics_obtained":["MutagenicStrength"],"max_hp_gain":0,"max_hp_loss":0,"event_name":"Drug Dealer","floor":19,"gold_loss":0},{"cards_removed":["Strike_R"],"damage_healed":0,"gold_gain":0,"player_choice":"Purged","damage_taken":0,"max_hp_gain":0,"max_hp_loss":0,"event_name":"Purifier","floor":25,"gold_loss":0},{"cards_removed":["Warcry"],"damage_healed":0,"gold_gain":0,"player_choice":"Removed Skill","damage_taken":0,"max_hp_gain":0,"max_hp_loss":0,"event_name":"Falling","floor":36,"gold_loss":0},{"damage_healed":0,"gold_gain":0,"player_choice":"Fight","damage_taken":0,"max_hp_gain":0,"max_hp_loss":0,"event_name":"Mysterious Sphere","floor":38,"gold_loss":0},{"damage_healed":0,"gold_gain":0,"player_choice":"Embrace Madness","damage_taken":18,"max_hp_gain":0,"max_hp_loss":0,"event_name":"Winding Halls","floor":41,"gold_loss":0,"cards_obtained":["Madness","Madness"]},{"damage_healed":0,"gold_gain":0,"player_choice":"Fight","damage_taken":0,"max_hp_gain":0,"max_hp_loss":0,"event_name":"MindBloom","floor":48,"gold_loss":0}],"is_beta":true,"boss_relics":[{"not_picked":["Astrolabe","Ectoplasm"],"picked":"Black Star"},{"not_picked":["Tiny House","Mark of Pain"],"picked":"Runic Dome"}],"items_purged_floors":[2,22,37],"is_endless":false,"potions_floor_spawned":[5,7,13,14,29,30,33,39,47,48],"ascension_level":0}