{"gold_per_floor":[112,122,122,122,122,162,162,195,218,232,25,50,25,41,41,165,165,186,201,222,238,238],"floor_reached":22,"playtime":1004,"items_purged":[],"score":298,"play_id":"e87bb7e2-4461-463e-872c-593d62f1bd7a","local_time":"20190513134718","is_ascension_mode":true,"campfire_choices":[{"floor":7,"key":"REST"},{"data":"Defragment","floor":15,"key":"SMITH"}],"neow_cost":"NONE","seed_source_timestamp":588963748155800,"circlet_count":0,"master_deck":["Strike_B","Strike_B","Strike_B+1","Strike_B","Defend_B","Defend_B","Defend_B","Defend_B","Zap+1","Dualcast","Seek","Defragment+1","Rip and Tear","Compile Driver","Steam","Sweeping Beam","Loop","Ball Lightning","Buffer","Loop+1","Defragment+1","Turbo+1","Ball Lightning+1"],"relics":["Cracked Core","Golden Idol","DataDisk","FossilizedHelix","Darkstone Periapt","Anchor","OrangePellets","Black Star"],"potions_floor_usage":[6],"damage_taken":[{"damage":0,"enemies":"Small Slimes","floor":1,"turns":3},{"damage":4,"enemies":"2 Louse","floor":2,"turns":3},{"damage":25,"enemies":"Lagavulin","floor":6,"turns":5},{"damage":10,"enemies":"Gremlin Nob","floor":8,"turns":4},{"damage":0,"enemies":"Cultist","floor":10,"turns":2},{"damage":4,"enemies":"Exordium Thugs","floor":12,"turns":4},{"damage":0,"enemies":"Blue Slaver","floor":14,"turns":3},{"damage":0,"enemies":"Slime Boss","floor":16,"turns":6},{"damage":0,"enemies":"Spheric Guardian","floor":18,"turns":3},{"damage":30,"enemies":"2 Thieves","floor":19,"turns":4},{"damage":20,"enemies":"Centurion and Healer","floor":20,"turns":5},{"damage":13,"enemies":"Snecko","floor":21,"turns":4},{"damage":16,"enemies":"Shelled Parasite and Fungi","floor":22,"turns":3}],"seed_played":"5554456705932778922","potions_obtained":[{"floor":1,"key":"FearPotion"},{"floor":2,"key":"FearPotion"},{"floor":10,"key":"Poison Potion"},{"floor":18,"key":"Ancient Potion"}],"is_trial":false,"path_per_floor":["M","M","?","?","?","E","R","E","T","M","$","M","$","M","R","B",null,"M","M","M","M","M"],"character_chosen":"DEFECT","items_purchased":["OrangePellets","Ball Lightning"],"campfire_rested":1,"item_purchase_floors":[11,13],"current_hp_per_floor":[75,71,53,38,38,13,35,25,25,25,25,21,21,21,21,21,75,75,45,25,12,0],"gold":238,"neow_bonus":"ONE_RANDOM_RARE_CARD","is_prod":false,"is_daily":false,"chose_seed":false,"campfire_upgraded":1,"win_rate":0,"timestamp":1557735438,"path_taken":["M","M","?","?","?","E","R","E","T","M","$","M","$","M","R","BOSS","M","M","M","M","?"],"build_version":"2019-01-23","purchased_purges":0,"victory":false,"max_hp_per_floor":[75,75,75,75,75,75,75,75,75,75,75,75,75,75,75,75,75,75,75,75,75,75],"card_choices":[{"not_picked":["Rebound","Undo"],"picked":"Defragment","floor":1},{"not_picked":["Redo","Scrape"],"picked":"Rip and Tear","floor":2},{"not_picked":["Cold Snap","Melter"],"picked":"Compile Driver","floor":6},{"not_picked":["Rip and Tear","Redo"],"picked":"Steam","floor":8},{"not_picked":["Cold Snap","Compile Driver"],"picked":"Sweeping Beam","floor":10},{"not_picked":["Heatsinks","Double Energy"],"picked":"Loop","floor":12},{"not_picked":["Gash","Darkness","Steam"],"picked":"SKIP","floor":14},{"not_picked":["Multi-Cast","Meteor Strike"],"picked":"Buffer","floor":16},{"not_picked":["Streamline+1","Ball Lightning"],"picked":"Loop+1","floor":18},{"not_picked":["Hologram+1","Streamline"],"picked":"Defragment+1","floor":19},{"not_picked":["Steam","Hologram"],"picked":"Turbo+1","floor":20},{"not_picked":["Conserve Battery","Stack"],"picked":"Ball Lightning+1","floor":21}],"player_experience":180660,"relics_obtained":[{"floor":6,"key":"FossilizedHelix"},{"floor":8,"key":"Darkstone Periapt"},{"floor":9,"key":"Anchor"}],"event_choices":[{"damage_healed":0,"gold_gain":0,"player_choice":"Take Damage","damage_taken":18,"relics_obtained":["Golden Idol"],"max_hp_gain":0,"max_hp_loss":0,"event_name":"Golden Idol","floor":3,"gold_loss":0},{"damage_healed":0,"gold_gain":0,"player_choice":"Entered Light","damage_taken":15,"max_hp_gain":0,"max_hp_loss":0,"event_name":"Shining Light","floor":4,"gold_loss":0,"cards_upgraded":["Strike_B","Zap"]},{"damage_healed":0,"gold_gain":0,"player_choice":"Gave Potion","damage_taken":0,"relics_obtained":["DataDisk"],"max_hp_gain":0,"max_hp_loss":0,"event_name":"WeMeetAgain","floor":5,"gold_loss":0}],"is_beta":false,"boss_relics":[{"not_picked":["Calling Bell","Eternal Feather"],"picked":"Black Star"}],"items_purged_floors":[],"is_endless":false,"potions_floor_spawned":[1,2,10,18],"killed_by":"Shelled Parasite and Fungi","ascension_level":4}