{"gold_per_floor":[111,124,141,141,216,216,248,248,248,248,278,291,291,41,41,115,115,132,146,146,25,25,25,25,36,36,63,76,110,110,128,128,128],"floor_reached":33,"playtime":1290,"items_purged":["Clumsy"],"score":565,"play_id":"23c462cb-8278-4de7-98da-923318b160fd","local_time":"20190220214134","is_ascension_mode":true,"campfire_choices":[{"data":"Bash","floor":6.0,"key":"SMITH"},{"data":"Anger","floor":8.0,"key":"SMITH"},{"data":"Strike_R","floor":10.0,"key":"SMITH"},{"data":"Heavy Blade","floor":13.0,"key":"SMITH"},{"data":"Inflame","floor":15.0,"key":"SMITH"},{"floor":23.0,"key":"REST"},{"data":"Cleave","floor":24.0,"key":"SMITH"},{"floor":30.0,"key":"REST"},{"data":"Immolate","floor":32.0,"key":"SMITH"}],"neow_cost":"CURSE","seed_source_timestamp":293772953011800,"circlet_count":0,"master_deck":["AscendersBane","Strike_R+1","Strike_R","Strike_R","Strike_R","Strike_R","Defend_R","Defend_R","Defend_R","Defend_R","Bash+1","Anger+1","Hemokinesis+1","Brutality","Ghostly Armor","Inflame+1","Heavy Blade+1","Limit Break+1","Twin Strike","Warcry+1","Cleave+1","Twin Strike+1","Immolate+1","Reaper","Headbutt"],"special_seed":0,"relics":["Burning Blood","WingedGreaves","Paper Frog","Bag of Marbles","Bag of Preparation","Toxic Egg 2","Philosopher\u0027s Stone","Kunai","Red Mask","Charon\u0027s Ashes"],"potions_floor_usage":[],"damage_taken":[{"damage":5.0,"enemies":"Small Slimes","floor":1.0,"turns":4.0},{"damage":7.0,"enemies":"Jaw Worm","floor":2.0,"turns":3.0},{"damage":3.0,"enemies":"2 Louse","floor":3.0,"turns":2.0},{"damage":20.0,"enemies":"Gremlin Nob","floor":7.0,"turns":3.0},{"damage":18.0,"enemies":"3 Sentries","floor":11.0,"turns":7.0},{"damage":4.0,"enemies":"2 Fungi Beasts","floor":12.0,"turns":3.0},{"damage":2.0,"enemies":"Slime Boss","floor":16.0,"turns":3.0},{"damage":17.0,"enemies":"3 Byrds","floor":18.0,"turns":4.0},{"damage":6.0,"enemies":"Chosen","floor":19.0,"turns":4.0},{"damage":8.0,"enemies":"Centurion and Healer","floor":25.0,"turns":4.0},{"damage":2.0,"enemies":"Masked Bandits","floor":27.0,"turns":3.0},{"damage":5.0,"enemies":"Chosen and Byrds","floor":28.0,"turns":4.0},{"damage":11.0,"enemies":"Book of Stabbing","floor":29.0,"turns":3.0},{"damage":0.0,"enemies":"3 Cultists","floor":31.0,"turns":1.0},{"damage":87,"enemies":"Automaton","floor":33,"turns":6}],"seed_played":"3926588476754354859","potions_obtained":[{"floor":2.0,"key":"PowerPotion"},{"floor":7.0,"key":"GamblersBrew"},{"floor":12.0,"key":"Explosive Potion"},{"floor":18.0,"key":"BloodPotion"},{"floor":25.0,"key":"FearPotion"},{"floor":27.0,"key":"Strength Potion"}],"is_trial":false,"path_per_floor":["M","M","M","?","?","R","E","R","T","R","E","M","R","$","R","B",null,"M","M","?","$","?","R","R","M","T","?","M","E","R","M","R","B"],"character_chosen":"IRONCLAD","items_purchased":["Toxic Egg 2","Cleave"],"campfire_rested":2,"item_purchase_floors":[14,21],"current_hp_per_floor":[69,68,71,71,60,60,46,46,46,46,34,36,36,36,36,40,66,55,55,55,55,34,58,58,56,56,60,61,56,80,80,80,0],"gold":128,"neow_bonus":"ONE_RARE_RELIC","is_prod":false,"is_daily":false,"chose_seed":false,"campfire_upgraded":7,"win_rate":0,"timestamp":1550716894,"path_taken":["M","M","M","?","?","R","E","R","T","R","E","M","R","?","R","BOSS","M","M","?","?","?","R","R","M","T","?","M","E","R","M","R","BOSS"],"build_version":"2019-02-06","purchased_purges":1,"victory":false,"max_hp_per_floor":[75,75,75,75,75,75,75,75,75,75,75,75,75,75,75,75,75,75,75,75,75,80,80,80,80,80,80,80,80,80,80,80,80],"card_choices":[{"not_picked":["True Grit","Body Slam"],"picked":"Anger","floor":1.0},{"not_picked":["Battle Trance","True Grit"],"picked":"Hemokinesis","floor":2.0},{"not_picked":["Wild Strike","Fire Breathing"],"picked":"Brutality","floor":3.0},{"not_picked":["Perfected Strike","Second Wind"],"picked":"Ghostly Armor","floor":7.0},{"not_picked":["Thunderclap","Wild Strike"],"picked":"Inflame","floor":11.0},{"not_picked":["Perfected Strike","Anger"],"picked":"Heavy Blade","floor":12.0},{"not_picked":["Exhume+1","Brutality"],"picked":"Limit Break+1","floor":16.0},{"not_picked":["Rampage","Body Slam"],"picked":"Twin Strike","floor":18.0},{"not_picked":["Havoc+1","Twin Strike"],"picked":"Warcry+1","floor":19.0},{"not_picked":["Reckless Charge","Intimidate+1","Power Through+1"],"picked":"SKIP","floor":25.0},{"not_picked":["Headbutt","Perfected Strike"],"picked":"Twin Strike+1","floor":27.0},{"not_picked":["Disarm+1","Wild Strike"],"picked":"Immolate","floor":28.0},{"not_picked":["True Grit+1","Sentinel+1"],"picked":"Reaper","floor":29.0},{"not_picked":["Twin Strike","Armaments+1"],"picked":"Headbutt","floor":31.0}],"player_experience":649646,"relics_obtained":[{"floor":7.0,"key":"Paper Frog"},{"floor":9.0,"key":"Bag of Marbles"},{"floor":11.0,"key":"Bag of Preparation"},{"floor":26.0,"key":"Kunai"},{"floor":27.0,"key":"Red Mask"},{"floor":29.0,"key":"Charon\u0027s Ashes"}],"event_choices":[{"damage_healed":0.0,"max_hp_gain":0.0,"max_hp_loss":0.0,"gold_gain":0.0,"event_name":"Living Wall","player_choice":"Grow","floor":4.0,"gold_loss":0.0,"damage_taken":0.0,"cards_upgraded":["Hemokinesis"]},{"damage_healed":0.0,"max_hp_gain":0.0,"max_hp_loss":0.0,"gold_gain":75.0,"event_name":"World of Goop","player_choice":"Gather Gold","floor":5.0,"gold_loss":0.0,"damage_taken":11.0},{"damage_healed":0.0,"max_hp_gain":0.0,"max_hp_loss":0.0,"gold_gain":0.0,"event_name":"Vampires","player_choice":"Ignored","floor":20.0,"gold_loss":0.0,"damage_taken":0.0},{"damage_healed":0.0,"max_hp_gain":5.0,"max_hp_loss":0.0,"gold_gain":0.0,"event_name":"Forgotten Altar","player_choice":"Shed Blood","floor":22.0,"gold_loss":0.0,"damage_taken":26.0},{"damage_healed":0.0,"max_hp_gain":0.0,"max_hp_loss":0.0,"gold_gain":0.0,"event_name":"Masked Bandits","player_choice":"Fought Bandits","floor":27.0,"gold_loss":0.0,"damage_taken":0.0}],"is_beta":true,"boss_relics":[{"not_picked":["Calling Bell","Pandora\u0027s Box"],"picked":"Philosopher\u0027s Stone"}],"items_purged_floors":[21],"is_endless":false,"potions_floor_spawned":[2,7,12,16,18,25,27,28],"killed_by":"Automaton","ascension_level":15}