{"gold_per_floor":[110,121,121,140,156,156,185,185,185,185,50,50,50,27,27,131,131,104,116,76,94,3,3,17,37,37,37,37,56,87,100,100,100],"floor_reached":33,"playtime":2580,"items_purged":[],"score":321,"play_id":"e0b91ab3-3a75-4ed9-ab80-11af97703b59","local_time":"20190109221148","is_ascension_mode":true,"campfire_choices":[{"data":"Neutralize","floor":6,"key":"SMITH"},{"data":"All Out Attack","floor":8,"key":"SMITH"},{"floor":12,"key":"REST"},{"data":"Blur","floor":15,"key":"SMITH"},{"floor":23,"key":"REST"},{"floor":27,"key":"REST"},{"floor":32,"key":"REST"}],"neow_cost":"NONE","seed_source_timestamp":65586807309121,"circlet_count":0,"master_deck":["Defend_G","Defend_G","Defend_G","Defend_G","Defend_G","Strike_G","Strike_G","Strike_G+1","Strike_G+1","Strike_G","Survivor","Neutralize+1","Forethought+1","Blur+1","Dodge and Roll","All Out Attack+1","After Image+1","Cloak And Dagger+1","Prepared+1","Adrenaline+1","Cloak And Dagger+1","Underhanded Strike+1","Envenom","Trip+1","Doubt","Deep Breath+1","Choke+1","Prepared+1"],"relics":["Ring of the Serpent","Odd Mushroom","Toxic Egg 2","Incense Burner","Molten Egg 2"],"potions_floor_usage":[7,16,25,30,30,33],"damage_taken":[{"damage":1,"enemies":"Jaw Worm","floor":1,"turns":4},{"damage":1,"enemies":"Cultist","floor":2,"turns":4},{"damage":1,"enemies":"Small Slimes","floor":4,"turns":5},{"damage":4,"enemies":"2 Fungi Beasts","floor":5,"turns":9},{"damage":19,"enemies":"The Mushroom Lair","floor":7,"turns":6},{"damage":60,"enemies":"Slime Boss","floor":16,"turns":14},{"damage":9,"enemies":"2 Thieves","floor":18,"turns":5},{"damage":3,"enemies":"Spheric Guardian","floor":19,"turns":6},{"damage":12,"enemies":"Centurion and Healer","floor":21,"turns":10},{"damage":3,"enemies":"Snake Plant","floor":24,"turns":6},{"damage":24,"enemies":"Snecko","floor":25,"turns":12},{"damage":0,"enemies":"Shelled Parasite and Fungi","floor":29,"turns":7},{"damage":11,"enemies":"Book of Stabbing","floor":30,"turns":8},{"damage":3,"enemies":"3 Cultists","floor":31,"turns":6},{"damage":58,"enemies":"Automaton","floor":33,"turns":12}],"seed_played":"-7675330829766012394","potions_obtained":[{"floor":5,"key":"FearPotion"},{"floor":7,"key":"PowerPotion"},{"floor":16,"key":"GhostInAJar"},{"floor":19,"key":"Weak Potion"},{"floor":24,"key":"EssenceOfSteel"},{"floor":25,"key":"SpeedPotion"}],"is_trial":false,"path_per_floor":["M","M","?","M","M","R","?","R","T","?","$","R","?","$","R","B",null,"M","M","?","M","$","R","M","M","T","R","?","M","E","M","R","B"],"character_chosen":"THE_SILENT","items_purchased":["After Image","Cloak And Dagger+1","Prepared+1","Trip+1"],"campfire_rested":4,"item_purchase_floors":[11,11,14,22],"current_hp_per_floor":[69,68,68,67,63,63,44,44,44,44,44,65,65,65,65,5,54,45,42,42,30,30,51,48,24,24,45,45,45,34,31,52,0],"gold":100,"neow_bonus":"RANDOM_COLORLESS","is_prod":false,"is_daily":false,"chose_seed":false,"campfire_upgraded":3,"win_rate":0,"timestamp":1547100708,"path_taken":["M","M","?","M","?","R","?","R","T","?","$","R","?","?","R","BOSS","M","M","?","?","?","R","M","M","T","R","?","M","E","?","R","BOSS"],"build_version":"2019-01-03v4","purchased_purges":0,"victory":false,"max_hp_per_floor":[70,70,70,70,70,70,70,70,70,70,70,70,70,70,70,70,70,70,70,70,70,70,70,70,70,70,70,70,70,70,70,70,70],"card_choices":[{"not_picked":["Slice","Distraction","Bane"],"picked":"SKIP","floor":1},{"not_picked":["Dagger Spray","Prepared"],"picked":"Blur","floor":2},{"not_picked":["Bouncing Flask","Poisoned Stab"],"picked":"Dodge and Roll","floor":4},{"not_picked":["Distraction","Calculated Gamble","Backflip"],"picked":"SKIP","floor":5},{"not_picked":["Sucker Punch","Heel Hook"],"picked":"All Out Attack","floor":7},{"not_picked":["Envenom","Wraith Form v2"],"picked":"Adrenaline+1","floor":16},{"not_picked":["Dash","Dodge and Roll+1"],"picked":"Cloak And Dagger+1","floor":18},{"not_picked":["Choke","Flying Knee"],"picked":"Underhanded Strike+1","floor":19},{"not_picked":["Quick Slash+1","Prepared+1"],"picked":"Envenom","floor":21},{"not_picked":["Dagger Throw","Dagger Spray+1","Bane"],"picked":"SKIP","floor":24},{"not_picked":["Backflip+1","Cloak And Dagger+1","Blur+1"],"picked":"SKIP","floor":25},{"not_picked":["Bane","Blur+1","Quick Slash"],"picked":"SKIP","floor":29},{"not_picked":["Poisoned Stab","Envenom"],"picked":"Choke","floor":30},{"not_picked":["Bane+1","Underhanded Strike+1"],"picked":"Prepared+1","floor":31}],"player_experience":619898,"relics_obtained":[{"floor":7,"key":"Odd Mushroom"},{"floor":9,"key":"Toxic Egg 2"},{"floor":26,"key":"Incense Burner"},{"floor":30,"key":"Molten Egg 2"}],"event_choices":[{"damage_healed":0,"gold_gain":0,"player_choice":"Forge","damage_taken":0,"max_hp_gain":0,"max_hp_loss":0,"event_name":"Accursed Blacksmith","floor":3,"gold_loss":0,"cards_upgraded":["Forethought"]},{"damage_healed":0,"gold_gain":0,"player_choice":"Fought Mushrooms","damage_taken":0,"max_hp_gain":0,"max_hp_loss":0,"event_name":"Mushrooms","floor":7,"gold_loss":0},{"damage_healed":0,"gold_gain":0,"player_choice":"Searched \u00270\u0027 times","damage_taken":0,"max_hp_gain":0,"max_hp_loss":0,"event_name":"Dead Adventurer","floor":10,"gold_loss":0},{"damage_healed":0,"gold_gain":0,"player_choice":"Grow","damage_taken":0,"max_hp_gain":0,"max_hp_loss":0,"event_name":"Living Wall","floor":13,"gold_loss":0,"cards_upgraded":["After Image"]},{"damage_healed":0,"gold_gain":0,"player_choice":"Upgraded Two","damage_taken":0,"max_hp_gain":0,"max_hp_loss":0,"event_name":"Designer","floor":20,"gold_loss":40,"cards_upgraded":["Strike_G","Strike_G"]},{"damage_healed":0,"gold_gain":0,"player_choice":"2 cards matched","damage_taken":0,"max_hp_gain":0,"max_hp_loss":0,"event_name":"Match and Keep!","floor":28,"gold_loss":0,"cards_obtained":["Doubt","Deep Breath"]}],"is_beta":false,"boss_relics":[{"not_picked":["Ectoplasm","Philosopher\u0027s Stone"],"picked":"Ring of the Serpent"}],"items_purged_floors":[],"is_endless":false,"potions_floor_spawned":[5,7,16,19,24,25],"killed_by":"Automaton","ascension_level":5}