{"gold_per_floor":[110,110,130,147,160,194,211,211,234,234,234,251,30,40,40,144,144,163,180,203,219,19,53,53,66,93,93,93,93,93,111,111,206,206,216,316,336,349,349,349,378,389,389,405,437,303,303,303,303,303],"floor_reached":50,"playtime":8128,"items_purged":["Strike_B","Defend_B"],"score":624,"play_id":"4803fce1-1983-4a36-9dd6-3c71fbe0cde3","local_time":"20190305210212","is_ascension_mode":true,"campfire_choices":[{"floor":10.0,"key":"RECALL"},{"floor":15.0,"key":"REST"},{"floor":24.0,"key":"REST"},{"floor":28.0,"key":"REST"},{"floor":32,"key":"REST"},{"data":"Creative AI","floor":40,"key":"SMITH"},{"floor":47,"key":"REST"},{"floor":49,"key":"REST"}],"neow_cost":"NONE","seed_source_timestamp":776226195834183,"circlet_count":0,"master_deck":["Strike_B","Strike_B","Defend_B","Defend_B","Defend_B","Zap","Dualcast","Storm","FTL","Reprogram","Thunder Strike","Cold Snap","Static Discharge","FTL","Machine Learning","Static Discharge","Force Field","Go for the Eyes","Creative AI+1","BootSequence","Defragment","Master of Strategy","Coolheaded+1","Coolheaded","Buffer","Stack+1","Sweeping Beam","Skim+1","Defragment","Writhe"],"special_seed":0,"relics":["Cracked Core","Art of War","Pear","Boot","Orrery","Vajra","Bag of Preparation","Orichalcum","Busted Crown","PreservedInsect","Happy Flower","Nunchaku"],"potions_floor_usage":[33,33,41,44,45,50,50],"damage_taken":[{"damage":0.0,"enemies":"Small Slimes","floor":1.0,"turns":3.0},{"damage":0.0,"enemies":"2 Louse","floor":3.0,"turns":2.0},{"damage":1.0,"enemies":"Cultist","floor":4.0,"turns":3.0},{"damage":5.0,"enemies":"Exordium Thugs","floor":5.0,"turns":3.0},{"damage":21.0,"enemies":"Gremlin Nob","floor":6.0,"turns":5.0},{"damage":9.0,"enemies":"Blue Slaver","floor":7.0,"turns":3.0},{"damage":8.0,"enemies":"Looter","floor":12.0,"turns":3.0},{"damage":22.0,"enemies":"Gremlin Gang","floor":14.0,"turns":3.0},{"damage":37.0,"enemies":"The Guardian","floor":16.0,"turns":11.0},{"damage":5.0,"enemies":"3 Byrds","floor":18.0,"turns":3.0},{"damage":9.0,"enemies":"Chosen","floor":19.0,"turns":4.0},{"damage":19.0,"enemies":"Snake Plant","floor":21.0,"turns":4.0},{"damage":38.0,"enemies":"Slavers","floor":23.0,"turns":4.0},{"damage":35.0,"enemies":"Snecko","floor":25.0,"turns":4.0},{"damage":9.0,"enemies":"Book of Stabbing","floor":29.0,"turns":4.0},{"damage":10,"enemies":"Centurion and Healer","floor":31,"turns":8},{"damage":0,"enemies":"Champ","floor":33,"turns":13},{"damage":12,"enemies":"Orb Walker","floor":35,"turns":5},{"damage":36,"enemies":"3 Darklings","floor":37,"turns":6},{"damage":32,"enemies":"Sphere and 2 Shapes","floor":38,"turns":5},{"damage":10,"enemies":"Nemesis","floor":41,"turns":7},{"damage":22,"enemies":"Transient","floor":42,"turns":5},{"damage":19,"enemies":"Maw","floor":44,"turns":7},{"damage":25,"enemies":"Giant Head","floor":45,"turns":9},{"damage":75,"enemies":"Donu and Deca","floor":50,"turns":6}],"seed_played":"-1313031593826719395","potions_obtained":[{"floor":3.0,"key":"Weak Potion"},{"floor":4.0,"key":"Block Potion"},{"floor":5.0,"key":"Regen Potion"},{"floor":7.0,"key":"Weak Potion"},{"floor":19.0,"key":"Fire Potion"},{"floor":23.0,"key":"FearPotion"},{"floor":25.0,"key":"SmokeBomb"},{"floor":31,"key":"SkillPotion"},{"floor":33,"key":"Energy Potion"},{"floor":38,"key":"PowerPotion"},{"floor":42,"key":"LiquidBronze"},{"floor":44,"key":"Fruit Juice"},{"floor":45,"key":"LiquidBronze"}],"is_trial":false,"path_per_floor":["M","?","M","M","M","E","M","?","T","R","?","M","$","M","R","B",null,"M","M","T","M","$","E","R","M","T","$","R","E","?","M","R","B",null,"M","?","M","M","?","R","E","M","T","M","E","$","R","?","R","B"],"character_chosen":"DEFECT","items_purchased":["Static Discharge","FTL","Defragment","Master of Strategy","Defragment"],"campfire_rested":6,"item_purchase_floors":[13,13,22,22,46],"current_hp_per_floor":[75,68,68,67,62,65,56,56,56,56,56,48,48,26,51,14,85,80,71,71,52,52,14,39,4,4,4,29,20,20,10,35,35,85,73,73,37,5,74,74,64,42,42,28,3,3,26,46,69,0],"gold":303,"neow_bonus":"RANDOM_COMMON_RELIC","is_prod":false,"is_daily":false,"chose_seed":false,"campfire_upgraded":1,"win_rate":0,"timestamp":1551837732,"path_taken":["M","?","M","M","M","E","M","?","T","R","?","M","$","M","R","BOSS","M","M","?","M","?","E","R","?","T","$","R","E","?","M","R","BOSS","M","?","M","?","?","R","E","M","T","M","E","$","R","?","R","BOSS"],"build_version":"2019-01-23","purchased_purges":2,"victory":false,"max_hp_per_floor":[75,75,75,75,75,85,85,85,85,85,85,85,85,85,85,85,85,85,85,85,85,85,85,85,85,85,85,85,85,85,85,85,85,85,85,85,85,85,74,74,74,74,74,79,79,79,79,79,79,79],"card_choices":[{"not_picked":["Coolheaded","Barrage"],"picked":"Storm","floor":1.0},{"not_picked":["Fusion","Steam","Melter"],"picked":"SKIP","floor":3.0},{"not_picked":["Undo","Ball Lightning"],"picked":"FTL","floor":4.0},{"not_picked":["Reinforced Body","Beam Cell"],"picked":"Reprogram","floor":5.0},{"not_picked":["Self Repair","Fusion"],"picked":"Thunder Strike","floor":6.0},{"not_picked":["Melter","Rebound"],"picked":"Cold Snap","floor":7.0},{"not_picked":["Beam Cell","Barrage","Stack"],"picked":"SKIP","floor":12.0},{"not_picked":["Go for the Eyes","Reprogram"],"picked":"Sunder","floor":14.0},{"not_picked":["Multi-Cast","Amplify"],"picked":"Machine Learning","floor":16.0},{"not_picked":["Cold Snap","Turbo"],"picked":"Static Discharge","floor":17.0},{"not_picked":["Cold Snap","Go for the Eyes"],"picked":"Force Field","floor":17.0},{"not_picked":["Streamline","Sunder"],"picked":"Go for the Eyes","floor":17.0},{"not_picked":["Streamline","Stack","Cold Snap"],"picked":"SKIP","floor":18.0},{"not_picked":["Scrape+1","Hello World"],"picked":"Creative AI","floor":19.0},{"not_picked":["Rebound+1","Steam Power"],"picked":"BootSequence","floor":21.0},{"not_picked":["Hologram","Barrage"],"picked":"Coolheaded+1","floor":25.0},{"not_picked":["Consume","Sunder"],"picked":"Coolheaded","floor":31},{"not_picked":["Echo Form","Reboot"],"picked":"Buffer","floor":33},{"not_picked":["Redo"],"picked":"SKIP","floor":35},{"not_picked":[],"picked":"Stack+1","floor":37},{"not_picked":[],"picked":"Sweeping Beam","floor":38},{"not_picked":["Compile Driver+1"],"picked":"SKIP","floor":41},{"not_picked":[],"picked":"Skim+1","floor":42},{"not_picked":["Blizzard"],"picked":"SKIP","floor":44},{"not_picked":["Beam Cell"],"picked":"SKIP","floor":45}],"player_experience":134413,"relics_obtained":[{"floor":6.0,"key":"Pear"},{"floor":20.0,"key":"Vajra"},{"floor":23.0,"key":"Bag of Preparation"},{"floor":26.0,"key":"Orichalcum"},{"floor":41,"key":"PreservedInsect"},{"floor":43,"key":"Happy Flower"},{"floor":45,"key":"Nunchaku"}],"event_choices":[{"cards_removed":["Strike_B"],"damage_healed":0.0,"max_hp_gain":0.0,"max_hp_loss":0.0,"gold_gain":0.0,"event_name":"Golden Wing","player_choice":"Card Removal","floor":2.0,"gold_loss":0.0,"damage_taken":7.0},{"damage_healed":0.0,"max_hp_gain":0.0,"max_hp_loss":0.0,"gold_gain":0.0,"event_name":"Big Fish","player_choice":"Box","floor":8.0,"gold_loss":0.0,"damage_taken":0.0,"relics_obtained":["Boot"],"cards_obtained":["Regret"]},{"cards_removed":["Regret"],"damage_healed":0.0,"max_hp_gain":0.0,"max_hp_loss":0.0,"gold_gain":0.0,"event_name":"Fountain of Cleansing","player_choice":"Removed Curses","floor":11.0,"gold_loss":0.0,"damage_taken":0.0},{"cards_removed":["Sunder"],"damage_healed":0,"gold_gain":0,"player_choice":"Elegance","damage_taken":0,"max_hp_gain":0,"max_hp_loss":0,"event_name":"Back to Basics","floor":30,"gold_loss":0},{"damage_healed":0,"gold_gain":100,"player_choice":"Pray","damage_taken":0,"max_hp_gain":0,"max_hp_loss":0,"event_name":"Golden Shrine","floor":36,"gold_loss":0},{"damage_healed":74,"gold_gain":0,"player_choice":"Heal","damage_taken":0,"max_hp_gain":0,"max_hp_loss":11,"event_name":"The Moai Head","floor":39,"gold_loss":0},{"damage_healed":20,"gold_gain":0,"player_choice":"Writhe","damage_taken":0,"max_hp_gain":0,"max_hp_loss":0,"event_name":"Winding Halls","floor":48,"gold_loss":0,"cards_obtained":["Writhe"]}],"is_beta":false,"boss_relics":[{"not_picked":["Velvet Choker","Pandora\u0027s Box"],"picked":"Orrery"},{"not_picked":["Eternal Feather","White Beast Statue"],"picked":"Busted Crown"}],"items_purged_floors":[13,46],"is_endless":false,"potions_floor_spawned":[3,4,5,7,19,23,25,29,31,33,38,42,44,45],"killed_by":"Donu and Deca","ascension_level":1}