{"gold_per_floor":[118,84,103,22,22,47,47,47,47,47,58,78,106,119,119,119],"floor_reached":16,"playtime":405,"items_purged":[],"score":236,"play_id":"deca88f0-23e8-4e2e-be23-1f5c33e97d46","local_time":"20190325203336","is_ascension_mode":true,"campfire_choices":[{"data":"Neutralize","floor":7.0,"key":"SMITH"},{"data":"Backstab","floor":10.0,"key":"SMITH"},{"data":"Crippling Poison","floor":15.0,"key":"SMITH"}],"neow_cost":"NONE","seed_source_timestamp":813334218247300,"circlet_count":0,"master_deck":["AscendersBane","Defend_G","Defend_G","Defend_G","Defend_G","Defend_G","Strike_G","Strike_G","Strike_G+1","Strike_G","Survivor","Neutralize+1","Dash","All Out Attack","Backstab+1","Crippling Poison+1","Dodge and Roll","Backstab+1","Well Laid Plans","Backstab","Tools of the Trade","Crippling Poison"],"special_seed":0,"relics":["Ring of the Snake","NeowsBlessing","Boot","Question Card","Whetstone"],"potions_floor_usage":[16],"damage_taken":[{"damage":0.0,"enemies":"Cultist","floor":1.0,"turns":1.0},{"damage":0.0,"enemies":"Small Slimes","floor":3.0,"turns":1.0},{"damage":0.0,"enemies":"3 Sentries","floor":6.0,"turns":1.0},{"damage":0.0,"enemies":"Jaw Worm","floor":11.0,"turns":2.0},{"damage":1.0,"enemies":"Gremlin Gang","floor":12.0,"turns":4.0},{"damage":4.0,"enemies":"Gremlin Nob","floor":13.0,"turns":4.0},{"damage":0.0,"enemies":"Exordium Thugs","floor":14.0,"turns":3.0},{"damage":52,"enemies":"Slime Boss","floor":16,"turns":7}],"seed_played":"-4412142523595870716","potions_obtained":[{"floor":1.0,"key":"SkillPotion"},{"floor":6.0,"key":"GhostInAJar"},{"floor":12.0,"key":"SteroidPotion"},{"floor":14.0,"key":"Weak Potion"}],"is_trial":false,"path_per_floor":["M","$","M","$","?","E","R","?","T","R","M","M","E","M","R","B"],"character_chosen":"THE_SILENT","items_purchased":["All Out Attack","Crippling Poison"],"campfire_rested":0,"item_purchase_floors":[2,4],"current_hp_per_floor":[59,59,59,59,52,52,52,52,52,52,52,51,47,47,47,0],"gold":119,"neow_bonus":"THREE_ENEMY_KILL","is_prod":false,"is_daily":false,"chose_seed":false,"campfire_upgraded":3,"win_rate":0,"timestamp":1553560416,"path_taken":["M","$","?","$","?","E","R","?","T","R","M","M","E","M","R","BOSS"],"build_version":"2019-03-15","purchased_purges":0,"victory":false,"max_hp_per_floor":[66,66,66,66,66,66,66,66,66,66,66,66,66,66,66,66],"card_choices":[{"not_picked":["Endless Agony","Dagger Throw"],"picked":"Dash","floor":1.0},{"not_picked":["Riddle With Holes","Reflex"],"picked":"Backstab","floor":3.0},{"not_picked":["Finisher","Prepared"],"picked":"Dodge and Roll","floor":6.0},{"not_picked":["Backflip","PiercingWail","Blur"],"picked":"Well Laid Plans","floor":11.0},{"not_picked":["Cloak And Dagger","Acrobatics","Flechettes"],"picked":"Backstab","floor":12.0},{"not_picked":["Prepared","Accuracy","Masterful Stab"],"picked":"Tools of the Trade","floor":13.0},{"not_picked":["Prepared","Underhanded Strike","Cloak And Dagger"],"picked":"Crippling Poison","floor":14.0}],"player_experience":671073,"relics_obtained":[{"floor":6.0,"key":"Boot"},{"floor":9.0,"key":"Question Card"},{"floor":13.0,"key":"Whetstone"}],"event_choices":[{"cards_removed":["Strike_G"],"damage_healed":0.0,"max_hp_gain":0.0,"max_hp_loss":0.0,"gold_gain":0.0,"event_name":"Golden Wing","player_choice":"Card Removal","floor":5.0,"gold_loss":0.0,"damage_taken":7.0},{"damage_healed":0.0,"max_hp_gain":0.0,"max_hp_loss":0.0,"gold_gain":0.0,"event_name":"Match and Keep!","player_choice":"1 cards matched","floor":8.0,"gold_loss":0.0,"damage_taken":0.0,"cards_obtained":["Backstab"]}],"is_beta":true,"boss_relics":[],"items_purged_floors":[],"is_endless":false,"potions_floor_spawned":[1,6,12,14],"killed_by":"Slime Boss","ascension_level":15}