{"gold_per_floor":[112,129,204,204,50,84,84,111,111,127,127,143,18,29,29,129,129,103,103,122,140,15,40,40,40,63,63],"floor_reached":27,"playtime":1413,"items_purged":["Strike_B","Strike_B","Defend_B"],"score":306,"play_id":"9f384833-1cfa-4ced-9da6-d8a9aa9b415b","local_time":"20190504150503","is_ascension_mode":true,"campfire_choices":[{"data":"Defragment","floor":11.0,"key":"SMITH"},{"floor":15.0,"key":"REST"},{"floor":24,"key":"REST"}],"neow_cost":"NONE","seed_source_timestamp":1004306737132500,"circlet_count":0,"master_deck":["Strike_B","Strike_B","Defend_B","Defend_B","Defend_B","Zap","Dualcast","Darkness","Defragment+1","Defragment","Ball Lightning","Machine Learning","Conserve Battery","Self Repair","Conserve Battery","Chill","Echo Form","Coolheaded"],"special_seed":0,"relics":["Cracked Core","NeowsBlessing","Bottled Lightning","Gremlin Horn","Centennial Puzzle","Inserter","Kunai","Bird Faced Urn","Potion Belt"],"potions_floor_usage":[21,23],"damage_taken":[{"damage":0.0,"enemies":"Small Slimes","floor":1.0,"turns":1.0},{"damage":0.0,"enemies":"Jaw Worm","floor":2.0,"turns":1.0},{"damage":0.0,"enemies":"Lagavulin","floor":6.0,"turns":1.0},{"damage":35.0,"enemies":"3 Sentries","floor":8.0,"turns":6.0},{"damage":4.0,"enemies":"2 Louse","floor":10.0,"turns":2.0},{"damage":14.0,"enemies":"Red Slaver","floor":12.0,"turns":3.0},{"damage":4.0,"enemies":"3 Louse","floor":14.0,"turns":3.0},{"damage":30.0,"enemies":"The Guardian","floor":16.0,"turns":9.0},{"damage":12.0,"enemies":"2 Thieves","floor":18.0,"turns":5.0},{"damage":12,"enemies":"3 Byrds","floor":20,"turns":7},{"damage":36,"enemies":"Snake Plant","floor":21,"turns":5},{"damage":34,"enemies":"Gremlin Leader","floor":23,"turns":10},{"damage":53,"enemies":"Book of Stabbing","floor":27,"turns":7}],"seed_played":"3310865787068113555","potions_obtained":[{"floor":1.0,"key":"SkillPotion"},{"floor":7.0,"key":"Fire Potion"},{"floor":7.0,"key":"SteroidPotion"},{"floor":16.0,"key":"GamblersBrew"},{"floor":21,"key":"Fruit Juice"},{"floor":23,"key":"SneckoOil"}],"is_trial":false,"path_per_floor":["M","M","?","T","$","E","?","E","T","M","R","M","$","M","R","B",null,"M","?","M","M","$","E","R","?","T","E"],"character_chosen":"DEFECT","items_purchased":["Defragment","Conserve Battery"],"campfire_rested":2,"item_purchase_floors":[5,13],"current_hp_per_floor":[75,75,64,64,64,64,64,29,29,25,25,11,11,14,36,13,75,70,75,70,46,46,19,43,43,43,0],"gold":63,"neow_bonus":"THREE_ENEMY_KILL","is_prod":false,"is_daily":false,"chose_seed":false,"campfire_upgraded":1,"win_rate":0,"timestamp":1556996703,"path_taken":["M","M","?","?","$","E","?","E","T","?","R","M","$","M","R","BOSS","M","?","M","M","$","E","R","?","T","E"],"build_version":"2019-01-23","purchased_purges":3,"victory":false,"max_hp_per_floor":[75,75,75,75,75,75,75,75,75,75,75,75,75,75,75,75,75,75,75,75,80,80,80,80,80,80,80],"card_choices":[{"not_picked":["Auto Shields","Compile Driver"],"picked":"Darkness","floor":1.0},{"not_picked":["Redo","Capacitor"],"picked":"Defragment","floor":2.0},{"not_picked":["Streamline","Steam Power"],"picked":"Ball Lightning","floor":6.0},{"not_picked":["Ball Lightning","Hologram"],"picked":"Machine Learning","floor":8.0},{"not_picked":["Capacitor","Streamline"],"picked":"Conserve Battery","floor":10.0},{"not_picked":["Chill","Scrape"],"picked":"Self Repair","floor":12.0},{"not_picked":["Steam","Chaos"],"picked":"Chill","floor":14.0},{"not_picked":["Meteor Strike","All For One"],"picked":"Echo Form","floor":16.0},{"not_picked":["Beam Cell","Sweeping Beam","Redo"],"picked":"SKIP","floor":18.0},{"not_picked":["Redo+1","Sunder","Compile Driver"],"picked":"SKIP","floor":20},{"not_picked":["Hologram","Cold Snap"],"picked":"Coolheaded","floor":21},{"not_picked":["Darkness","Doom and Gloom+1","Thunder Strike"],"picked":"SKIP","floor":23}],"player_experience":241715,"relics_obtained":[{"floor":4.0,"key":"Bottled Lightning"},{"floor":6.0,"key":"Gremlin Horn"},{"floor":8.0,"key":"Centennial Puzzle"},{"floor":23,"key":"Kunai"},{"floor":26,"key":"Potion Belt"}],"event_choices":[{"damage_healed":0.0,"max_hp_gain":0.0,"max_hp_loss":0.0,"gold_gain":75.0,"event_name":"World of Goop","player_choice":"Gather Gold","floor":3.0,"gold_loss":0.0,"damage_taken":11.0},{"damage_healed":0.0,"max_hp_gain":0.0,"max_hp_loss":0.0,"gold_gain":0.0,"event_name":"Lab","player_choice":"Got Potions","floor":7.0,"gold_loss":0.0,"damage_taken":0.0},{"damage_healed":25,"gold_gain":0,"player_choice":"Heal","damage_taken":0,"max_hp_gain":0,"max_hp_loss":0,"event_name":"The Library","floor":19,"gold_loss":0},{"damage_healed":0,"gold_gain":0,"player_choice":"Opened","damage_taken":0,"relics_obtained":["Bird Faced Urn"],"max_hp_gain":0,"max_hp_loss":0,"event_name":"The Mausoleum","floor":25,"gold_loss":0}],"is_beta":false,"boss_relics":[{"not_picked":["Runic Dome","Philosopher\u0027s Stone"],"picked":"Inserter"}],"items_purged_floors":[5,13,22],"is_endless":false,"potions_floor_spawned":[1,10,16,21,23],"killed_by":"Book of Stabbing","ascension_level":3}