{"gold_per_floor":[112,62,77,96,15,43,43,43,90,104,25,53,53,228,228,330,330,349,359,274,274,293,326,526,536,536,549,565,565,565],"floor_reached":30,"playtime":4343,"items_purged":[],"score":260,"play_id":"c3fa3533-c656-43cb-871c-e7f14a740563","local_time":"20190116215040","is_ascension_mode":false,"campfire_choices":[{"floor":8,"key":"REST"},{"floor":13,"key":"REST"},{"data":"Defragment","floor":15,"key":"SMITH"}],"neow_cost":"PERCENT_DAMAGE","seed_source_timestamp":973754510759986,"circlet_count":0,"master_deck":["Strike_B","Strike_B","Strike_B+1","Defend_B","Defend_B","Defend_B","Defend_B","Zap+1","Dualcast","Genetic Algorithm","Conserve Battery+1","Go for the Eyes+1","Defragment+1","Defragment+1","Redo","Heatsinks","Ball Lightning","Doubt","Buffer","Heatsinks","Cold Snap+1","Cold Snap","Seek+1","Redo+1","Consume+1","Fusion+1"],"relics":["Cracked Core","Nunchaku","War Paint","Whetstone","Vajra","Black Star","Oddly Smooth Stone","Question Card","Toxic Egg 2","Smiling Mask","Pantograph"],"potions_floor_usage":[27,30],"damage_taken":[{"damage":0,"enemies":"Small Slimes","floor":1,"turns":3},{"damage":6,"enemies":"2 Louse","floor":3,"turns":2},{"damage":0,"enemies":"Cultist","floor":4,"turns":3},{"damage":31,"enemies":"Gremlin Nob","floor":6,"turns":5},{"damage":2,"enemies":"Large Slime","floor":10,"turns":4},{"damage":22,"enemies":"3 Sentries","floor":12,"turns":6},{"damage":11,"enemies":"The Guardian","floor":16,"turns":8},{"damage":13,"enemies":"Spheric Guardian","floor":18,"turns":4},{"damage":0,"enemies":"Chosen","floor":19,"turns":4},{"damage":16,"enemies":"3 Cultists","floor":22,"turns":6},{"damage":4,"enemies":"Book of Stabbing","floor":23,"turns":7},{"damage":23,"enemies":"Snake Plant","floor":25,"turns":4},{"damage":5,"enemies":"Snecko","floor":27,"turns":7},{"damage":10,"enemies":"Sentry and Sphere","floor":28,"turns":6},{"damage":7,"enemies":"Snake Plant","floor":30,"turns":2}],"seed_played":"-6090603195479215513","potions_obtained":[{"floor":1,"key":"SkillPotion"},{"floor":10,"key":"SpeedPotion"},{"floor":25,"key":"FocusPotion"},{"floor":27,"key":"SkillPotion"}],"is_trial":false,"path_per_floor":["M","?","M","M","$","E","?","R","T","M","$","E","R","?","R","B",null,"M","M","?","?","M","E","?","M","T","M","M","?","M"],"character_chosen":"DEFECT","items_purchased":["Defragment","Heatsinks"],"campfire_rested":2,"item_purchase_floors":[5,11],"current_hp_per_floor":[54,54,48,48,48,17,17,39,39,37,37,15,37,37,37,26,75,62,62,62,62,46,42,42,19,19,14,4,4,0],"gold":565,"neow_bonus":"ONE_RARE_RELIC","is_prod":false,"is_daily":false,"chose_seed":false,"campfire_upgraded":1,"win_rate":0.0,"timestamp":1547693440,"path_taken":["M","?","M","M","$","E","?","R","T","M","$","E","R","?","R","BOSS","M","M","?","?","M","E","?","M","T","?","M","?","?"],"build_version":"2019-01-10","purchased_purges":0,"victory":false,"max_hp_per_floor":[75,75,75,75,75,75,75,75,75,75,75,75,75,75,75,75,75,75,75,75,75,75,75,75,75,75,75,75,75,75],"card_choices":[{"not_picked":["Reinforced Body","Steam"],"picked":"Genetic Algorithm","floor":1},{"not_picked":["Blizzard","Sweeping Beam"],"picked":"Conserve Battery","floor":3},{"not_picked":["Streamline","Turbo"],"picked":"Go for the Eyes","floor":4},{"not_picked":["Stack","Leap"],"picked":"Defragment","floor":6},{"not_picked":["Hello World","Scrape"],"picked":"Redo","floor":10},{"not_picked":["Go for the Eyes","Sunder"],"picked":"Ball Lightning","floor":12},{"not_picked":["Meteor Strike","All For One"],"picked":"Buffer","floor":16},{"not_picked":["Static Discharge","Cold Snap"],"picked":"Heatsinks","floor":18},{"not_picked":["Gash","Stack+1"],"picked":"Cold Snap+1","floor":19},{"not_picked":["Gash","Chaos","Rebound+1"],"picked":"Cold Snap","floor":22},{"not_picked":["Rebound+1","Compile Driver","Go for the Eyes"],"picked":"Seek","floor":23},{"not_picked":["BootSequence+1","Loop","Beam Cell"],"picked":"Redo+1","floor":25},{"not_picked":["Turbo+1","Redo+1","Steam Power+1"],"picked":"Consume+1","floor":27},{"not_picked":["Skim+1","Static Discharge+1","Stack+1"],"picked":"Fusion+1","floor":28}],"player_experience":54092,"relics_obtained":[{"floor":6,"key":"War Paint"},{"floor":9,"key":"Whetstone"},{"floor":12,"key":"Vajra"},{"floor":23,"key":"Toxic Egg 2"},{"floor":23,"key":"Smiling Mask"},{"floor":26,"key":"Pantograph"}],"event_choices":[{"cards_removed":["Strike_B"],"damage_healed":0,"gold_gain":0,"player_choice":"Card Removal","damage_taken":0,"max_hp_gain":0,"max_hp_loss":0,"event_name":"The Cleric","floor":2,"gold_loss":50},{"damage_healed":0,"gold_gain":0,"player_choice":"Grow","damage_taken":0,"max_hp_gain":0,"max_hp_loss":0,"event_name":"Living Wall","floor":7,"gold_loss":0,"cards_upgraded":["Defragment"]},{"damage_healed":0,"gold_gain":175,"player_choice":"AGREE","damage_taken":0,"max_hp_gain":0,"max_hp_loss":0,"event_name":"Liars Game","floor":14,"gold_loss":0,"cards_obtained":["Doubt"]},{"damage_healed":0,"gold_gain":0,"player_choice":"Obtained Relic","damage_taken":0,"relics_obtained":["Oddly Smooth Stone"],"max_hp_gain":0,"max_hp_loss":0,"event_name":"Addict","floor":20,"gold_loss":85},{"damage_healed":0,"gold_gain":0,"player_choice":"Opened","damage_taken":0,"relics_obtained":["Question Card"],"max_hp_gain":0,"max_hp_loss":0,"event_name":"The Mausoleum","floor":21,"gold_loss":0},{"damage_healed":0,"gold_gain":200,"player_choice":"Gold","damage_taken":0,"max_hp_gain":0,"max_hp_loss":0,"event_name":"Wheel of Change","floor":24,"gold_loss":0},{"damage_healed":0,"gold_gain":0,"player_choice":"Bought 0 Potions","damage_taken":0,"max_hp_gain":0,"max_hp_loss":0,"event_name":"The Woman in Blue","floor":29,"gold_loss":0}],"is_beta":false,"boss_relics":[{"not_picked":["Fusion Hammer","Tiny House"],"picked":"Black Star"}],"items_purged_floors":[],"is_endless":false,"potions_floor_spawned":[1,10,25,27,28],"killed_by":"Snake Plant","ascension_level":0}