{"gold_per_floor":[111,111,111,132,57,91,91,91,91,164,182,203,217,256,256,380,380,393,518,518,163,178,217,92,92,92,92],"floor_reached":27,"playtime":1182,"items_purged":["Defend_R","Strike_R","Strike_R"],"score":329,"play_id":"c692e35e-78f5-41c1-984a-9464670f76b7","local_time":"20190501133915","is_ascension_mode":true,"campfire_choices":[{"data":"Metallicize","floor":7,"key":"SMITH"},{"data":"Body Slam","floor":15,"key":"SMITH"}],"neow_cost":"NONE","seed_source_timestamp":740262126732100,"circlet_count":0,"master_deck":["Strike_R","Strike_R","Strike_R","Defend_R","Defend_R","Defend_R","Bash","Metallicize+1","Demon Form","Body Slam+1","Ghostly Armor","Shrug It Off","Reaper","Seeing Red+1","Pommel Strike+1","RitualDagger"],"relics":["Burning Blood","NeowsBlessing","Golden Idol","Ancient Tea Set","Bronze Scales","Nunchaku","Lizard Tail","Du-Vu Doll","Pantograph","Mummified Hand","Ornamental Fan","Pear"],"potions_floor_usage":[14,16,19,19,19],"damage_taken":[{"damage":0,"enemies":"Jaw Worm","floor":1,"turns":1},{"damage":0,"enemies":"Small Slimes","floor":4,"turns":1},{"damage":0,"enemies":"Gremlin Nob","floor":6,"turns":1},{"damage":24,"enemies":"Gremlin Nob","floor":10,"turns":4},{"damage":7,"enemies":"2 Louse","floor":11,"turns":3},{"damage":3,"enemies":"Large Slime","floor":12,"turns":7},{"damage":18,"enemies":"3 Louse","floor":13,"turns":4},{"damage":28,"enemies":"3 Sentries","floor":14,"turns":9},{"damage":20,"enemies":"The Guardian","floor":16,"turns":13},{"damage":36,"enemies":"Shell Parasite","floor":18,"turns":6},{"damage":45,"enemies":"Colosseum Slavers","floor":19,"turns":5},{"damage":64,"enemies":"Colosseum Nobs","floor":19,"turns":7},{"damage":24,"enemies":"2 Thieves","floor":22,"turns":5},{"damage":41,"enemies":"Book of Stabbing","floor":23,"turns":5},{"damage":20,"enemies":"Slavers","floor":27,"turns":2}],"seed_played":"-1749032924286699768","potions_obtained":[{"floor":6,"key":"Weak Potion"},{"floor":10,"key":"SpeedPotion"},{"floor":11,"key":"BloodPotion"},{"floor":16,"key":"LiquidBronze"},{"floor":18,"key":"Explosive Potion"},{"floor":23,"key":"FearPotion"}],"is_trial":false,"path_per_floor":["M","?","?","M","$","E","R","?","T","?","M","M","M","E","R","B",null,"M","?","?","$","M","E","$","?","T","E"],"character_chosen":"IRONCLAD","items_purchased":["Mummified Hand"],"campfire_rested":0,"item_purchase_floors":[21],"current_hp_per_floor":[80,60,60,66,66,72,72,77,77,59,58,61,49,35,35,21,85,65,48,42,42,34,8,8,8,18,0],"gold":92,"neow_bonus":"THREE_ENEMY_KILL","is_prod":false,"is_daily":false,"chose_seed":false,"campfire_upgraded":2,"win_rate":0,"timestamp":1556732355,"path_taken":["M","?","?","M","$","E","R","?","T","?","M","M","M","E","R","BOSS","M","?","?","$","M","E","$","?","T","E"],"build_version":"2019-01-23","purchased_purges":3,"victory":false,"max_hp_per_floor":[80,80,80,80,80,80,80,85,85,85,85,85,85,85,85,85,85,85,85,85,85,85,85,85,85,95,95],"card_choices":[{"not_picked":["Thunderclap","Heavy Blade"],"picked":"Metallicize","floor":1},{"not_picked":["Carnage","Sever Soul","Thunderclap"],"picked":"SKIP","floor":4},{"not_picked":["True Grit","Armaments"],"picked":"Demon Form","floor":6},{"not_picked":["Entrench","Clothesline"],"picked":"Body Slam","floor":10},{"not_picked":["True Grit","Reckless Charge"],"picked":"Ghostly Armor","floor":11},{"not_picked":["Havoc","Headbutt","Corruption"],"picked":"SKIP","floor":12},{"not_picked":["Flex","Clash"],"picked":"Shrug It Off","floor":13},{"not_picked":["Anger","Bloodletting","Sever Soul"],"picked":"SKIP","floor":14},{"not_picked":["Berserk","Exhume"],"picked":"Reaper","floor":16},{"not_picked":["Corruption","Anger"],"picked":"Seeing Red+1","floor":18},{"not_picked":["Armaments+1","Wild Strike+1"],"picked":"Pommel Strike+1","floor":19},{"not_picked":["Clothesline","Cleave","Wild Strike"],"picked":"SKIP","floor":22},{"not_picked":["Perfected Strike","Hemokinesis","Warcry"],"picked":"SKIP","floor":23}],"player_experience":222473,"relics_obtained":[{"floor":6,"key":"Ancient Tea Set"},{"floor":10,"key":"Bronze Scales"},{"floor":14,"key":"Nunchaku"},{"floor":19,"key":"Du-Vu Doll"},{"floor":19,"key":"Pantograph"},{"floor":23,"key":"Ornamental Fan"},{"floor":26,"key":"Pear"}],"event_choices":[{"damage_healed":0,"gold_gain":0,"player_choice":"Take Damage","damage_taken":20,"relics_obtained":["Golden Idol"],"max_hp_gain":0,"max_hp_loss":0,"event_name":"Golden Idol","floor":2,"gold_loss":0},{"damage_healed":0,"gold_gain":0,"player_choice":"Ignored","damage_taken":0,"max_hp_gain":0,"max_hp_loss":0,"event_name":"Liars Game","floor":3,"gold_loss":0},{"damage_healed":0,"gold_gain":0,"player_choice":"Donut","damage_taken":0,"max_hp_gain":5,"max_hp_loss":0,"event_name":"Big Fish","floor":8,"gold_loss":0},{"damage_healed":0,"gold_gain":30,"player_choice":"Searched \u00272\u0027 times","damage_taken":0,"max_hp_gain":0,"max_hp_loss":0,"event_name":"Dead Adventurer","floor":10,"gold_loss":0},{"damage_healed":0,"gold_gain":0,"player_choice":"Fight","damage_taken":0,"max_hp_gain":0,"max_hp_loss":0,"event_name":"Colosseum","floor":19,"gold_loss":0},{"damage_healed":0,"gold_gain":0,"player_choice":"Fought Nobs","damage_taken":0,"max_hp_gain":0,"max_hp_loss":0,"event_name":"Colosseum","floor":19,"gold_loss":0},{"damage_healed":0,"gold_gain":0,"player_choice":"Joined the Cult","damage_taken":6,"max_hp_gain":0,"max_hp_loss":0,"event_name":"Nest","floor":20,"gold_loss":0,"cards_obtained":["RitualDagger"]},{"damage_healed":0,"gold_gain":0,"player_choice":"0 cards matched","damage_taken":0,"max_hp_gain":0,"max_hp_loss":0,"event_name":"Match and Keep!","floor":25,"gold_loss":0,"cards_obtained":[]}],"is_beta":false,"boss_relics":[{"not_picked":["Pandora\u0027s Box","Busted Crown"],"picked":"Lizard Tail"}],"items_purged_floors":[5,21,24],"is_endless":false,"potions_floor_spawned":[6,10,11,16,18,23],"killed_by":"Slavers","ascension_level":3}