{"gold_per_floor":[110,60,6,6,20,47,47,47,94,109,109,121,149,168,168,168],"floor_reached":16,"playtime":608,"items_purged":[],"score":121,"play_id":"a7a2bb9e-0520-4a3c-9e9a-77edd2ca861f","local_time":"20190213154554","is_ascension_mode":true,"campfire_choices":[{"floor":8,"key":"REST"},{"data":"Rage","floor":15,"key":"SMITH"}],"neow_cost":"NONE","seed_source_timestamp":511336576080685,"circlet_count":0,"master_deck":["Strike_R","Strike_R","Strike_R","Strike_R","Defend_R+1","Defend_R+1","Defend_R","Defend_R","Bash","Berserk","Pommel Strike+1","Thunderclap","Rage+1","Brutality","Inflame","Pain","Evolve","Offering"],"relics":["Burning Blood","Strawberry","WarpedTongs","Dodecahedron"],"potions_floor_usage":[10,14,16],"damage_taken":[{"damage":12,"enemies":"Small Slimes","floor":1,"turns":4},{"damage":0,"enemies":"Cultist","floor":5,"turns":3},{"damage":38,"enemies":"3 Sentries","floor":6,"turns":7},{"damage":0,"enemies":"2 Louse","floor":10,"turns":1},{"damage":14,"enemies":"Looter","floor":12,"turns":3},{"damage":29,"enemies":"Gremlin Nob","floor":13,"turns":4},{"damage":6,"enemies":"Red Slaver","floor":14,"turns":3},{"damage":39,"enemies":"The Guardian","floor":16,"turns":4}],"seed_played":"492725247496703381","potions_obtained":[{"floor":5,"key":"GamblersBrew"},{"floor":6,"key":"Explosive Potion"},{"floor":10,"key":"BloodPotion"},{"floor":13,"key":"SkillPotion"},{"floor":14,"key":"Energy Potion"}],"is_trial":false,"path_per_floor":["M","?","$","?","M","E","?","R","T","M","?","M","E","M","R","B"],"character_chosen":"IRONCLAD","items_purchased":["Thunderclap"],"campfire_rested":1,"item_purchase_floors":[3],"current_hp_per_floor":[74,74,74,74,80,55,38,64,64,70,70,62,39,39,39,0],"gold":168,"neow_bonus":"ONE_RANDOM_RARE_CARD","is_prod":false,"is_daily":false,"chose_seed":false,"campfire_upgraded":1,"win_rate":0,"timestamp":1550090754,"path_taken":["M","?","$","?","?","E","?","R","T","M","?","M","E","?","R","BOSS"],"build_version":"2019-01-23","purchased_purges":0,"victory":false,"max_hp_per_floor":[80,80,80,80,80,87,87,87,87,87,87,87,87,87,87,87],"card_choices":[{"not_picked":["Perfected Strike","Entrench"],"picked":"Pommel Strike","floor":1},{"not_picked":["True Grit","Heavy Blade"],"picked":"Rage","floor":5},{"not_picked":["Dropkick","Havoc"],"picked":"Brutality","floor":6},{"not_picked":["Heavy Blade","Thunderclap"],"picked":"Inflame","floor":10},{"not_picked":["Havoc","Thunderclap"],"picked":"Evolve","floor":12},{"not_picked":["Wild Strike","Rupture"],"picked":"Offering","floor":13},{"not_picked":["Twin Strike","Body Slam","Feel No Pain"],"picked":"SKIP","floor":14}],"player_experience":116230,"relics_obtained":[{"floor":6,"key":"Strawberry"},{"floor":13,"key":"Dodecahedron"}],"event_choices":[{"cards_removed":["Strike_R"],"damage_healed":0,"gold_gain":0,"player_choice":"Card Removal","damage_taken":0,"max_hp_gain":0,"max_hp_loss":0,"event_name":"The Cleric","floor":2,"gold_loss":50},{"damage_healed":0,"gold_gain":0,"player_choice":"Upgraded","damage_taken":0,"max_hp_gain":0,"max_hp_loss":0,"event_name":"Upgrade Shrine","floor":4,"gold_loss":0,"cards_upgraded":["Pommel Strike"]},{"damage_healed":0,"gold_gain":0,"player_choice":"Entered Light","damage_taken":17,"max_hp_gain":0,"max_hp_loss":0,"event_name":"Shining Light","floor":7,"gold_loss":0,"cards_upgraded":["Defend_R","Defend_R"]},{"damage_healed":0,"gold_gain":0,"player_choice":"Rummage","damage_taken":0,"relics_obtained":["WarpedTongs"],"max_hp_gain":0,"max_hp_loss":0,"event_name":"Accursed Blacksmith","floor":11,"gold_loss":0,"cards_obtained":["Pain"]}],"is_beta":false,"boss_relics":[],"items_purged_floors":[],"is_endless":false,"potions_floor_spawned":[5,6,10,13,14],"killed_by":"The Guardian","ascension_level":2}