{"gold_per_floor":[117,127,137,152,152,184,197,197,197,197,228,287,363,375,375,472,472,483,99,99,114,133,133,166,166,240,275,275,275,288,301,301,396,396,411,411,160,175,188,188,200,227,227,227,246,194,194,194,194,194,194,194,124,124],"floor_reached":54,"playtime":7121,"items_purged":[],"score":767,"play_id":"5f74d399-c843-4ace-887d-725a8e82dc7e","local_time":"20190531153649","is_ascension_mode":false,"campfire_choices":[{"floor":8,"key":"REST"},{"data":"Disarm","floor":15,"key":"SMITH"},{"data":"Strike_R","floor":23,"key":"PURGE"},{"data":"Limit Break","floor":25,"key":"SMITH"},{"data":"Strike_R","floor":29,"key":"PURGE"},{"data":"Strike_R","floor":32,"key":"PURGE"},{"data":"Strike_R+1","floor":40,"key":"PURGE"},{"data":"Strike_R+1","floor":44,"key":"PURGE"},{"floor":49,"key":"RECALL"},{"data":"Defend_R+1","floor":52,"key":"PURGE"}],"neow_cost":"TEN_PERCENT_HP_LOSS","seed_source_timestamp":1138605105880911,"circlet_count":0,"master_deck":["Defend_R+1","Defend_R+1","Bash+1","Twin Strike+1","Disarm+1","Twin Strike+1","Flex+1","Exhume+1","Metallicize+1","Shrug It Off+1","Juggernaut+1","Body Slam+1","Spot Weakness+1","Limit Break+1","Double Tap+1","Metallicize+1","Barricade+1","Shockwave+1","Shrug It Off","Inflame"],"relics":["Black Blood","Gambling Chip","Ornamental Fan","Lantern","Pen Nib","Kunai","Pantograph","Peace Pipe","FaceOfCleric","Boot","Blue Candle","Pocketwatch","Busted Crown","Mark of the Bloom","Shuriken","Happy Flower"],"potions_floor_usage":[4,6,12,22,24,24,33,42,54],"damage_taken":[{"damage":2,"enemies":"Small Slimes","floor":1,"turns":5},{"damage":1,"enemies":"Cultist","floor":2,"turns":3},{"damage":1,"enemies":"2 Louse","floor":3,"turns":3},{"damage":9,"enemies":"Large Slime","floor":4,"turns":6},{"damage":59,"enemies":"3 Sentries","floor":6,"turns":13},{"damage":6,"enemies":"Looter","floor":7,"turns":3},{"damage":12,"enemies":"Gremlin Nob","floor":11,"turns":5},{"damage":30,"enemies":"Lagavulin Event","floor":12,"turns":6},{"damage":0,"enemies":"2 Fungi Beasts","floor":14,"turns":4},{"damage":0,"enemies":"The Guardian","floor":16,"turns":13},{"damage":0,"enemies":"Shell Parasite","floor":18,"turns":5},{"damage":0,"enemies":"Chosen","floor":21,"turns":6},{"damage":20,"enemies":"Shelled Parasite and Fungi","floor":22,"turns":6},{"damage":12,"enemies":"Book of Stabbing","floor":24,"turns":6},{"damage":34,"enemies":"Gremlin Leader","floor":27,"turns":7},{"damage":0,"enemies":"Snake Plant","floor":30,"turns":5},{"damage":22,"enemies":"Cultist and Chosen","floor":31,"turns":6},{"damage":65,"enemies":"Automaton","floor":33,"turns":9},{"damage":51,"enemies":"3 Darklings","floor":35,"turns":5},{"damage":0,"enemies":"3 Shapes","floor":38,"turns":4},{"damage":11,"enemies":"Transient","floor":39,"turns":5},{"damage":21,"enemies":"Writhing Mass","floor":41,"turns":4},{"damage":0,"enemies":"Giant Head","floor":42,"turns":6},{"damage":12,"enemies":"Jaw Worm Horde","floor":45,"turns":6},{"damage":2,"enemies":"Time Eater","floor":50,"turns":10},{"damage":14,"enemies":"Shield and Spear","floor":54,"turns":2}],"seed_played":"8534766019771805788","potions_obtained":[{"floor":2,"key":"EssenceOfSteel"},{"floor":3,"key":"Explosive Potion"},{"floor":6,"key":"Block Potion"},{"floor":12,"key":"Fruit Juice"},{"floor":18,"key":"Fire Potion"},{"floor":21,"key":"Energy Potion"},{"floor":24,"key":"BloodPotion"},{"floor":31,"key":"Energy Potion"},{"floor":39,"key":"SkillPotion"},{"floor":41,"key":"Block Potion"}],"is_trial":false,"path_per_floor":["M","M","M","M","?","E","M","R","T","?","E","?","T","M","R","B",null,"M","$","?","M","M","R","E","R","T","E","?","R","M","M","R","B",null,"M","?","$","M","M","R","M","E","T","R","M","$","?","?","R","B",null,"R","$","E"],"character_chosen":"IRONCLAD","items_purchased":["Peace Pipe","Spot Weakness","Shuriken","Shrug It Off","Inflame"],"campfire_rested":1,"item_purchase_floors":[19,19,37,46,53],"current_hp_per_floor":[72,72,72,69,69,16,16,37,37,37,31,12,12,18,18,49,77,77,77,77,78,69,69,68,68,68,45,91,91,92,81,81,39,94,54,54,54,54,43,43,22,22,22,22,10,10,10,10,10,8,8,8,8,0],"gold":124,"neow_bonus":"ONE_RARE_RELIC","is_prod":false,"is_daily":false,"chose_seed":false,"campfire_upgraded":2,"win_rate":0,"timestamp":1559342209,"path_taken":["M","M","M","M","?","E","?","R","T","?","E","?","?","M","R","BOSS","M","$","?","?","M","R","E","R","T","E","?","R","?","M","R","BOSS","M","?","$","M","M","R","M","E","T","R","M","$","?","?","R","BOSS","R","$","E"],"build_version":"2019-01-23","purchased_purges":0,"victory":false,"max_hp_per_floor":[72,72,72,72,72,72,72,72,72,72,72,77,77,77,77,77,77,77,77,77,78,79,79,80,80,80,81,91,91,92,93,93,94,94,95,95,95,96,97,97,98,99,99,99,100,100,87,87,87,88,88,88,88,88],"card_choices":[{"not_picked":["Body Slam","Clothesline"],"picked":"Twin Strike","floor":1},{"not_picked":["True Grit","Iron Wave"],"picked":"Disarm","floor":2},{"not_picked":["Sentinel","Wild Strike"],"picked":"Twin Strike","floor":3},{"not_picked":["Body Slam","Sword Boomerang"],"picked":"Armaments","floor":4},{"not_picked":["Iron Wave","Armaments"],"picked":"Exhume","floor":6},{"not_picked":["Entrench","Dropkick"],"picked":"Metallicize","floor":7},{"not_picked":["Clothesline","Iron Wave","Flex"],"picked":"SKIP","floor":11},{"not_picked":["Burning Pact","Fire Breathing"],"picked":"Shrug It Off","floor":14},{"not_picked":["Feed","Bludgeon"],"picked":"Juggernaut","floor":16},{"not_picked":["Rupture","Anger"],"picked":"Body Slam+1","floor":18},{"not_picked":["Sever Soul","Dropkick","Iron Wave"],"picked":"SKIP","floor":21},{"not_picked":["Havoc","Pummel"],"picked":"Dark Embrace","floor":22},{"not_picked":["Rage","Warcry+1"],"picked":"Limit Break","floor":24},{"not_picked":["Perfected Strike","Hemokinesis"],"picked":"Double Tap","floor":27},{"not_picked":["Searing Blow","Headbutt","Power Through"],"picked":"SKIP","floor":30},{"not_picked":["Headbutt+1","Rupture+1"],"picked":"Metallicize","floor":31},{"not_picked":["Immolate","Juggernaut"],"picked":"Barricade","floor":33},{"not_picked":["Cleave"],"picked":"SKIP","floor":35},{"not_picked":[],"picked":"Shockwave+1","floor":38},{"not_picked":["Twin Strike+1"],"picked":"SKIP","floor":39},{"not_picked":["Clash+1"],"picked":"SKIP","floor":41},{"not_picked":["Sentinel+1"],"picked":"SKIP","floor":42},{"not_picked":["Thunderclap+1"],"picked":"SKIP","floor":45}],"player_experience":132971,"relics_obtained":[{"floor":6,"key":"Ornamental Fan"},{"floor":9,"key":"Lantern"},{"floor":11,"key":"Pen Nib"},{"floor":12,"key":"Kunai"},{"floor":13,"key":"Pantograph"},{"floor":24,"key":"Boot"},{"floor":26,"key":"Blue Candle"},{"floor":27,"key":"Pocketwatch"},{"floor":42,"key":"Happy Flower"}],"event_choices":[{"cards_removed":["Armaments"],"damage_healed":0,"gold_gain":0,"player_choice":"Took Card","damage_taken":0,"max_hp_gain":0,"max_hp_loss":0,"event_name":"NoteForYourself","floor":5,"gold_loss":0,"cards_obtained":["Flex"]},{"damage_healed":0,"gold_gain":0,"player_choice":"Grow","damage_taken":0,"max_hp_gain":0,"max_hp_loss":0,"event_name":"Living Wall","floor":10,"gold_loss":0,"cards_upgraded":["Exhume"]},{"damage_healed":0,"gold_gain":0,"player_choice":"Searched \u00271\u0027 times","damage_taken":0,"max_hp_gain":0,"max_hp_loss":0,"event_name":"Dead Adventurer","floor":12,"gold_loss":0},{"damage_healed":0,"gold_gain":0,"player_choice":"Trade","damage_taken":0,"relics_obtained":["FaceOfCleric"],"max_hp_gain":0,"max_hp_loss":0,"event_name":"FaceTrader","floor":20,"gold_loss":0},{"cards_removed":["Dark Embrace"],"damage_healed":36,"gold_gain":0,"player_choice":"Offered Rare","damage_taken":0,"max_hp_gain":10,"max_hp_loss":0,"event_name":"Bonfire Elementals","floor":28,"gold_loss":0},{"damage_healed":0,"gold_gain":0,"player_choice":"Upgrade","damage_taken":0,"relics_obtained":["Mark of the Bloom"],"max_hp_gain":0,"max_hp_loss":0,"event_name":"MindBloom","floor":36,"gold_loss":0,"cards_upgraded":["Strike_R","Strike_R","Defend_R","Defend_R","Defend_R","Defend_R","Bash","Twin Strike","Twin Strike","Flex","Metallicize","Shrug It Off","Juggernaut","Spot Weakness","Double Tap","Metallicize","Barricade"]},{"damage_healed":87,"gold_gain":0,"player_choice":"Heal","damage_taken":0,"max_hp_gain":0,"max_hp_loss":13,"event_name":"The Moai Head","floor":47,"gold_loss":0},{"cards_removed":["Defend_R"],"damage_healed":0,"gold_gain":0,"player_choice":"Card Removal","damage_taken":0,"max_hp_gain":0,"max_hp_loss":0,"event_name":"Wheel of Change","floor":48,"gold_loss":0}],"is_beta":false,"boss_relics":[{"not_picked":["Velvet Choker","Mark of Pain"],"picked":"Black Blood"},{"not_picked":["Coffee Dripper","White Beast Statue"],"picked":"Busted Crown"}],"items_purged_floors":[],"is_endless":false,"potions_floor_spawned":[2,3,6,12,18,21,24,31,39,41],"killed_by":"Shield and Spear","ascension_level":0}