{"gold_per_floor":[111,123,140,152,102,102,120,120,120,137,148,148,148,148,148,148],"floor_reached":16,"playtime":512,"items_purged":[],"score":132,"play_id":"2b7379a1-9878-4d80-be3e-b19ccb53381f","local_time":"20190529125158","is_ascension_mode":true,"campfire_choices":[{"data":"Neutralize","floor":6,"key":"SMITH"},{"data":"Backflip","floor":8,"key":"SMITH"},{"floor":15,"key":"REST"}],"neow_cost":"TEN_PERCENT_HP_LOSS","seed_source_timestamp":230106883501338,"circlet_count":0,"master_deck":["Defend_G","Defend_G","Defend_G","Defend_G","Defend_G","Strike_G","Strike_G","Strike_G","Strike_G","Strike_G","Survivor","Neutralize+1","Adrenaline","Dagger Spray","Quick Slash","Tools of the Trade","Backflip+1","Deflect","Leg Sweep","Acrobatics+1"],"relics":["Ring of the Snake","Regal Pillow"],"potions_floor_usage":[7,16],"damage_taken":[{"damage":0,"enemies":"Jaw Worm","floor":1,"turns":5},{"damage":0,"enemies":"Small Slimes","floor":2,"turns":3},{"damage":0,"enemies":"2 Louse","floor":3,"turns":2},{"damage":3,"enemies":"Blue Slaver","floor":4,"turns":6},{"damage":15,"enemies":"Exordium Wildlife","floor":7,"turns":7},{"damage":9,"enemies":"2 Fungi Beasts","floor":10,"turns":4},{"damage":2,"enemies":"3 Louse","floor":11,"turns":3},{"damage":28,"enemies":"Slime Boss","floor":16,"turns":6}],"seed_played":"4189061799308264131","potions_obtained":[{"floor":1,"key":"FairyPotion"},{"floor":3,"key":"Energy Potion"},{"floor":7,"key":"Weak Potion"},{"floor":11,"key":"SkillPotion"}],"is_trial":false,"path_per_floor":["M","M","M","M","$","R","M","R","T","M","M","?","?","?","R","B"],"character_chosen":"THE_SILENT","items_purchased":["Backflip"],"campfire_rested":1,"item_purchase_floors":[5],"current_hp_per_floor":[63,63,63,60,60,60,45,45,45,36,34,34,34,34,63,35],"gold":148,"neow_bonus":"THREE_RARE_CARDS","is_prod":false,"is_daily":false,"chose_seed":false,"campfire_upgraded":2,"win_rate":0,"timestamp":1559105518,"path_taken":["M","M","M","M","$","R","M","R","T","M","M","?","?","?","R","BOSS"],"build_version":"2019-01-23","purchased_purges":0,"victory":false,"max_hp_per_floor":[63,63,63,63,63,63,63,63,63,63,63,63,63,63,63,63],"card_choices":[{"not_picked":["Grand Finale","Night Terror"],"picked":"Adrenaline","floor":0},{"not_picked":["Dagger Throw","Leg Sweep"],"picked":"Dagger Spray","floor":1},{"not_picked":["Accuracy","Underhanded Strike"],"picked":"Quick Slash","floor":2},{"not_picked":["Dagger Spray","Dagger Throw"],"picked":"Tools of the Trade","floor":3},{"not_picked":["Catalyst","Sucker Punch","Quick Slash"],"picked":"SKIP","floor":4},{"not_picked":["Poisoned Stab","Sucker Punch"],"picked":"Deflect","floor":7},{"not_picked":["Dagger Spray","Glass Knife"],"picked":"Leg Sweep","floor":10},{"not_picked":["Deadly Poison","Choke"],"picked":"Acrobatics","floor":11}],"player_experience":934214,"relics_obtained":[{"floor":9,"key":"Regal Pillow"}],"event_choices":[{"damage_healed":0,"gold_gain":0,"player_choice":"Grow","damage_taken":0,"max_hp_gain":0,"max_hp_loss":0,"event_name":"Living Wall","floor":12,"gold_loss":0,"cards_upgraded":["Acrobatics"]},{"damage_healed":0,"gold_gain":0,"player_choice":"Ignored","damage_taken":0,"max_hp_gain":0,"max_hp_loss":0,"event_name":"Golden Wing","floor":13,"gold_loss":0},{"damage_healed":0,"gold_gain":0,"player_choice":"Ignored","damage_taken":0,"max_hp_gain":0,"max_hp_loss":0,"event_name":"Golden Idol","floor":14,"gold_loss":0}],"is_beta":false,"boss_relics":[],"items_purged_floors":[],"is_endless":false,"potions_floor_spawned":[1,3,7,11],"killed_by":"Slime Boss","ascension_level":8}