{"gold_per_floor":[112,76,76,89,102,102,119,119,144,144,171,171,171,186,186,291,291,304,318,191,191,191],"floor_reached":22,"playtime":847,"items_purged":["Accuracy+1"],"score":258,"play_id":"0e4d399e-522b-4792-a06c-02da4491078d","local_time":"20190601124739","is_ascension_mode":true,"campfire_choices":[{"data":"Noxious Fumes","floor":6,"key":"SMITH"},{"data":"Blur","floor":8,"key":"SMITH"},{"data":"Blind","floor":12,"key":"SMITH"},{"floor":15,"key":"REST"}],"neow_cost":"NONE","seed_source_timestamp":257783485075786,"circlet_count":0,"master_deck":["Defend_G","Defend_G","Defend_G","Defend_G","Defend_G","Strike_G","Strike_G","Survivor","Neutralize","Well Laid Plans","Noxious Fumes+1","Blind+1","Poisoned Stab","Flechettes","Blur+1","Bane","Dagger Spray","Heel Hook","Malaise","Glass Knife+1","Setup+1","PiercingWail+1"],"relics":["Ring of the Snake","Boot","Dream Catcher","Astrolabe"],"potions_floor_usage":[16,18],"damage_taken":[{"damage":3,"enemies":"Small Slimes","floor":1,"turns":5},{"damage":5,"enemies":"Cultist","floor":4,"turns":5},{"damage":0,"enemies":"Jaw Worm","floor":5,"turns":5},{"damage":4,"enemies":"Blue Slaver","floor":7,"turns":4},{"damage":24,"enemies":"Gremlin Nob","floor":11,"turns":5},{"damage":0,"enemies":"Looter","floor":14,"turns":3},{"damage":20,"enemies":"Hexaghost","floor":16,"turns":11},{"damage":15,"enemies":"Spheric Guardian","floor":18,"turns":5},{"damage":4,"enemies":"Shell Parasite","floor":19,"turns":6},{"damage":47,"enemies":"Cultist and Chosen","floor":22,"turns":6}],"seed_played":"4637134009594000815","potions_obtained":[{"floor":4,"key":"SteroidPotion"},{"floor":11,"key":"Energy Potion"},{"floor":14,"key":"Dexterity Potion"},{"floor":16,"key":"Energy Potion"}],"is_trial":false,"path_per_floor":["M","?","?","M","M","R","M","R","T","?","E","R","?","M","R","B",null,"M","M","$","?","M"],"character_chosen":"THE_SILENT","items_purchased":["Poison Potion"],"campfire_rested":1,"item_purchase_floors":[20],"current_hp_per_floor":[60,60,60,55,55,55,51,51,51,51,27,27,27,27,48,28,60,45,41,41,41,0],"gold":191,"neow_bonus":"THREE_CARDS","is_prod":false,"is_daily":false,"chose_seed":false,"campfire_upgraded":3,"win_rate":0,"timestamp":1559364459,"path_taken":["M","?","?","M","?","R","M","R","T","?","E","R","?","M","R","BOSS","M","M","$","?","M"],"build_version":"2019-01-23","purchased_purges":1,"victory":false,"max_hp_per_floor":[70,70,70,70,70,70,70,70,70,70,70,70,70,70,70,70,70,70,70,70,70,70],"card_choices":[{"not_picked":["Underhanded Strike","Choke"],"picked":"Well Laid Plans","floor":0},{"not_picked":["Quick Slash","Bane"],"picked":"Noxious Fumes","floor":1},{"not_picked":["Underhanded Strike","Reflex"],"picked":"Poisoned Stab","floor":4},{"not_picked":["Bouncing Flask","Well Laid Plans"],"picked":"Flechettes","floor":5},{"not_picked":["Crippling Poison","Terror"],"picked":"Blur","floor":7},{"not_picked":["Deadly Poison","Blade Dance"],"picked":"Bane","floor":11},{"not_picked":["Prepared","Poisoned Stab"],"picked":"Dagger Spray","floor":14},{"not_picked":["Deflect","Choke"],"picked":"Heel Hook","floor":15},{"not_picked":["Unload","Adrenaline"],"picked":"Malaise","floor":16},{"not_picked":["Deadly Poison","Accuracy"],"picked":"PiercingWail+1","floor":18},{"not_picked":["Prepared","Slice+1","Deflect+1"],"picked":"SKIP","floor":19}],"player_experience":938855,"relics_obtained":[{"floor":9,"key":"Boot"},{"floor":11,"key":"Dream Catcher"}],"event_choices":[{"damage_healed":0,"gold_gain":0,"player_choice":"Left Gold","damage_taken":0,"max_hp_gain":0,"max_hp_loss":0,"event_name":"World of Goop","floor":2,"gold_loss":36},{"damage_healed":0,"gold_gain":0,"player_choice":"1 cards matched","damage_taken":0,"max_hp_gain":0,"max_hp_loss":0,"event_name":"Match and Keep!","floor":3,"gold_loss":0,"cards_obtained":["Blind"]},{"damage_healed":0,"gold_gain":0,"player_choice":"Searched \u00270\u0027 times","damage_taken":0,"max_hp_gain":0,"max_hp_loss":0,"event_name":"Dead Adventurer","floor":10,"gold_loss":0},{"damage_healed":0,"gold_gain":0,"player_choice":"Fled","damage_taken":0,"max_hp_gain":0,"max_hp_loss":0,"event_name":"Scrap Ooze","floor":13,"gold_loss":0},{"damage_healed":0,"gold_gain":0,"player_choice":"Ignored","damage_taken":0,"max_hp_gain":0,"max_hp_loss":0,"event_name":"The Mausoleum","floor":21,"gold_loss":0}],"is_beta":false,"boss_relics":[{"not_picked":["Snecko Eye","Coffee Dripper"],"picked":"Astrolabe"}],"items_purged_floors":[20],"is_endless":false,"potions_floor_spawned":[4,11,14,16],"killed_by":"Cultist and Chosen","ascension_level":8}