{"gold_per_floor":[113,124,55,75,91,126,126,158,158,178,178,192,192,206,206,305,305,325,342,44,44,54,54,73,73,148,160,160,170,270,287,287,385,385,402,255,255,255,24,24,44,58,58,58,78,93,93,0,0,0],"floor_reached":51,"playtime":3153,"items_purged":["Injury"],"score":662,"play_id":"144761ac-c0b1-4f72-bded-41b52878a7c8","local_time":"20190304220848","is_ascension_mode":false,"campfire_choices":[{"floor":7.0,"key":"REST"},{"floor":11.0,"key":"REST"},{"floor":15.0,"key":"REST"},{"data":"Corpse Explosion","floor":23.0,"key":"SMITH"},{"data":"Calculated Gamble","floor":28.0,"key":"SMITH"},{"data":"Malaise","floor":32.0,"key":"SMITH"},{"data":"Venomology","floor":40.0,"key":"SMITH"},{"data":"Bane","floor":44.0,"key":"SMITH"},{"floor":47.0,"key":"REST"},{"data":"A Thousand Cuts","floor":49.0,"key":"SMITH"}],"neow_cost":"NONE","seed_source_timestamp":0,"circlet_count":0,"master_deck":["Defend_G","Defend_G","Defend_G","Defend_G","Defend_G","Strike_G","Strike_G","Strike_G","Strike_G","Survivor","Neutralize","Corpse Explosion+1","Calculated Gamble+1","Noxious Fumes","Noxious Fumes","Blade Dance","Deadly Poison","Choke","Deadly Poison","Envenom","PiercingWail","Crippling Poison","Die Die Die","Poisoned Stab","Poisoned Stab","Bane+1","Venomology+1","Dodge and Roll","Deadly Poison","Malaise+1","A Thousand Cuts+1","Terror+1","Caltrops","Parasite","Dash+1","Outmaneuver+1","Cloak And Dagger+1"],"special_seed":0,"relics":["Ring of the Serpent","Orichalcum","Meat on the Bone","Pear","Eternal Feather","The Specimen","Gremlin Horn","Vajra","Spirit Poop","Lantern","Prayer Wheel","Red Mask"],"potions_floor_usage":[50,50,50],"damage_taken":[{"damage":0.0,"enemies":"Small Slimes","floor":1.0,"turns":4.0},{"damage":1.0,"enemies":"Cultist","floor":2.0,"turns":4.0},{"damage":2.0,"enemies":"Jaw Worm","floor":4.0,"turns":4.0},{"damage":6.0,"enemies":"Red Slaver","floor":5.0,"turns":4.0},{"damage":18.0,"enemies":"3 Sentries","floor":6.0,"turns":4.0},{"damage":35.0,"enemies":"Gremlin Nob","floor":8.0,"turns":5.0},{"damage":18.0,"enemies":"Large Slime","floor":10.0,"turns":6.0},{"damage":38.0,"enemies":"Exordium Thugs","floor":12.0,"turns":4.0},{"damage":0.0,"enemies":"3 Louse","floor":14.0,"turns":4.0},{"damage":13.0,"enemies":"Hexaghost","floor":16.0,"turns":9.0},{"damage":8.0,"enemies":"Spheric Guardian","floor":18.0,"turns":4.0},{"damage":18.0,"enemies":"Chosen","floor":19.0,"turns":5.0},{"damage":12.0,"enemies":"Snecko","floor":22.0,"turns":5.0},{"damage":6.0,"enemies":"3 Cultists","floor":24.0,"turns":3.0},{"damage":9.0,"enemies":"Snake Plant","floor":27.0,"turns":5.0},{"damage":12.0,"enemies":"Chosen and Byrds","floor":29.0,"turns":5.0},{"damage":21.0,"enemies":"Snecko","floor":31.0,"turns":6.0},{"damage":52.0,"enemies":"Automaton","floor":33.0,"turns":9.0},{"damage":33.0,"enemies":"3 Darklings","floor":35.0,"turns":3.0},{"damage":6.0,"enemies":"3 Shapes","floor":41.0,"turns":3.0},{"damage":31.0,"enemies":"Writhing Mass","floor":42.0,"turns":7.0},{"damage":57.0,"enemies":"Spire Growth","floor":45.0,"turns":5.0},{"damage":38.0,"enemies":"Transient","floor":46.0,"turns":5.0},{"damage":61,"enemies":"Awakened One","floor":50,"turns":16}],"seed_played":"2267259392819516988","potions_obtained":[{"floor":1.0,"key":"SkillPotion"},{"floor":4.0,"key":"Ancient Potion"},{"floor":8.0,"key":"FearPotion"},{"floor":16.0,"key":"Fire Potion"},{"floor":19.0,"key":"Strength Potion"},{"floor":22.0,"key":"SpeedPotion"},{"floor":24.0,"key":"SteroidPotion"},{"floor":31.0,"key":"Fire Potion"},{"floor":33.0,"key":"Energy Potion"},{"floor":42.0,"key":"Ancient Potion"},{"floor":45.0,"key":"Fire Potion"},{"floor":46.0,"key":"GhostInAJar"}],"is_trial":false,"path_per_floor":["M","M","$","M","M","E","R","E","T","M","R","M","?","M","R","B",null,"M","M","$","?","M","R","M","?","T","M","R","M","?","M","R","B",null,"M","$","?","?","$","R","M","M","T","R","M","M","R","?","R","B",null],"character_chosen":"THE_SILENT","items_purchased":["Noxious Fumes","The Specimen","Vajra","Lantern"],"campfire_rested":4,"item_purchase_floors":[3,20,36,39],"current_hp_per_floor":[70,69,69,67,61,43,64,29,39,33,57,31,31,43,67,54,80,72,54,54,54,42,57,51,51,51,42,57,45,45,36,54,14,80,47,47,67,67,67,80,74,43,43,64,19,20,65,65,80,31],"gold":0,"neow_bonus":"ONE_RANDOM_RARE_CARD","is_prod":false,"is_daily":false,"chose_seed":false,"campfire_upgraded":6,"win_rate":0,"timestamp":1551755328,"path_taken":["M","M","$","M","M","E","R","E","T","M","R","M","?","M","R","BOSS","M","M","$","?","?","R","M","?","T","?","R","M","?","M","R","BOSS","M","$","?","?","$","R","?","M","T","R","M","?","R","?","R","BOSS"],"build_version":"2019-02-06","purchased_purges":1,"victory":true,"max_hp_per_floor":[70,70,70,70,70,70,70,70,80,80,80,80,80,80,80,80,80,80,80,80,80,80,80,80,80,80,80,80,80,80,80,80,80,80,80,80,80,80,80,80,80,80,80,80,80,80,80,80,80,80],"card_choices":[{"not_picked":["Slice","Dodge and Roll"],"picked":"Calculated Gamble","floor":1.0},{"not_picked":["Well Laid Plans","Acrobatics"],"picked":"Noxious Fumes","floor":2.0},{"not_picked":["Slice","Sucker Punch"],"picked":"Blade Dance","floor":4.0},{"not_picked":["Concentrate","Footwork"],"picked":"Deadly Poison","floor":5.0},{"not_picked":["Quick Slash","Concentrate"],"picked":"Choke","floor":6.0},{"not_picked":["Riddle With Holes","Skewer"],"picked":"Deadly Poison","floor":8.0},{"not_picked":["Dagger Throw","Dodge and Roll"],"picked":"Envenom","floor":10.0},{"not_picked":["Choke","Prepared"],"picked":"PiercingWail","floor":12.0},{"not_picked":["Cloak And Dagger","Bouncing Flask"],"picked":"Crippling Poison","floor":14.0},{"not_picked":["After Image","Unload"],"picked":"Die Die Die","floor":16.0},{"not_picked":["Dagger Spray","Quick Slash","Leg Sweep"],"picked":"SKIP","floor":18.0},{"not_picked":["Sucker Punch","Underhanded Strike"],"picked":"Poisoned Stab","floor":19.0},{"not_picked":["Flying Knee+1","Backflip+1"],"picked":"Bane","floor":22.0},{"not_picked":["Dodge and Roll","Prepared"],"picked":"Venomology","floor":24.0},{"not_picked":["Deflect","Tactician"],"picked":"Dodge and Roll","floor":27.0},{"not_picked":["Deflect","Dodge and Roll+1"],"picked":"Deadly Poison","floor":29.0},{"not_picked":["Choke","Underhanded Strike"],"picked":"Malaise","floor":31.0},{"not_picked":["Storm of Steel","Adrenaline"],"picked":"A Thousand Cuts","floor":33.0},{"not_picked":["Dash+1","Heel Hook"],"picked":"Terror+1","floor":35.0},{"not_picked":["Predator","Underhanded Strike+1"],"picked":"Caltrops","floor":41.0},{"not_picked":["Flechettes+1","Dagger Spray+1"],"picked":"Dash+1","floor":42.0},{"not_picked":["Blur+1","Caltrops+1"],"picked":"Outmaneuver+1","floor":45.0},{"not_picked":["Slice","Eviscerate+1"],"picked":"Cloak And Dagger+1","floor":45.0},{"not_picked":["Masterful Stab","Leg Sweep","Outmaneuver"],"picked":"SKIP","floor":46.0},{"not_picked":["Cloak And Dagger","Quick Slash+1","Flying Knee+1"],"picked":"SKIP","floor":46.0}],"player_experience":658351,"relics_obtained":[{"floor":6.0,"key":"Orichalcum"},{"floor":8.0,"key":"Meat on the Bone"},{"floor":9.0,"key":"Pear"},{"floor":26.0,"key":"Gremlin Horn"},{"floor":43.0,"key":"Prayer Wheel"}],"event_choices":[{"damage_healed":0.0,"max_hp_gain":0.0,"max_hp_loss":0.0,"gold_gain":0.0,"event_name":"Shining Light","player_choice":"Ignored","floor":13.0,"gold_loss":0.0,"damage_taken":0.0},{"damage_healed":0.0,"max_hp_gain":0.0,"max_hp_loss":0.0,"gold_gain":0.0,"event_name":"Match and Keep!","player_choice":"2 cards matched","floor":21.0,"gold_loss":0.0,"damage_taken":0.0,"cards_obtained":["Injury","Poisoned Stab"]},{"cards_removed":["Strike_G"],"damage_healed":0.0,"max_hp_gain":0.0,"max_hp_loss":0.0,"gold_gain":0.0,"event_name":"Purifier","player_choice":"Purged","floor":25.0,"gold_loss":0.0,"damage_taken":0.0},{"damage_healed":0.0,"max_hp_gain":0.0,"max_hp_loss":0.0,"gold_gain":100.0,"event_name":"Golden Shrine","player_choice":"Pray","floor":30.0,"gold_loss":0.0,"damage_taken":0.0},{"damage_healed":20.0,"max_hp_gain":0.0,"max_hp_loss":0.0,"gold_gain":0.0,"event_name":"Winding Halls","player_choice":"Writhe","floor":37.0,"gold_loss":0.0,"damage_taken":0.0,"cards_obtained":["Writhe"]},{"cards_removed":["Writhe"],"damage_healed":0.0,"max_hp_gain":0.0,"max_hp_loss":0.0,"gold_gain":0.0,"event_name":"Bonfire Elementals","player_choice":"Offered Curse","floor":38.0,"gold_loss":0.0,"damage_taken":0.0,"relics_obtained":["Spirit Poop"]},{"damage_healed":0.0,"max_hp_gain":0.0,"max_hp_loss":0.0,"gold_gain":0.0,"event_name":"Tomb of Lord Red Mask","player_choice":"Paid","floor":48.0,"gold_loss":93.0,"damage_taken":0.0,"relics_obtained":["Red Mask"]}],"is_beta":true,"boss_relics":[{"not_picked":["Runic Dome","Runic Pyramid"],"picked":"Eternal Feather"},{"not_picked":["Calling Bell","Sozu"],"picked":"Ring of the Serpent"}],"items_purged_floors":[39],"is_endless":false,"potions_floor_spawned":[1,4,8,16,19,22,24,31,33,42,45,46],"ascension_level":0}