{"gold_per_floor":[15,15,15,32,44,44,61,61,61,61,61,79,79,79,79,154,154,173,183,200,200,210,210,243,243,266,191,191,217,217,21,21,95,95,111,162,182,198,215,215,249,249,297,36,36,36,36,47,47,47],"floor_reached":51,"playtime":2302,"items_purged":["Writhe","Barrage"],"score":1323,"play_id":"37fc63c2-c858-498f-a1c7-a117402e58aa","local_time":"20190526130805","is_ascension_mode":true,"campfire_choices":[{"data":"Lockon","floor":6,"key":"SMITH"},{"data":"Go for the Eyes","floor":11,"key":"SMITH"},{"data":"Zap","floor":13,"key":"SMITH"},{"data":"Dualcast","floor":15,"key":"SMITH"},{"data":"Beam Cell","floor":23,"key":"SMITH"},{"data":"Coolheaded","floor":25,"key":"SMITH"},{"floor":28,"key":"REST"},{"data":"Loop","floor":32,"key":"SMITH"},{"data":"Coolheaded","floor":40,"key":"SMITH"},{"data":"Seek","floor":42,"key":"SMITH"},{"floor":45,"key":"REST"},{"data":"Skim","floor":47,"key":"SMITH"},{"data":"Fission","floor":49,"key":"SMITH"}],"neow_cost":"NO_GOLD","seed_source_timestamp":151805048331300,"circlet_count":0,"master_deck":["AscendersBane","Zap+1","Dualcast+1","Go for the Eyes+1","FTL","Lockon+1","Chill","All For One","Electrodynamics","Skim+1","Beam Cell+1","Conserve Battery+1","Coolheaded+1","Coolheaded+1","Conserve Battery","Loop+1","Seek+1","Cold Snap+1","Self Repair","Fission+1"],"relics":["Cracked Core","Meat on the Bone","Bottled Flame","Ginger","Pandora\u0027s Box","Lantern","Ice Cream","Orichalcum","Darkstone Periapt","Bronze Scales","Busted Crown","Incense Burner","Strawberry","Potion Belt","Regal Pillow"],"potions_floor_usage":[7,16,29,33,36,41,41,50,50],"damage_taken":[{"damage":7,"enemies":"Jaw Worm","floor":1,"turns":4},{"damage":1,"enemies":"Small Slimes","floor":4,"turns":3},{"damage":0,"enemies":"2 Louse","floor":5,"turns":2},{"damage":0,"enemies":"Looter","floor":7,"turns":3},{"damage":2,"enemies":"Blue Slaver","floor":12,"turns":3},{"damage":19,"enemies":"Hexaghost","floor":16,"turns":8},{"damage":21,"enemies":"Shell Parasite","floor":18,"turns":3},{"damage":18,"enemies":"Chosen","floor":19,"turns":4},{"damage":0,"enemies":"Centurion and Healer","floor":20,"turns":3},{"damage":7,"enemies":"Cultist and Chosen","floor":22,"turns":5},{"damage":30,"enemies":"Book of Stabbing","floor":24,"turns":4},{"damage":19,"enemies":"Slavers","floor":29,"turns":4},{"damage":21,"enemies":"Champ","floor":33,"turns":8},{"damage":0,"enemies":"Orb Walker","floor":35,"turns":2},{"damage":42,"enemies":"2 Orb Walkers","floor":36,"turns":3},{"damage":0,"enemies":"3 Shapes","floor":37,"turns":3},{"damage":13,"enemies":"Spire Growth","floor":38,"turns":3},{"damage":0,"enemies":"3 Darklings","floor":39,"turns":3},{"damage":32,"enemies":"Giant Head","floor":41,"turns":7},{"damage":12,"enemies":"Jaw Worm Horde","floor":48,"turns":5},{"damage":55,"enemies":"Donu and Deca","floor":50,"turns":9}],"seed_played":"-8132164689028672809","potions_obtained":[{"floor":4,"key":"Block Potion"},{"floor":12,"key":"Block Potion"},{"floor":18,"key":"LiquidBronze"},{"floor":29,"key":"Energy Potion"},{"floor":36,"key":"Fire Potion"},{"floor":39,"key":"Fire Potion"},{"floor":41,"key":"LiquidBronze"},{"floor":48,"key":"SkillPotion"}],"is_trial":false,"path_per_floor":["M","$","?","M","M","R","M","?","T","?","R","M","R","T","R","B",null,"M","M","M","?","M","R","E","R","T","?","R","E","T","$","R","B",null,"M","?","M","M","M","R","E","R","T","$","R","?","R","M","R","B",null],"character_chosen":"DEFECT","items_purchased":["Loop","FocusPotion","Regal Pillow"],"campfire_rested":2,"item_purchase_floors":[31,31,44],"current_hp_per_floor":[57,57,57,56,56,56,56,38,38,31,31,41,41,41,41,34,62,41,35,47,47,40,40,22,22,22,22,43,36,36,36,36,27,60,60,30,42,41,41,41,35,35,35,35,73,73,73,68,68,32],"gold":47,"neow_bonus":"REMOVE_TWO","is_prod":false,"is_daily":false,"chose_seed":false,"campfire_upgraded":11,"win_rate":0,"timestamp":1558890485,"path_taken":["M","$","?","M","M","R","M","?","T","?","R","M","R","?","R","BOSS","M","M","M","?","M","R","E","R","T","?","R","E","?","$","R","BOSS","M","?","M","M","M","R","E","R","T","$","R","?","R","?","R","BOSS"],"build_version":"2019-05-24v2","purchased_purges":2,"victory":true,"max_hp_per_floor":[71,71,71,71,71,71,71,71,71,71,71,71,71,71,71,71,71,71,71,71,71,71,71,71,71,71,71,71,71,71,71,71,71,71,71,71,71,71,71,71,78,78,78,78,78,78,78,78,78,78],"card_choices":[{"not_picked":["Conserve Battery","Coolheaded"],"picked":"Go for the Eyes","floor":1},{"not_picked":["Stack","Go for the Eyes"],"picked":"FTL","floor":4},{"not_picked":["Compile Driver","Hologram"],"picked":"Lockon","floor":5},{"not_picked":["Reprogram","Coolheaded"],"picked":"Chill","floor":7},{"not_picked":["Ball Lightning","Aggregate"],"picked":"All For One","floor":12},{"not_picked":["Thunder Strike","Reboot"],"picked":"Electrodynamics","floor":16},{"not_picked":["Coolheaded","Sunder"],"picked":"Conserve Battery+1","floor":18},{"not_picked":["Streamline","Static Discharge","Rebound"],"picked":"SKIP","floor":19},{"not_picked":["Force Field","Conserve Battery"],"picked":"Coolheaded","floor":20},{"not_picked":["Rebound","Core Surge"],"picked":"Coolheaded","floor":22},{"not_picked":["Rainbow","Hologram","Barrage"],"picked":"SKIP","floor":24},{"not_picked":["Turbo","Stack"],"picked":"Conserve Battery","floor":29},{"not_picked":["Hyperbeam","Buffer"],"picked":"Seek","floor":33},{"not_picked":[],"picked":"Cold Snap+1","floor":35},{"not_picked":["Cold Snap"],"picked":"SKIP","floor":37},{"not_picked":["Blizzard"],"picked":"SKIP","floor":38},{"not_picked":[],"picked":"Self Repair","floor":39},{"not_picked":["Beam Cell"],"picked":"SKIP","floor":41},{"not_picked":["Compile Driver"],"picked":"SKIP","floor":48}],"player_experience":721385,"relics_obtained":[{"floor":9,"key":"Bottled Flame"},{"floor":14,"key":"Ginger"},{"floor":24,"key":"Ice Cream"},{"floor":26,"key":"Orichalcum"},{"floor":29,"key":"Darkstone Periapt"},{"floor":30,"key":"Bronze Scales"},{"floor":36,"key":"Incense Burner"},{"floor":41,"key":"Strawberry"},{"floor":43,"key":"Potion Belt"}],"event_choices":[{"damage_healed":0,"gold_gain":0,"player_choice":"Leave","damage_taken":0,"max_hp_gain":0,"max_hp_loss":0,"event_name":"The Cleric","floor":3,"gold_loss":0},{"damage_healed":0,"gold_gain":0,"player_choice":"Success","damage_taken":18,"relics_obtained":["Meat on the Bone"],"max_hp_gain":0,"max_hp_loss":0,"event_name":"Scrap Ooze","floor":8,"gold_loss":0},{"cards_removed":["Strike_B"],"damage_healed":0,"gold_gain":0,"player_choice":"Card Removal","damage_taken":7,"max_hp_gain":0,"max_hp_loss":0,"event_name":"Golden Wing","floor":10,"gold_loss":0},{"damage_healed":0,"gold_gain":0,"player_choice":"Opened","damage_taken":0,"relics_obtained":["Lantern"],"max_hp_gain":0,"max_hp_loss":0,"event_name":"The Mausoleum","floor":21,"gold_loss":0,"cards_obtained":["Writhe"]},{"cards_removed":["Hello World"],"damage_healed":0,"gold_gain":0,"player_choice":"Gave Gold","damage_taken":0,"max_hp_gain":0,"max_hp_loss":0,"event_name":"Beggar","floor":27,"gold_loss":75},{"damage_healed":0,"gold_gain":0,"player_choice":"Fight","damage_taken":0,"max_hp_gain":0,"max_hp_loss":0,"event_name":"Mysterious Sphere","floor":36,"gold_loss":0},{"damage_healed":0,"gold_gain":0,"cards_transformed":["Sweeping Beam"],"player_choice":"Transformed","damage_taken":0,"max_hp_gain":0,"max_hp_loss":0,"event_name":"Transmorgrifier","floor":46,"gold_loss":0,"cards_obtained":["Fission"]}],"is_beta":true,"boss_relics":[{"not_picked":["Snecko Eye","Velvet Choker"],"picked":"Pandora\u0027s Box"},{"not_picked":["Black Star","FrozenCore"],"picked":"Busted Crown"}],"items_purged_floors":[31,44],"is_endless":false,"potions_floor_spawned":[4,12,18,29,36,39,41,48],"ascension_level":19}