{"gold_per_floor":[114,114,79,97,107,107,127,127,127,160,10,43,118,42,42,142,142,152,36,36,52,65,65,81,93,119,201,218,231,231,249,249,346,346,356,356,126,137,37,37,37],"floor_reached":41,"playtime":1329,"items_purged":["Strike_B","Strike_B"],"score":741,"play_id":"dddffd5a-126b-499d-a24e-c1d113b8adf3","local_time":"20190124214538","is_ascension_mode":true,"campfire_choices":[{"data":"Zap","floor":6.0,"key":"SMITH"},{"data":"Electrodynamics","floor":8.0,"key":"SMITH"},{"data":"Defragment","floor":15.0,"key":"SMITH"},{"floor":23.0,"key":"REST"},{"floor":30.0,"key":"REST"},{"data":"Consume","floor":32.0,"key":"SMITH"},{"data":"Self Repair","floor":40.0,"key":"SMITH"}],"neow_cost":"NONE","seed_source_timestamp":6622847896325,"circlet_count":0,"master_deck":["AscendersBane","Strike_B","Defend_B","Defend_B","Defend_B+1","Defend_B","Zap+1","Dualcast","Coolheaded","Melter","Beam Cell","Electrodynamics+1","Capacitor","Defragment+1","Biased Cognition","Glacier+1","Self Repair+1","White Noise+1","Hello World","Consume+1","Defragment","Glacier","Amplify","Loop+1"],"special_seed":0,"relics":["Cracked Core","Bag of Marbles","Sundial","Symbiotic Virus","Boot","Oddly Smooth Stone","Meat on the Bone","Inserter","War Paint","Kunai","Black Star","Strawberry"],"potions_floor_usage":[41,41],"damage_taken":[{"damage":5.0,"enemies":"Small Slimes","floor":1.0,"turns":4.0},{"damage":9.0,"enemies":"Jaw Worm","floor":4.0,"turns":4.0},{"damage":1.0,"enemies":"Cultist","floor":5.0,"turns":3.0},{"damage":4.0,"enemies":"2 Fungi Beasts","floor":7.0,"turns":2.0},{"damage":0.0,"enemies":"Gremlin Nob","floor":10.0,"turns":2.0},{"damage":6.0,"enemies":"Lagavulin","floor":12.0,"turns":5.0},{"damage":9.0,"enemies":"The Guardian","floor":16.0,"turns":9.0},{"damage":27.0,"enemies":"2 Thieves","floor":18.0,"turns":3.0},{"damage":9.0,"enemies":"Shell Parasite","floor":21.0,"turns":5.0},{"damage":36.0,"enemies":"Snake Plant","floor":22.0,"turns":4.0},{"damage":0.0,"enemies":"Snecko","floor":24.0,"turns":5.0},{"damage":18.0,"enemies":"Sentry and Sphere","floor":25.0,"turns":3.0},{"damage":8.0,"enemies":"Cultist and Chosen","floor":28.0,"turns":4.0},{"damage":10.0,"enemies":"3 Cultists","floor":29.0,"turns":4.0},{"damage":0.0,"enemies":"Centurion and Healer","floor":31.0,"turns":8.0},{"damage":0.0,"enemies":"Champ","floor":33.0,"turns":12.0},{"damage":7.0,"enemies":"3 Shapes","floor":35.0,"turns":2.0},{"damage":23.0,"enemies":"3 Darklings","floor":38.0,"turns":6.0},{"damage":59,"enemies":"Reptomancer","floor":41,"turns":2}],"seed_played":"-6226287249257746821","potions_obtained":[{"floor":5.0,"key":"Fire Potion"},{"floor":7.0,"key":"Swift Potion"},{"floor":12.0,"key":"Poison Potion"},{"floor":16.0,"key":"PowerPotion"},{"floor":25.0,"key":"EssenceOfSteel"},{"floor":28.0,"key":"Poison Potion"},{"floor":29.0,"key":"Explosive Potion"},{"floor":38.0,"key":"Swift Potion"}],"is_trial":false,"path_per_floor":["M","?","?","M","M","R","M","R","T","E","$","E","?","$","R","B",null,"M","$","?","M","M","R","M","M","T","T","M","M","R","M","R","B",null,"M","?","$","M","$","R","E"],"character_chosen":"DEFECT","items_purchased":["Oddly Smooth Stone","Defragment","Self Repair","White Noise","Strawberry"],"campfire_rested":2,"item_purchase_floors":[11,14,19,19,37],"current_hp_per_floor":[63,56,74,65,64,64,60,60,60,60,60,54,43,43,43,46,68,41,41,41,51,34,56,56,38,38,38,49,39,61,68,68,75,75,68,68,75,59,59,59,0],"gold":37,"neow_bonus":"RANDOM_COMMON_RELIC","is_prod":false,"is_daily":false,"chose_seed":false,"campfire_upgraded":5,"win_rate":0,"timestamp":1548384338,"path_taken":["M","?","?","?","M","R","M","R","T","E","?","E","?","$","R","BOSS","M","$","?","?","M","R","M","M","T","?","M","M","R","M","R","BOSS","M","?","$","M","?","R","E"],"build_version":"2019-01-23","purchased_purges":2,"victory":false,"max_hp_per_floor":[75,75,75,75,75,75,75,75,75,75,75,75,75,75,75,75,75,75,75,75,75,75,75,75,75,75,75,75,75,75,75,75,75,75,75,75,82,82,82,82,82],"card_choices":[{"not_picked":["Steam","Hologram"],"picked":"Coolheaded","floor":1.0},{"not_picked":["Coolheaded","Undo"],"picked":"Melter","floor":4.0},{"not_picked":["Hologram","Steam"],"picked":"Beam Cell","floor":5.0},{"not_picked":["Ball Lightning","Darkness"],"picked":"Electrodynamics","floor":7.0},{"not_picked":["Darkness","Rebound","Stack"],"picked":"SKIP","floor":10.0},{"not_picked":["FTL","Steam Power"],"picked":"Capacitor","floor":12.0},{"not_picked":["Buffer","Thunder Strike"],"picked":"Biased Cognition","floor":16.0},{"not_picked":["Compile Driver","Gash+1"],"picked":"Glacier+1","floor":18.0},{"not_picked":["Redo+1","Leap"],"picked":"Consume","floor":21.0},{"not_picked":["Hologram","Sunder","Electrodynamics"],"picked":"SKIP","floor":22.0},{"not_picked":["Redo","Blizzard+1"],"picked":"Defragment","floor":24.0},{"not_picked":["Steam Power","Compile Driver+1","Beam Cell"],"picked":"SKIP","floor":25.0},{"not_picked":["Redo","Aggregate","Ball Lightning"],"picked":"SKIP","floor":28.0},{"not_picked":["Compile Driver+1","Scrape"],"picked":"Glacier","floor":29.0},{"not_picked":["Go for the Eyes","Beam Cell","Rip and Tear"],"picked":"SKIP","floor":31.0},{"not_picked":["Meteor Strike","Fission"],"picked":"Amplify","floor":33.0},{"not_picked":["Hologram","Steam","Go for the Eyes"],"picked":"SKIP","floor":35.0},{"not_picked":["Chill","Stack"],"picked":"Loop+1","floor":38.0}],"player_experience":528061,"relics_obtained":[{"floor":9.0,"key":"Symbiotic Virus"},{"floor":10.0,"key":"Boot"},{"floor":12.0,"key":"Meat on the Bone"},{"floor":26.0,"key":"War Paint"},{"floor":27.0,"key":"Kunai"}],"event_choices":[{"damage_healed":0.0,"max_hp_gain":0.0,"max_hp_loss":0.0,"gold_gain":0.0,"event_name":"Scrap Ooze","player_choice":"Success","floor":2.0,"gold_loss":0.0,"damage_taken":7.0,"relics_obtained":["Sundial"]},{"damage_healed":18.0,"max_hp_gain":0.0,"max_hp_loss":0.0,"gold_gain":0.0,"event_name":"The Cleric","player_choice":"Healed","floor":3.0,"gold_loss":35.0,"damage_taken":0.0},{"damage_healed":0.0,"max_hp_gain":0.0,"max_hp_loss":0.0,"gold_gain":75.0,"event_name":"World of Goop","player_choice":"Gather Gold","floor":13.0,"gold_loss":0.0,"damage_taken":11.0},{"damage_healed":0.0,"max_hp_gain":0.0,"max_hp_loss":0.0,"gold_gain":0.0,"cards_transformed":["Strike_B"],"event_name":"Transmorgrifier","player_choice":"Transformed","floor":20.0,"gold_loss":0.0,"damage_taken":0.0,"cards_obtained":["Hello World"]},{"damage_healed":0.0,"max_hp_gain":0.0,"max_hp_loss":0.0,"gold_gain":0.0,"event_name":"Match and Keep!","player_choice":"0 cards matched","floor":36.0,"gold_loss":0.0,"damage_taken":0.0,"cards_obtained":[]}],"is_beta":true,"boss_relics":[{"not_picked":["Eternal Feather","Coffee Dripper"],"picked":"Inserter"},{"not_picked":["Calling Bell","Velvet Choker"],"picked":"Black Star"}],"items_purged_floors":[37,39],"is_endless":false,"potions_floor_spawned":[5,7,12,16,21,25,28,29,38],"killed_by":"Reptomancer","ascension_level":11}