{"gold_per_floor":[210,210,101,120,132,132,166,178,178,178,31,42,59,74,74,175,175,195,110,35,45,45,76,103,144,179,208,220,247,60,93,93,193,193,204,204,224,243,143,143,156,156,179,179,191,47,81,81,81,81],"floor_reached":51,"playtime":3706,"items_purged":["Strike_G","Strike_G"],"score":821,"play_id":"b8b68c86-b3b2-4bc4-bf9d-d4a37dc23a0e","local_time":"20181216131836","is_ascension_mode":true,"campfire_choices":[{"data":"Neutralize","floor":6,"key":"SMITH"},{"floor":10,"key":"REST"},{"data":"Endless Agony","floor":15,"key":"SMITH"},{"data":"Tools of the Trade","floor":32,"key":"SMITH"},{"floor":40,"key":"REST"},{"floor":42,"key":"REST"},{"floor":49,"key":"REST"}],"neow_cost":"NONE","seed_source_timestamp":246540532493177,"circlet_count":0,"master_deck":["Defend_G","Defend_G","Defend_G","Strike_G","Survivor","Neutralize+1","Slice","Cloak And Dagger+1","Dagger Throw","Endless Agony+1","Dodge and Roll+1","Blade Dance+1","Tools of the Trade+1","Poisoned Stab+1","Sucker Punch+1","Malaise+1","Blur+1","Well Laid Plans+1","Backstab+1","Adrenaline+1","Tactician+1","Crippling Poison+1","After Image","Underhanded Strike+1","Tools of the Trade+1","Underhanded Strike+1","Setup+1","Terror+1","Tactician+1","Heel Hook","Acrobatics+1","Outmaneuver+1"],"relics":["Ring of the Snake","Toxic Egg 2","Paper Crane","Ornamental Fan","Vajra","Astrolabe","Bronze Scales","MawBank","PreservedInsect","Omamori","Strange Spoon","Lantern","Sozu","Dream Catcher","Bag of Marbles","Sundial"],"potions_floor_usage":[7,33,33],"damage_taken":[{"damage":1,"enemies":"Jaw Worm","floor":1,"turns":7},{"damage":0,"enemies":"Cultist","floor":4,"turns":4},{"damage":2,"enemies":"2 Louse","floor":5,"turns":3},{"damage":5,"enemies":"Gremlin Nob","floor":7,"turns":3},{"damage":19,"enemies":"Exordium Thugs","floor":8,"turns":4},{"damage":1,"enemies":"Looter","floor":12,"turns":2},{"damage":0,"enemies":"Red Slaver","floor":13,"turns":4},{"damage":0,"enemies":"3 Louse","floor":14,"turns":2},{"damage":5,"enemies":"Hexaghost","floor":16,"turns":13},{"damage":5,"enemies":"Spheric Guardian","floor":18,"turns":4},{"damage":0,"enemies":"3 Byrds","floor":21,"turns":3},{"damage":8,"enemies":"Gremlin Leader","floor":23,"turns":11},{"damage":2,"enemies":"Centurion and Healer","floor":24,"turns":7},{"damage":2,"enemies":"Book of Stabbing","floor":25,"turns":6},{"damage":0,"enemies":"Cultist and Chosen","floor":27,"turns":8},{"damage":0,"enemies":"Sentry and Sphere","floor":29,"turns":5},{"damage":0,"enemies":"Gremlin Leader","floor":31,"turns":5},{"damage":4,"enemies":"Automaton","floor":33,"turns":10},{"damage":7,"enemies":"3 Darklings","floor":35,"turns":6},{"damage":4,"enemies":"3 Shapes","floor":37,"turns":3},{"damage":47,"enemies":"Sphere and 2 Shapes","floor":38,"turns":5},{"damage":0,"enemies":"Jaw Worm Horde","floor":41,"turns":3},{"damage":9,"enemies":"Writhing Mass","floor":45,"turns":6},{"damage":9,"enemies":"Giant Head","floor":47,"turns":8},{"damage":9,"enemies":"Time Eater","floor":50,"turns":16}],"seed_played":"-7889922322572629914","potions_obtained":[{"floor":4,"key":"Strength Potion"},{"floor":12,"key":"Fire Potion"},{"floor":13,"key":"Ancient Potion"},{"floor":14,"key":"Swift Potion"},{"floor":18,"key":"FearPotion"},{"floor":24,"key":"Weak Potion"}],"is_trial":false,"path_per_floor":["M","?","?","M","M","R","E","M","T","R","$","M","M","M","R","B",null,"M","?","$","M","?","E","M","E","T","M","?","M","$","E","R","B",null,"M","?","M","M","$","R","M","R","T","?","M","$","E","T","R","B",null],"character_chosen":"THE_SILENT","items_purchased":["Vajra","Strange Spoon","Tactician+1","Heel Hook"],"campfire_rested":4,"item_purchase_floors":[11,30,46,46],"current_hp_per_floor":[69,62,62,62,60,60,55,36,36,57,57,56,56,56,56,51,70,65,65,65,65,65,57,55,53,53,53,53,53,53,53,53,49,70,63,63,59,12,12,33,33,54,54,54,45,45,36,36,57,48],"gold":81,"neow_bonus":"HUNDRED_GOLD","is_prod":false,"is_daily":false,"chose_seed":false,"campfire_upgraded":3,"win_rate":0,"timestamp":1544995116,"path_taken":["M","?","?","M","M","R","E","M","T","R","$","?","M","M","R","BOSS","M","?","$","M","?","E","M","E","T","?","?","M","$","E","R","BOSS","M","?","?","M","$","R","M","R","T","?","M","$","E","?","R","BOSS"],"build_version":"2018-12-13","purchased_purges":2,"victory":true,"max_hp_per_floor":[70,70,70,70,70,70,70,70,70,70,70,70,70,70,70,70,70,70,70,70,70,70,70,70,70,70,70,70,70,70,70,70,70,70,70,70,70,70,70,70,70,70,70,70,70,70,70,70,70,70],"card_choices":[{"not_picked":["All Out Attack","PiercingWail"],"picked":"Slice","floor":1},{"not_picked":["Poisoned Stab","Well Laid Plans"],"picked":"Cloak And Dagger+1","floor":4},{"not_picked":["Bane","Underhanded Strike"],"picked":"Dagger Throw","floor":5},{"not_picked":["Escape Plan+1","Quick Slash"],"picked":"Endless Agony","floor":7},{"not_picked":["Catalyst+1","Flying Knee","Dagger Throw"],"picked":"SKIP","floor":8},{"not_picked":["Poisoned Stab","Slice"],"picked":"Dodge and Roll+1","floor":12},{"not_picked":["Quick Slash","Flechettes","Grand Finale"],"picked":"SKIP","floor":13},{"not_picked":["Outmaneuver+1","Well Laid Plans"],"picked":"Blade Dance+1","floor":14},{"not_picked":["Corpse Explosion+1","Phantasmal Killer+1"],"picked":"Tools of the Trade","floor":16},{"not_picked":["Quick Slash","Endless Agony","Bane"],"picked":"SKIP","floor":18},{"not_picked":["Slice","Masterful Stab"],"picked":"Blur+1","floor":21},{"not_picked":["Cloak And Dagger+1","Flying Knee"],"picked":"Well Laid Plans+1","floor":23},{"not_picked":["Slice","Flechettes+1"],"picked":"Backflip+1","floor":24},{"not_picked":["Quick Slash+1","Flechettes"],"picked":"Backstab+1","floor":25},{"not_picked":["Underhanded Strike","Terror+1"],"picked":"Adrenaline+1","floor":27},{"not_picked":["Cloak And Dagger+1","Deflect+1"],"picked":"Tactician+1","floor":29},{"not_picked":["Dagger Spray","Heel Hook+1"],"picked":"Crippling Poison+1","floor":31},{"not_picked":["Malaise+1","Bullet Time+1"],"picked":"After Image","floor":33},{"not_picked":["Quick Slash","Deadly Poison+1"],"picked":"Underhanded Strike+1","floor":35},{"not_picked":["Poisoned Stab+1","Riddle With Holes","Distraction+1"],"picked":"SKIP","floor":37},{"not_picked":["Concentrate+1","Dagger Spray"],"picked":"Underhanded Strike+1","floor":38},{"not_picked":["Quick Slash","Underhanded Strike+1"],"picked":"Setup+1","floor":41},{"not_picked":["Poisoned Stab","Masterful Stab+1"],"picked":"Terror+1","floor":45},{"not_picked":["Deadly Poison+1","Backflip+1"],"picked":"Acrobatics+1","floor":47},{"not_picked":["Glass Knife","Dagger Throw"],"picked":"Outmaneuver+1","floor":49}],"player_experience":554523,"relics_obtained":[{"floor":7,"key":"Paper Crane"},{"floor":9,"key":"Ornamental Fan"},{"floor":23,"key":"MawBank"},{"floor":25,"key":"PreservedInsect"},{"floor":26,"key":"Omamori"},{"floor":31,"key":"Lantern"},{"floor":43,"key":"Dream Catcher"},{"floor":47,"key":"Bag of Marbles"},{"floor":48,"key":"Sundial"}],"event_choices":[{"cards_removed":["Strike_G"],"damage_healed":0,"gold_gain":0,"player_choice":"Card Removal","damage_taken":7,"max_hp_gain":0,"max_hp_loss":0,"event_name":"Golden Wing","floor":2,"gold_loss":0},{"damage_healed":0,"gold_gain":0,"player_choice":"Paid Gold","damage_taken":0,"relics_obtained":["Toxic Egg 2"],"max_hp_gain":0,"max_hp_loss":0,"event_name":"WeMeetAgain","floor":3,"gold_loss":109},{"damage_healed":0,"gold_gain":0,"player_choice":"Obtained Relic","damage_taken":0,"relics_obtained":["Bronze Scales"],"max_hp_gain":0,"max_hp_loss":0,"event_name":"Addict","floor":19,"gold_loss":85},{"damage_healed":0,"gold_gain":0,"player_choice":"Ignored","damage_taken":0,"max_hp_gain":0,"max_hp_loss":0,"event_name":"Ghosts","floor":22,"gold_loss":0},{"damage_healed":0,"gold_gain":0,"player_choice":"Bought 0 Potions","damage_taken":0,"max_hp_gain":0,"max_hp_loss":0,"event_name":"The Woman in Blue","floor":28,"gold_loss":0},{"damage_healed":0,"gold_gain":0,"player_choice":"Copied","damage_taken":0,"max_hp_gain":0,"max_hp_loss":0,"event_name":"Duplicator","floor":36,"gold_loss":0,"cards_obtained":["Tools of the Trade"]},{"cards_removed":["Backflip"],"damage_healed":0,"gold_gain":0,"player_choice":"Removed Skill","damage_taken":0,"max_hp_gain":0,"max_hp_loss":0,"event_name":"Falling","floor":44,"gold_loss":0}],"is_beta":false,"boss_relics":[{"not_picked":["Fusion Hammer","Velvet Choker"],"picked":"Astrolabe"},{"not_picked":["Lizard Tail","Snecko Eye"],"picked":"Sozu"}],"items_purged_floors":[20,39],"is_endless":false,"potions_floor_spawned":[4,12,13,14,18,23,24,31,35,41],"ascension_level":3}