{"gold_per_floor":[117,127,127,202,202,230,246,246,246,246,246,421,421,49,49,146,146,165,20,35,35],"floor_reached":21,"playtime":670,"items_purged":[],"score":219,"play_id":"87ffd567-3c1d-4801-8ab7-22a51daff8a6","local_time":"20190526124328","is_ascension_mode":true,"campfire_choices":[{"data":"Strike_R","floor":8,"key":"PURGE"},{"data":"Defend_R","floor":10,"key":"PURGE"},{"data":"Doubt","floor":13,"key":"PURGE"},{"floor":15,"key":"REST"}],"neow_cost":"TEN_PERCENT_HP_LOSS","seed_source_timestamp":718340834733900,"circlet_count":0,"master_deck":["Bash","Cleave","Armaments+1","Anger","Blood for Blood","Shrug It Off","Inflame","Feed","Berserk","Juggernaut","Corruption","Cleave","Reaper"],"relics":["Burning Blood","Peace Pipe","Bag of Marbles","Meat on the Bone","Shuriken","Pandora\u0027s Box","Bronze Scales"],"potions_floor_usage":[16],"damage_taken":[{"damage":7,"enemies":"2 Louse","floor":1,"turns":2},{"damage":3,"enemies":"Small Slimes","floor":2,"turns":3},{"damage":40,"enemies":"Gremlin Nob","floor":6,"turns":5},{"damage":0,"enemies":"Cultist","floor":7,"turns":2},{"damage":17,"enemies":"Slime Boss","floor":16,"turns":8},{"damage":48,"enemies":"Spheric Guardian","floor":18,"turns":5},{"damage":10,"enemies":"3 Byrds","floor":20,"turns":3},{"damage":59,"enemies":"Shelled Parasite and Fungi","floor":21,"turns":4}],"seed_played":"3913279580533415668","potions_obtained":[{"floor":2,"key":"Strength Potion"},{"floor":6,"key":"SteroidPotion"}],"is_trial":false,"path_per_floor":["M","M","?","?","?","E","M","R","T","R","?","?","R","$","R","B",null,"M","$","M","M"],"character_chosen":"IRONCLAD","items_purchased":["Shrug It Off","Inflame","Shuriken","Bronze Scales"],"campfire_rested":1,"item_purchase_floors":[14,14,14,19],"current_hp_per_floor":[71,72,65,54,54,20,26,26,26,26,26,26,26,26,47,48,66,39,39,54,0],"gold":35,"neow_bonus":"ONE_RARE_RELIC","is_prod":false,"is_daily":false,"chose_seed":false,"campfire_upgraded":0,"win_rate":0,"timestamp":1558889008,"path_taken":["M","M","?","?","?","E","?","R","T","R","?","?","R","?","R","BOSS","M","$","?","?"],"build_version":"2019-01-23","purchased_purges":0,"victory":false,"max_hp_per_floor":[72,72,72,72,72,72,72,72,72,72,72,72,72,72,72,72,72,75,75,79,83],"card_choices":[{"not_picked":["Dropkick","Sword Boomerang"],"picked":"Cleave","floor":1},{"not_picked":["Reckless Charge","Fire Breathing"],"picked":"Armaments","floor":2},{"not_picked":["Body Slam","Armaments","Entrench"],"picked":"SKIP","floor":6},{"not_picked":["Clash","Sword Boomerang"],"picked":"Anger","floor":7},{"not_picked":["Offering","Immolate"],"picked":"Feed","floor":16},{"not_picked":["Entrench","Thunderclap","Clash"],"picked":"SKIP","floor":18},{"not_picked":["Havoc","Perfected Strike+1","Carnage"],"picked":"SKIP","floor":20}],"player_experience":285230,"relics_obtained":[{"floor":6,"key":"Bag of Marbles"},{"floor":9,"key":"Meat on the Bone"}],"event_choices":[{"cards_removed":["Strike_R"],"damage_healed":0,"gold_gain":0,"player_choice":"Card Removal","damage_taken":7,"max_hp_gain":0,"max_hp_loss":0,"event_name":"Golden Wing","floor":3,"gold_loss":0},{"damage_healed":0,"gold_gain":75,"player_choice":"Gather Gold","damage_taken":11,"max_hp_gain":0,"max_hp_loss":0,"event_name":"World of Goop","floor":4,"gold_loss":0},{"damage_healed":0,"gold_gain":0,"player_choice":"Forge","damage_taken":0,"max_hp_gain":0,"max_hp_loss":0,"event_name":"Accursed Blacksmith","floor":5,"gold_loss":0,"cards_upgraded":["Armaments"]},{"damage_healed":0,"gold_gain":0,"cards_transformed":["Strike_R"],"player_choice":"Change","damage_taken":0,"max_hp_gain":0,"max_hp_loss":0,"event_name":"Living Wall","floor":11,"gold_loss":0,"cards_obtained":["Blood for Blood"]},{"damage_healed":0,"gold_gain":175,"player_choice":"AGREE","damage_taken":0,"max_hp_gain":0,"max_hp_loss":0,"event_name":"Liars Game","floor":12,"gold_loss":0,"cards_obtained":["Doubt"]}],"is_beta":false,"boss_relics":[{"not_picked":["Black Star","Lizard Tail"],"picked":"Pandora\u0027s Box"}],"items_purged_floors":[],"is_endless":false,"potions_floor_spawned":[2,6],"killed_by":"Shelled Parasite and Fungi","ascension_level":5}