{"gold_per_floor":[112,112,112,132,132,173,173,98,121,121,140,163,90,106,106,226,226,250,250,273,35,60,91,91,112,112,126,165,178,178,196,196,196],"floor_reached":33,"playtime":1650,"items_purged":["Injury"],"score":330,"play_id":"fed00da8-9fb0-4bb1-8fa3-dbd40e468d34","local_time":"20181106154919","is_ascension_mode":true,"campfire_choices":[{"floor":7,"key":"REST"},{"data":"Infinite Blades","floor":10,"key":"SMITH"},{"data":"Infinite Blades","floor":15,"key":"SMITH"},{"floor":24,"key":"REST"},{"floor":30,"key":"REST"},{"floor":32,"key":"REST"}],"neow_cost":"NONE","seed_source_timestamp":352776568337815,"circlet_count":0,"master_deck":["Defend_G","Defend_G","Defend_G","Defend_G","Defend_G+1","Strike_G+1","Strike_G","Strike_G","Strike_G","Strike_G","Survivor","Neutralize","Choke","Infinite Blades+1","Backflip","Skewer","Infinite Blades+1","Deflect","Storm of Steel","Backstab","Endless Agony","Slice","Deflect+1","Terror+1","Prepared","Adrenaline","Slice","Blade Dance","Cloak And Dagger+1","Prepared","All Out Attack+1","Underhanded Strike","Backflip+1"],"relics":["Ring of the Snake","NeowsBlessing","Golden Idol","Thread and Needle","PreservedInsect","Orrery","Kunai","Dream Catcher","Paper Crane","Blood Vial"],"potions_floor_usage":[16,18,22,23,25,28,31],"damage_taken":[{"damage":0,"enemies":"2 Louse","floor":1,"turns":1},{"damage":0,"enemies":"Small Slimes","floor":4,"turns":1},{"damage":0,"enemies":"Gremlin Nob","floor":6,"turns":1},{"damage":0,"enemies":"Jaw Worm","floor":11,"turns":3},{"damage":0,"enemies":"Blue Slaver","floor":12,"turns":4},{"damage":0,"enemies":"Red Slaver","floor":14,"turns":4},{"damage":23,"enemies":"Slime Boss","floor":16,"turns":10},{"damage":3,"enemies":"2 Thieves","floor":18,"turns":3},{"damage":14,"enemies":"Chosen","floor":20,"turns":5},{"damage":19,"enemies":"3 Cultists","floor":22,"turns":6},{"damage":10,"enemies":"Book of Stabbing","floor":23,"turns":5},{"damage":0,"enemies":"Snecko","floor":25,"turns":4},{"damage":2,"enemies":"Chosen and Byrds","floor":27,"turns":5},{"damage":2,"enemies":"Gremlin Leader","floor":28,"turns":5},{"damage":3,"enemies":"3 Cultists","floor":29,"turns":7},{"damage":13,"enemies":"Centurion and Healer","floor":31,"turns":5},{"damage":98,"enemies":"Collector","floor":33,"turns":10}],"seed_played":"-2964076417191215835","potions_obtained":[{"floor":4,"key":"AttackPotion"},{"floor":11,"key":"EssenceOfSteel"},{"floor":14,"key":"Ancient Potion"},{"floor":16,"key":"Block Potion"},{"floor":20,"key":"SneckoOil"},{"floor":23,"key":"GhostInAJar"},{"floor":29,"key":"AttackPotion"}],"is_trial":false,"path_per_floor":["M","?","?","M","?","E","R","$","T","R","M","M","$","M","R","B",null,"M","?","M","$","M","E","R","M","T","M","E","M","R","M","R","B"],"character_chosen":"THE_SILENT","items_purchased":["Infinite Blades","Kunai"],"campfire_rested":4,"item_purchase_floors":[13,21],"current_hp_per_floor":[70,56,56,56,61,61,75,75,75,75,75,75,75,75,75,52,75,72,75,61,61,42,32,54,54,54,52,50,49,71,60,75,0],"gold":196,"neow_bonus":"THREE_ENEMY_KILL","is_prod":false,"is_daily":false,"chose_seed":false,"campfire_upgraded":2,"win_rate":0,"timestamp":1541490559,"path_taken":["M","?","?","M","?","E","R","?","T","R","?","M","$","M","R","BOSS","M","?","M","$","M","E","R","?","T","M","E","M","R","M","R","BOSS"],"build_version":"2018-11-01","purchased_purges":1,"victory":false,"max_hp_per_floor":[70,70,70,70,75,75,75,75,75,75,75,75,75,75,75,75,75,75,75,75,75,75,75,75,75,75,75,75,75,75,75,75,75],"card_choices":[{"not_picked":["Poisoned Stab","Slice"],"picked":"Choke","floor":1},{"not_picked":["Dagger Spray","Dagger Throw"],"picked":"Infinite Blades","floor":4},{"not_picked":["Dodge and Roll","Flechettes"],"picked":"Backflip","floor":6},{"not_picked":["Deadly Poison","Eviscerate","Bane"],"picked":"SKIP","floor":11},{"not_picked":["Flying Knee","Bane"],"picked":"Skewer","floor":12},{"not_picked":["Dagger Throw","Slice"],"picked":"Deflect","floor":14},{"not_picked":["Envenom","Bullet Time"],"picked":"Storm of Steel","floor":16},{"not_picked":["Well Laid Plans","Flechettes"],"picked":"Backstab","floor":17},{"not_picked":["Slice","Dodge and Roll"],"picked":"Endless Agony","floor":17},{"not_picked":["Acrobatics","Dagger Throw"],"picked":"Slice","floor":17},{"not_picked":["Setup","Flying Knee"],"picked":"Leg Sweep","floor":17},{"not_picked":["Backstab","Outmaneuver+1"],"picked":"Deflect+1","floor":18},{"not_picked":["Deflect","Backflip+1"],"picked":"Terror+1","floor":20},{"not_picked":["Flechettes","Distraction"],"picked":"Prepared","floor":22},{"not_picked":["Dagger Spray","Underhanded Strike"],"picked":"Adrenaline","floor":23},{"not_picked":["Cloak And Dagger","Outmaneuver"],"picked":"Slice","floor":24},{"not_picked":["Leg Sweep","Eviscerate"],"picked":"Blade Dance","floor":25},{"not_picked":["Dagger Spray","Flechettes"],"picked":"Cloak And Dagger+1","floor":27},{"not_picked":["Quick Slash","Tools of the Trade"],"picked":"Prepared","floor":28},{"not_picked":["Leg Sweep","Sucker Punch+1"],"picked":"All Out Attack+1","floor":29},{"not_picked":["Flying Knee+1","Slice"],"picked":"Underhanded Strike","floor":30},{"not_picked":["Dagger Spray","PiercingWail"],"picked":"Backflip+1","floor":31}],"player_experience":418804,"relics_obtained":[{"floor":6,"key":"Thread and Needle"},{"floor":9,"key":"PreservedInsect"},{"floor":23,"key":"Dream Catcher"},{"floor":26,"key":"Paper Crane"},{"floor":28,"key":"Blood Vial"}],"event_choices":[{"damage_healed":0,"gold_gain":0,"player_choice":"Entered Light","damage_taken":14,"max_hp_gain":0,"max_hp_loss":0,"event_name":"Shining Light","floor":2,"gold_loss":0,"cards_upgraded":["Defend_G","Strike_G"]},{"damage_healed":0,"gold_gain":0,"player_choice":"Take Wound","damage_taken":0,"relics_obtained":["Golden Idol"],"max_hp_gain":0,"max_hp_loss":0,"event_name":"Golden Idol","floor":3,"gold_loss":0,"cards_obtained":["Injury"]},{"damage_healed":0,"gold_gain":0,"player_choice":"Donut","damage_taken":0,"max_hp_gain":5,"max_hp_loss":0,"event_name":"Big Fish","floor":5,"gold_loss":0},{"cards_removed":["Leg Sweep"],"damage_healed":3,"gold_gain":0,"player_choice":"Offered Uncommon","damage_taken":0,"max_hp_gain":0,"max_hp_loss":0,"event_name":"Bonfire Elementals","floor":19,"gold_loss":0}],"is_beta":false,"boss_relics":[{"not_picked":["Black Star","Ring of the Serpent"],"picked":"Orrery"}],"items_purged_floors":[8],"is_endless":false,"potions_floor_spawned":[4,11,14,16,20,23,29],"killed_by":"Collector","ascension_level":1}