{"gold_per_floor":[18,36,55,75,55,55,65,96,96,114,114,139,139,166,166,240,240,253,178,189,64,78,78,78,78,102,127,139,39,53,53,53,125,125,139,157,0,24,43,43,43],"floor_reached":41,"playtime":1393,"items_purged":["Strike_R","Normality"],"score":880,"play_id":"8fe9099b-0719-46e0-bd8e-eaf475f9b4c0","local_time":"20190526151129","is_ascension_mode":true,"campfire_choices":[{"data":"Whirlwind","floor":6.0,"key":"SMITH"},{"data":"Bash","floor":11.0,"key":"SMITH"},{"data":"Carnage","floor":13.0,"key":"SMITH"},{"data":"Inflame","floor":15,"key":"SMITH"},{"data":"Heavy Blade","floor":23,"key":"SMITH"},{"data":"Demon Form","floor":25,"key":"SMITH"},{"floor":32,"key":"REST"},{"floor":40,"key":"REST"}],"neow_cost":"NO_GOLD","seed_source_timestamp":160069071320300,"circlet_count":0,"master_deck":["AscendersBane","Strike_R","Strike_R","Strike_R","Defend_R","Defend_R","Defend_R","Defend_R","Bash+1","Whirlwind+1","Inflame+1","Flex+1","Twin Strike","Carnage+1","Rage+1","Demon Form+1","Disarm","Heavy Blade+1","Shrug It Off","Shame","Pain"],"special_seed":0,"relics":["Burning Blood","Bronze Scales","Pantograph","Dream Catcher","Mercury Hourglass","Cursed Key","War Paint","Ancient Tea Set","Eternal Feather","Red Mask","Blood Vial"],"potions_floor_usage":[14,16,22,28,36,39,41],"damage_taken":[{"damage":6.0,"enemies":"Cultist","floor":1.0,"turns":3.0},{"damage":9.0,"enemies":"Jaw Worm","floor":2.0,"turns":4.0},{"damage":2.0,"enemies":"2 Louse","floor":3.0,"turns":2.0},{"damage":0.0,"enemies":"Lots of Slimes","floor":4.0,"turns":1.0},{"damage":17.0,"enemies":"Exordium Thugs","floor":7.0,"turns":3.0},{"damage":15.0,"enemies":"3 Sentries","floor":8.0,"turns":3.0},{"damage":14.0,"enemies":"Exordium Wildlife","floor":10.0,"turns":3.0},{"damage":40.0,"enemies":"Lagavulin","floor":12.0,"turns":5.0},{"damage":10,"enemies":"Gremlin Nob","floor":14,"turns":3},{"damage":0,"enemies":"Slime Boss","floor":16,"turns":5},{"damage":3,"enemies":"Chosen","floor":18,"turns":3},{"damage":30,"enemies":"Shell Parasite","floor":20,"turns":3},{"damage":0,"enemies":"3 Cultists","floor":22,"turns":2},{"damage":63,"enemies":"Shelled Parasite and Fungi","floor":28,"turns":6},{"damage":21,"enemies":"Snake Plant","floor":30,"turns":3},{"damage":54,"enemies":"Champ","floor":33,"turns":8},{"damage":7,"enemies":"3 Shapes","floor":35,"turns":6},{"damage":11,"enemies":"Orb Walker","floor":36,"turns":2},{"damage":67,"enemies":"Transient","floor":39,"turns":6},{"damage":62,"enemies":"Reptomancer","floor":41,"turns":4}],"seed_played":"4386725199044730641","potions_obtained":[{"floor":1.0,"key":"SpeedPotion"},{"floor":3.0,"key":"SteroidPotion"},{"floor":5.0,"key":"Fruit Juice"},{"floor":10.0,"key":"Energy Potion"},{"floor":12.0,"key":"Poison Potion"},{"floor":14,"key":"BloodPotion"},{"floor":20,"key":"Energy Potion"},{"floor":30,"key":"Fire Potion"},{"floor":35,"key":"AttackPotion"},{"floor":36,"key":"Strength Potion"}],"is_trial":false,"path_per_floor":["M","M","M","M","?","R","M","E","T","M","R","E","R","E","R","B",null,"M","?","M","$","M","R","?","R","T","T","M","$","M","?","R","B",null,"M","M","?","T","M","R","E"],"character_chosen":"IRONCLAD","items_purchased":["Heavy Blade"],"campfire_rested":2,"item_purchase_floors":[21],"current_hp_per_floor":[82,79,83,89,94,94,83,74,74,66,66,32,32,28,28,59,85,88,88,64,64,70,70,89,89,89,89,41,41,26,26,54,31,78,77,72,72,72,13,53,0],"gold":43,"neow_bonus":"TWENTY_PERCENT_HP_BONUS","is_prod":false,"is_daily":false,"chose_seed":false,"campfire_upgraded":6,"win_rate":0,"timestamp":1558897889,"path_taken":["M","M","M","?","?","R","?","E","T","M","R","E","R","E","R","BOSS","M","?","M","$","?","R","?","R","T","?","M","$","M","?","R","BOSS","M","M","?","?","?","R","E"],"build_version":"2019-05-24v2","purchased_purges":2,"victory":false,"max_hp_per_floor":[89,89,89,89,94,94,94,94,94,94,94,94,94,94,94,94,94,94,94,94,94,94,94,94,94,94,94,94,94,94,94,94,94,94,94,94,94,94,94,94,94],"card_choices":[{"not_picked":["Bloodletting","Flex"],"picked":"Whirlwind","floor":1.0},{"not_picked":["Anger","Shrug It Off"],"picked":"Inflame","floor":2.0},{"not_picked":["Combust","Blood for Blood"],"picked":"Flex","floor":3.0},{"not_picked":["Dual Wield","True Grit","Entrench"],"picked":"SKIP","floor":4.0},{"not_picked":["Clothesline","Pommel Strike"],"picked":"Twin Strike","floor":7.0},{"not_picked":["Entrench","Corruption","Warcry"],"picked":"SKIP","floor":8.0},{"not_picked":["Evolve","Uppercut"],"picked":"Carnage","floor":10.0},{"not_picked":["Reaper","Perfected Strike"],"picked":"Rage","floor":12.0},{"not_picked":["Dark Embrace","Iron Wave","Rampage"],"picked":"SKIP","floor":14},{"not_picked":["Impervious","Immolate"],"picked":"Demon Form","floor":16},{"not_picked":["Shrug It Off","Pommel Strike"],"picked":"Disarm","floor":18},{"not_picked":["Thunderclap","Reckless Charge","Searing Blow"],"picked":"SKIP","floor":20},{"not_picked":["Perfected Strike","Headbutt"],"picked":"Shrug It Off","floor":22},{"not_picked":["Whirlwind","Flex","Sever Soul"],"picked":"SKIP","floor":28},{"not_picked":["Twin Strike","Pommel Strike+1","Corruption"],"picked":"SKIP","floor":30},{"not_picked":["Twin Strike","Thunderclap","Entrench+1"],"picked":"SKIP","floor":35},{"not_picked":["Fire Breathing","Thunderclap","Flex"],"picked":"SKIP","floor":36},{"not_picked":["Rage","Headbutt","Perfected Strike"],"picked":"SKIP","floor":39}],"player_experience":726580,"relics_obtained":[{"floor":8.0,"key":"Bronze Scales"},{"floor":9.0,"key":"Pantograph"},{"floor":12.0,"key":"Dream Catcher"},{"floor":14,"key":"Mercury Hourglass"},{"floor":26,"key":"War Paint"},{"floor":27,"key":"Ancient Tea Set"},{"floor":38,"key":"Blood Vial"}],"event_choices":[{"damage_healed":0.0,"max_hp_gain":0.0,"max_hp_loss":0.0,"gold_gain":0.0,"event_name":"The Woman in Blue","player_choice":"Bought 1 Potion","floor":5.0,"gold_loss":0.0,"damage_taken":0.0},{"cards_removed":["Strike_R"],"damage_healed":0,"gold_gain":0,"player_choice":"Single Remove","damage_taken":0,"max_hp_gain":0,"max_hp_loss":0,"event_name":"Designer","floor":19,"gold_loss":75},{"damage_healed":19,"gold_gain":0,"player_choice":"Heal","damage_taken":0,"max_hp_gain":0,"max_hp_loss":0,"event_name":"The Library","floor":24,"gold_loss":0},{"damage_healed":0,"gold_gain":0,"player_choice":"Ignored","damage_taken":0,"max_hp_gain":0,"max_hp_loss":0,"event_name":"Beggar","floor":31,"gold_loss":0},{"damage_healed":0,"gold_gain":0,"player_choice":"Paid","damage_taken":0,"relics_obtained":["Red Mask"],"max_hp_gain":0,"max_hp_loss":0,"event_name":"Tomb of Lord Red Mask","floor":37,"gold_loss":157}],"is_beta":true,"boss_relics":[{"not_picked":["White Beast Statue","Astrolabe"],"picked":"Cursed Key"},{"not_picked":["Runic Cube","Calling Bell"],"picked":"Eternal Feather"}],"items_purged_floors":[21,29],"is_endless":false,"potions_floor_spawned":[1,3,10,12,14,20,30,35,36],"killed_by":"Reptomancer","ascension_level":18}