{"gold_per_floor":[112,187,197,216,216,242,242,276,276,349,366,44,60,78,78,183,183,198,198,211,5,105,134,134,167,191,201,201,228,247,267,267,366,366,383,605,619,16,16,16,46,46,99,128,146,146,159,187,187,187,187,187,11,40,40],"floor_reached":55,"playtime":8564,"items_purged":["Strike_R"],"score":868,"play_id":"e327894f-498e-43f2-986d-de6756a0086c","local_time":"20190211225535","is_ascension_mode":true,"campfire_choices":[{"data":"Evolve","floor":7.0,"key":"SMITH"},{"floor":15.0,"key":"REST"},{"floor":24,"key":"REST"},{"floor":28,"key":"RECALL"},{"data":"Armaments","floor":32,"key":"SMITH"},{"data":"Pommel Strike","floor":40,"key":"SMITH"},{"floor":42,"key":"REST"},{"data":"Inflame","floor":46,"key":"SMITH"},{"data":"Inflame","floor":49,"key":"SMITH"},{"data":"Cleave","floor":52,"key":"SMITH"}],"neow_cost":"NONE","seed_source_timestamp":356301343551579,"circlet_count":0,"master_deck":["Strike_R+1","Strike_R","Strike_R","Defend_R","Defend_R","Defend_R","Bash","Armaments+1","Iron Wave","Evolve+1","Cleave","Wild Strike","Clothesline","Inflame+1","Reckless Charge","Bloodletting+1","Juggernaut","Thunderclap+1","Ghostly+1","Ghostly+1","Ghostly+1","Ghostly+1","Ghostly+1","Flame Barrier+1","Pommel Strike+1","Shrug It Off+1","Thunderclap+1","Intimidate+1","Pommel Strike+1","Inflame+1","Reaper","Offering+1","Bandage Up+1","Cleave+1","Infernal Blade+1","Shockwave+1","Inflame+1","Spot Weakness+1","Whirlwind","Uppercut","Rampage+1"],"special_seed":0,"relics":["Burning Blood","Darkstone Periapt","Bottled Tornado","Pear","Toxic Egg 2","Sozu","Lantern","Charon\u0027s Ashes","Blue Candle","Pocketwatch","Whetstone","Red Mask","Black Star","Singing Bowl","Anchor","Art of War","Ice Cream","Centennial Puzzle","Potion Belt","Shuriken","StoneCalendar","Boot","Orichalcum","Bag of Marbles"],"potions_floor_usage":[],"damage_taken":[{"damage":12.0,"enemies":"2 Louse","floor":1.0,"turns":3.0},{"damage":5.0,"enemies":"Small Slimes","floor":3.0,"turns":4.0},{"damage":0.0,"enemies":"Jaw Worm","floor":4.0,"turns":3.0},{"damage":25.0,"enemies":"3 Sentries","floor":6.0,"turns":6.0},{"damage":55.0,"enemies":"Lagavulin","floor":8.0,"turns":8.0},{"damage":10.0,"enemies":"Looter","floor":11.0,"turns":3.0},{"damage":0.0,"enemies":"3 Louse","floor":13.0,"turns":3.0},{"damage":11.0,"enemies":"2 Fungi Beasts","floor":14.0,"turns":3.0},{"damage":45.0,"enemies":"Hexaghost","floor":16.0,"turns":12.0},{"damage":18,"enemies":"3 Byrds","floor":18,"turns":6},{"damage":6,"enemies":"Shell Parasite","floor":20,"turns":6},{"damage":8,"enemies":"Colosseum Slavers","floor":22,"turns":5},{"damage":35,"enemies":"Colosseum Nobs","floor":22,"turns":6},{"damage":12,"enemies":"Gremlin Leader","floor":23,"turns":5},{"damage":1,"enemies":"Book of Stabbing","floor":25,"turns":6},{"damage":1,"enemies":"Snecko","floor":27,"turns":6},{"damage":3,"enemies":"Masked Bandits","floor":29,"turns":4},{"damage":2,"enemies":"Cultist and Chosen","floor":30,"turns":5},{"damage":12,"enemies":"Snake Plant","floor":31,"turns":4},{"damage":6,"enemies":"Automaton","floor":33,"turns":9},{"damage":4,"enemies":"Orb Walker","floor":35,"turns":5},{"damage":2,"enemies":"3 Shapes","floor":37,"turns":3},{"damage":37,"enemies":"Reptomancer","floor":41,"turns":6},{"damage":31,"enemies":"Giant Head","floor":44,"turns":9},{"damage":4,"enemies":"Maw","floor":45,"turns":8},{"damage":10,"enemies":"Sphere and 2 Shapes","floor":47,"turns":5},{"damage":13,"enemies":"Nemesis","floor":48,"turns":8},{"damage":36,"enemies":"Time Eater","floor":50,"turns":11},{"damage":27,"enemies":"Shield and Spear","floor":54,"turns":6},{"damage":77,"enemies":"The Heart","floor":55,"turns":6}],"seed_played":"-3310849502746970840","potions_obtained":[{"floor":8.0,"key":"PowerPotion"},{"floor":11.0,"key":"Weak Potion"},{"floor":13.0,"key":"Weak Potion"}],"is_trial":false,"path_per_floor":["M","?","M","M","?","E","R","E","T","?","M","$","M","M","R","B",null,"M","?","M","$","?","E","R","E","T","M","R","?","M","M","R","B",null,"M","?","M","$","?","R","E","R","T","E","M","R","M","E","R","B",null,"R","$","E","B"],"character_chosen":"IRONCLAD","items_purchased":["Toxic Egg 2","Inflame","Lantern","Pommel Strike","Singing Bowl","Anchor","Bandage Up+1","Cleave","Spot Weakness+1","Whirlwind","Uppercut"],"campfire_rested":3,"item_purchase_floors":[12,12,21,21,38,38,38,38,53,53,53],"current_hp_per_floor":[82,71,72,78,78,59,59,10,20,20,16,16,22,17,46,7,98,86,49,49,49,18,12,26,31,31,36,36,39,43,37,37,37,49,49,49,49,49,49,49,24,38,38,21,35,35,47,55,55,25,55,55,55,52,0],"gold":40,"neow_bonus":"TEN_PERCENT_HP_BONUS","is_prod":false,"is_daily":false,"chose_seed":false,"campfire_upgraded":6,"win_rate":0,"timestamp":1549943735,"path_taken":["M","?","M","M","?","E","R","E","T","?","M","$","?","M","R","BOSS","M","?","M","$","?","E","R","E","T","M","R","?","M","M","R","BOSS","M","?","M","$","?","R","E","R","T","E","?","R","M","E","R","BOSS","R","$","E","BOSS"],"build_version":"2019-01-23","purchased_purges":1,"victory":false,"max_hp_per_floor":[88,88,88,88,88,88,88,88,98,98,98,98,98,98,98,98,98,98,49,49,49,49,49,49,49,49,49,49,49,49,49,49,49,49,49,49,49,49,49,49,49,49,49,51,51,51,53,55,55,55,55,55,55,55,55],"card_choices":[{"not_picked":["Wild Strike","Twin Strike"],"picked":"Armaments","floor":1.0},{"not_picked":["Infernal Blade","Thunderclap"],"picked":"Iron Wave","floor":3.0},{"not_picked":["Clothesline","Thunderclap"],"picked":"Evolve","floor":4.0},{"not_picked":["Barricade","Rage"],"picked":"Wild Strike","floor":6.0},{"not_picked":["Anger","Headbutt"],"picked":"Clothesline","floor":8.0},{"not_picked":["Body Slam","Feel No Pain","Infernal Blade"],"picked":"SKIP","floor":11.0},{"not_picked":["Warcry+1","Rage+1"],"picked":"Reckless Charge","floor":13.0},{"not_picked":["Sword Boomerang","Flex+1"],"picked":"Bloodletting+1","floor":14.0},{"not_picked":["Fiend Fire","Bludgeon"],"picked":"Juggernaut","floor":16.0},{"not_picked":["Battle Trance+1","Evolve"],"picked":"Thunderclap+1","floor":18},{"not_picked":["Pommel Strike","Flex+1"],"picked":"Flame Barrier+1","floor":20},{"not_picked":["Disarm+1","Evolve+1"],"picked":"Shrug It Off+1","floor":22},{"not_picked":["Clothesline+1","Second Wind+1"],"picked":"Thunderclap+1","floor":23},{"not_picked":["Corruption+1","Battle Trance+1"],"picked":"Intimidate+1","floor":25},{"not_picked":["Flex+1","Bloodletting+1","Hemokinesis"],"picked":"SKIP","floor":27},{"not_picked":["Twin Strike","True Grit+1"],"picked":"Pommel Strike","floor":30},{"not_picked":["Feel No Pain+1","Havoc+1"],"picked":"Inflame","floor":31},{"not_picked":["Immolate","Juggernaut"],"picked":"Reaper","floor":33},{"not_picked":["Thunderclap+1","Heavy Blade+1","Clothesline+1"],"picked":"SKIP","floor":35},{"not_picked":["True Grit+1","Clothesline+1"],"picked":"Offering+1","floor":37},{"not_picked":["Perfected Strike","Fire Breathing"],"picked":"Shockwave+1","floor":41},{"not_picked":["Shrug It Off+1","Body Slam+1","Havoc+1"],"picked":"Singing Bowl","floor":44},{"not_picked":["Perfected Strike","Shrug It Off+1"],"picked":"Inflame+1","floor":45},{"not_picked":["Feed","Twin Strike+1","Armaments+1"],"picked":"Singing Bowl","floor":47},{"not_picked":["Fire Breathing","Fiend Fire","Searing Blow+1"],"picked":"Singing Bowl","floor":48},{"not_picked":["Clash+1","Sentinel+1"],"picked":"Rampage+1","floor":54}],"player_experience":107666,"relics_obtained":[{"floor":6.0,"key":"Darkstone Periapt"},{"floor":8.0,"key":"Bottled Tornado"},{"floor":9.0,"key":"Pear"},{"floor":22,"key":"Charon\u0027s Ashes"},{"floor":22,"key":"Blue Candle"},{"floor":23,"key":"Pocketwatch"},{"floor":25,"key":"Whetstone"},{"floor":29,"key":"Red Mask"},{"floor":41,"key":"Art of War"},{"floor":41,"key":"Ice Cream"},{"floor":43,"key":"Centennial Puzzle"},{"floor":44,"key":"Potion Belt"},{"floor":44,"key":"Shuriken"},{"floor":48,"key":"StoneCalendar"},{"floor":48,"key":"Boot"},{"floor":54,"key":"Orichalcum"},{"floor":54,"key":"Bag of Marbles"}],"event_choices":[{"damage_healed":0.0,"max_hp_gain":0.0,"max_hp_loss":0.0,"gold_gain":75.0,"event_name":"World of Goop","player_choice":"Gather Gold","floor":2.0,"gold_loss":0.0,"damage_taken":11.0},{"damage_healed":0.0,"max_hp_gain":0.0,"max_hp_loss":0.0,"gold_gain":0.0,"cards_transformed":["Defend_R"],"event_name":"Living Wall","player_choice":"Change","floor":5.0,"gold_loss":0.0,"damage_taken":0.0,"cards_obtained":["Cleave"]},{"damage_healed":0.0,"max_hp_gain":0.0,"max_hp_loss":0.0,"gold_gain":73.0,"event_name":"Golden Wing","player_choice":"Gained Gold","floor":10.0,"gold_loss":0.0,"damage_taken":0.0},{"damage_healed":0,"gold_gain":0,"player_choice":"Became a Ghost","damage_taken":0,"max_hp_gain":0,"max_hp_loss":49,"event_name":"Ghosts","floor":19,"gold_loss":0,"cards_obtained":["Ghostly","Ghostly","Ghostly","Ghostly","Ghostly"]},{"damage_healed":0,"gold_gain":0,"player_choice":"Fight","damage_taken":0,"max_hp_gain":0,"max_hp_loss":0,"event_name":"Colosseum","floor":22,"gold_loss":0},{"damage_healed":0,"gold_gain":0,"player_choice":"Fought Nobs","damage_taken":0,"max_hp_gain":0,"max_hp_loss":0,"event_name":"Colosseum","floor":22,"gold_loss":0},{"damage_healed":0,"gold_gain":0,"player_choice":"Fought Bandits","damage_taken":0,"max_hp_gain":0,"max_hp_loss":0,"event_name":"Masked Bandits","floor":29,"gold_loss":0},{"damage_healed":0,"gold_gain":222,"player_choice":"Wore Mask","damage_taken":0,"max_hp_gain":0,"max_hp_loss":0,"event_name":"Tomb of Lord Red Mask","floor":36,"gold_loss":0},{"damage_healed":0,"gold_gain":0,"cards_transformed":["Strike_R"],"player_choice":"Transformed","damage_taken":0,"max_hp_gain":0,"max_hp_loss":0,"event_name":"Transmorgrifier","floor":39,"gold_loss":0,"cards_obtained":["Infernal Blade"]}],"is_beta":false,"boss_relics":[{"not_picked":["Eternal Feather","Lizard Tail"],"picked":"Sozu"},{"not_picked":["Snecko Eye","Empty Cage"],"picked":"Black Star"}],"items_purged_floors":[38],"is_endless":false,"potions_floor_spawned":[8,11,13,14,20,22,27,29,30,37,44,47,54],"killed_by":"The Heart","ascension_level":1}