{"gold_per_floor":[119,20,32,44,56,56,56,56,56,56,73,93,18,48,48,146,146,163,262,362,381,381,381,406,281,281,281,281,196,206,206,206,206],"floor_reached":33,"playtime":1572,"items_purged":["Strike_G","Strike_G"],"score":288,"play_id":"a445e620-6524-46b9-bb7c-7bab9ab74e1d","local_time":"20181109195615","is_ascension_mode":false,"campfire_choices":[{"data":"Infinite Blades","floor":6,"key":"SMITH"},{"floor":8,"key":"REST"},{"floor":15,"key":"REST"},{"floor":23,"key":"REST"},{"floor":27,"key":"REST"},{"floor":32,"key":"REST"}],"neow_cost":"NONE","seed_source_timestamp":18927508773842,"circlet_count":0,"master_deck":["Defend_G","Defend_G","Defend_G","Defend_G","Defend_G","Strike_G","Strike_G","Strike_G","Survivor","Neutralize","Riddle With Holes","Infinite Blades+1","Blade Dance","Crippling Poison+1","Skewer","Deflect","Endless Agony","Leg Sweep","Burst","Cloak And Dagger","Blade Dance+1","Backstab","PiercingWail","Endless Agony","Concentrate"],"relics":["Ring of the Snake","Lantern","Paper Crane","Lizard Tail","StoneCalendar","Ornamental Fan","Mango","Calipers","Potion Belt"],"potions_floor_usage":[14,18,20,30],"damage_taken":[{"damage":1,"enemies":"Cultist","floor":1,"turns":5},{"damage":0,"enemies":"2 Louse","floor":3,"turns":2},{"damage":3,"enemies":"Jaw Worm","floor":4,"turns":4},{"damage":16,"enemies":"Blue Slaver","floor":5,"turns":4},{"damage":10,"enemies":"Large Slime","floor":11,"turns":6},{"damage":0,"enemies":"3 Louse","floor":12,"turns":2},{"damage":14,"enemies":"Gremlin Nob","floor":14,"turns":4},{"damage":49,"enemies":"Slime Boss","floor":16,"turns":14},{"damage":6,"enemies":"Shell Parasite","floor":18,"turns":5},{"damage":13,"enemies":"Colosseum Slavers","floor":20,"turns":6},{"damage":51,"enemies":"Colosseum Nobs","floor":20,"turns":6},{"damage":2,"enemies":"Chosen","floor":21,"turns":5},{"damage":23,"enemies":"Book of Stabbing","floor":24,"turns":7},{"damage":5,"enemies":"Shelled Parasite and Fungi","floor":30,"turns":5},{"damage":107,"enemies":"Automaton","floor":33,"turns":18}],"seed_played":"-6300391647448480743","potions_obtained":[{"floor":4,"key":"GamblersBrew"},{"floor":12,"key":"Weak Potion"},{"floor":16,"key":"Poison Potion"},{"floor":24,"key":"Explosive Potion"}],"is_trial":false,"path_per_floor":["M","$","M","M","M","R","?","R","T","?","M","M","$","E","R","B",null,"M","?","?","M","?","R","E","$","T","R","?","?","M","?","R","B"],"character_chosen":"THE_SILENT","items_purchased":["Infinite Blades","Blade Dance","PiercingWail"],"campfire_rested":5,"item_purchase_floors":[2,2,25],"current_hp_per_floor":[76,76,76,73,57,57,57,77,77,77,67,67,67,53,76,27,77,71,71,7,5,41,65,56,56,56,84,84,84,79,79,96,0],"gold":206,"neow_bonus":"TEN_PERCENT_HP_BONUS","is_prod":false,"is_daily":false,"chose_seed":false,"campfire_upgraded":1,"win_rate":0,"timestamp":1541764575,"path_taken":["M","$","M","?","M","R","?","R","T","?","?","M","$","E","R","BOSS","M","?","?","M","?","R","E","$","T","R","?","?","M","?","R","BOSS"],"build_version":"2018-11-08","purchased_purges":2,"victory":false,"max_hp_per_floor":[77,77,77,77,77,77,77,77,77,77,77,77,77,77,77,77,77,77,77,77,77,82,82,96,96,96,96,96,96,96,96,96,96],"card_choices":[{"not_picked":["Cloak And Dagger","PiercingWail"],"picked":"Riddle With Holes","floor":1},{"not_picked":["Dagger Spray","Deadly Poison"],"picked":"Crippling Poison","floor":3},{"not_picked":["Dash","Dagger Throw"],"picked":"Skewer","floor":4},{"not_picked":["Setup","Deadly Poison"],"picked":"Deflect","floor":5},{"not_picked":["Outmaneuver","Sucker Punch"],"picked":"Endless Agony","floor":11},{"not_picked":["Calculated Gamble","Dagger Spray","Bane"],"picked":"SKIP","floor":12},{"not_picked":["PiercingWail","Sucker Punch"],"picked":"Leg Sweep","floor":14},{"not_picked":["Storm of Steel","Bullet Time"],"picked":"Burst","floor":16},{"not_picked":["Quick Slash","Slice"],"picked":"Cloak And Dagger","floor":18},{"not_picked":["Flying Knee","Quick Slash"],"picked":"Blade Dance+1","floor":20},{"not_picked":["Quick Slash","Sucker Punch","Flying Knee+1"],"picked":"SKIP","floor":21},{"not_picked":["Slice","Expertise"],"picked":"Backstab","floor":24},{"not_picked":["PiercingWail","Dagger Spray+1"],"picked":"Concentrate","floor":30}],"player_experience":425420,"relics_obtained":[{"floor":9,"key":"Lantern"},{"floor":14,"key":"Paper Crane"},{"floor":20,"key":"StoneCalendar"},{"floor":20,"key":"Ornamental Fan"},{"floor":24,"key":"Mango"},{"floor":26,"key":"Calipers"}],"event_choices":[{"damage_healed":0,"gold_gain":0,"player_choice":"Searched \u00270\u0027 times","damage_taken":0,"max_hp_gain":0,"max_hp_loss":0,"event_name":"Dead Adventurer","floor":7,"gold_loss":0},{"damage_healed":0,"gold_gain":0,"player_choice":"Upgraded","damage_taken":0,"max_hp_gain":0,"max_hp_loss":0,"event_name":"Upgrade Shrine","floor":10,"gold_loss":0,"cards_upgraded":["Crippling Poison"]},{"damage_healed":0,"gold_gain":99,"player_choice":"Stole From Cult","damage_taken":0,"max_hp_gain":0,"max_hp_loss":0,"event_name":"Nest","floor":19,"gold_loss":0},{"damage_healed":0,"gold_gain":0,"player_choice":"Fight","damage_taken":0,"max_hp_gain":0,"max_hp_loss":0,"event_name":"Colosseum","floor":20,"gold_loss":0},{"damage_healed":0,"gold_gain":0,"player_choice":"Fought Nobs","damage_taken":0,"max_hp_gain":0,"max_hp_loss":0,"event_name":"Colosseum","floor":20,"gold_loss":0},{"damage_healed":0,"gold_gain":0,"player_choice":"Shed Blood","damage_taken":19,"max_hp_gain":5,"max_hp_loss":0,"event_name":"Forgotten Altar","floor":22,"gold_loss":0},{"damage_healed":0,"gold_gain":0,"player_choice":"Read","damage_taken":0,"max_hp_gain":0,"max_hp_loss":0,"event_name":"The Library","floor":28,"gold_loss":0,"cards_obtained":["Endless Agony"]},{"damage_healed":0,"gold_gain":0,"player_choice":"Obtained Relic","damage_taken":0,"relics_obtained":["Potion Belt"],"max_hp_gain":0,"max_hp_loss":0,"event_name":"Addict","floor":29,"gold_loss":85},{"damage_healed":0,"gold_gain":0,"player_choice":"Ignored","damage_taken":0,"max_hp_gain":0,"max_hp_loss":0,"event_name":"Cursed Tome","floor":31,"gold_loss":0}],"is_beta":false,"boss_relics":[{"not_picked":["Philosopher\u0027s Stone","Runic Pyramid"],"picked":"Lizard Tail"}],"items_purged_floors":[13,25],"is_endless":false,"potions_floor_spawned":[4,12,16,20,24],"killed_by":"Automaton","ascension_level":0}