{"gold_per_floor":[110,110,110,185,210,210,23,23,23,66,66,87,103,137,137,266,266,281,294,294,294,310,310,310,338,364,377,389,404,404,84,84,84],"floor_reached":33,"playtime":1300,"items_purged":["Strike_G"],"score":426,"play_id":"ab3f682f-c4d3-4842-852b-4b47d4da3b96","local_time":"20190120204118","is_ascension_mode":true,"campfire_choices":[{"data":"Dagger Spray","floor":6,"key":"SMITH"},{"data":"Bouncing Flask","floor":8,"key":"SMITH"},{"floor":11,"key":"REST"},{"floor":15,"key":"REST"},{"data":"Wraith Form v2","floor":24,"key":"SMITH"},{"data":"Footwork","floor":30,"key":"SMITH"},{"data":"Dodge and Roll","floor":32,"key":"SMITH"}],"neow_cost":"NONE","seed_source_timestamp":763695985180031,"circlet_count":0,"master_deck":["AscendersBane","Defend_G","Defend_G","Defend_G","Defend_G","Defend_G","Strike_G","Strike_G+1","Strike_G","Strike_G+1","Survivor","Neutralize+1","Dodge and Roll","Dagger Spray+1","Bouncing Flask+1","Deadly Poison","Poisoned Stab","Dash","Wraith Form v2+1","Dodge and Roll+1","Deadly Poison+1","Footwork+1","Leg Sweep","Backflip","Acrobatics","Distraction+1","Escape Plan+1"],"relics":["Ring of the Snake","Bloody Idol","Anchor","Omamori","Blood Vial","Ancient Tea Set","Happy Flower","Sozu","Mercury Hourglass","Whetstone","Bag of Preparation","Molten Egg 2"],"potions_floor_usage":[10,16],"damage_taken":[{"damage":0,"enemies":"Small Slimes","floor":1,"turns":4},{"damage":2,"enemies":"2 Louse","floor":5,"turns":5},{"damage":21,"enemies":"Lagavulin","floor":10,"turns":6},{"damage":0,"enemies":"Jaw Worm","floor":12,"turns":3},{"damage":9,"enemies":"Exordium Thugs","floor":13,"turns":4},{"damage":18,"enemies":"3 Sentries","floor":14,"turns":8},{"damage":6,"enemies":"Hexaghost","floor":16,"turns":7},{"damage":0,"enemies":"Chosen","floor":18,"turns":4},{"damage":0,"enemies":"Spheric Guardian","floor":19,"turns":3},{"damage":17,"enemies":"Cultist and Chosen","floor":22,"turns":6},{"damage":18,"enemies":"Book of Stabbing","floor":25,"turns":6},{"damage":1,"enemies":"Centurion and Healer","floor":27,"turns":7},{"damage":0,"enemies":"Snake Plant","floor":28,"turns":5},{"damage":7,"enemies":"Shelled Parasite and Fungi","floor":29,"turns":5},{"damage":57,"enemies":"Champ","floor":33,"turns":9}],"seed_played":"-3464372096579905700","potions_obtained":[{"floor":1,"key":"Dexterity Potion"},{"floor":10,"key":"PowerPotion"},{"floor":13,"key":"LiquidBronze"}],"is_trial":false,"path_per_floor":["M","?","?","?","M","R","$","R","T","E","R","M","M","E","R","B",null,"M","M","?","T","M","?","R","E","T","M","M","M","R","$","R","B"],"character_chosen":"THE_SILENT","items_purchased":["Bouncing Flask","Omamori","Molten Egg 2"],"campfire_rested":2,"item_purchase_floors":[7,7,31],"current_hp_per_floor":[63,63,51,40,38,38,38,38,38,19,38,40,33,17,36,32,57,59,61,61,61,46,46,46,35,40,46,53,53,53,53,53,0],"gold":84,"neow_bonus":"UPGRADE_CARD","is_prod":false,"is_daily":false,"chose_seed":false,"campfire_upgraded":5,"win_rate":0,"timestamp":1548034878,"path_taken":["M","?","?","?","M","R","$","R","T","E","R","M","M","E","R","BOSS","M","M","?","?","?","?","R","E","T","M","M","M","R","$","R","BOSS"],"build_version":"2019-01-19","purchased_purges":1,"victory":false,"max_hp_per_floor":[70,65,65,65,65,65,65,65,65,65,65,65,65,65,65,65,65,65,65,65,65,65,65,65,65,65,65,65,65,65,65,65,65],"card_choices":[{"not_picked":["Eviscerate","Dagger Throw"],"picked":"Dodge and Roll","floor":1},{"not_picked":["Escape Plan","Cloak And Dagger"],"picked":"Dagger Spray","floor":5},{"not_picked":["Quick Slash","Blade Dance"],"picked":"Deadly Poison","floor":10},{"not_picked":["Dagger Throw","Acrobatics"],"picked":"Poisoned Stab","floor":12},{"not_picked":["Underhanded Strike","Acrobatics"],"picked":"Dash","floor":13},{"not_picked":["Deflect","Expertise","Finisher"],"picked":"SKIP","floor":14},{"not_picked":["Glass Knife","Night Terror"],"picked":"Wraith Form v2","floor":16},{"not_picked":["Bane","Underhanded Strike"],"picked":"Dodge and Roll","floor":18},{"not_picked":["Bane","Distraction+1"],"picked":"Deadly Poison+1","floor":19},{"not_picked":["Deadly Poison","PiercingWail"],"picked":"Leg Sweep","floor":22},{"not_picked":["Concentrate","Outmaneuver"],"picked":"Backflip","floor":25},{"not_picked":["Underhanded Strike","Cloak And Dagger"],"picked":"Acrobatics","floor":27},{"not_picked":["Predator","Flying Knee"],"picked":"Distraction+1","floor":28},{"not_picked":["Riddle With Holes","Sucker Punch"],"picked":"Escape Plan+1","floor":29}],"player_experience":514083,"relics_obtained":[{"floor":9,"key":"Blood Vial"},{"floor":10,"key":"Ancient Tea Set"},{"floor":14,"key":"Happy Flower"},{"floor":21,"key":"Mercury Hourglass"},{"floor":25,"key":"Whetstone"},{"floor":26,"key":"Bag of Preparation"}],"event_choices":[{"damage_healed":0,"gold_gain":0,"player_choice":"Lose Max HP","damage_taken":0,"relics_obtained":["Golden Idol"],"max_hp_gain":0,"max_hp_loss":5,"event_name":"Golden Idol","floor":2,"gold_loss":0},{"damage_healed":0,"gold_gain":0,"player_choice":"Success","damage_taken":12,"relics_obtained":["Anchor"],"max_hp_gain":0,"max_hp_loss":0,"event_name":"Scrap Ooze","floor":3,"gold_loss":0},{"damage_healed":0,"gold_gain":75,"player_choice":"Gather Gold","damage_taken":11,"max_hp_gain":0,"max_hp_loss":0,"event_name":"World of Goop","floor":4,"gold_loss":0},{"damage_healed":0,"gold_gain":0,"player_choice":"Read","damage_taken":0,"max_hp_gain":0,"max_hp_loss":0,"event_name":"The Library","floor":20,"gold_loss":0,"cards_obtained":["Footwork"]},{"damage_healed":0,"gold_gain":0,"player_choice":"Gave Idol","damage_taken":0,"relics_obtained":["Bloody Idol"],"max_hp_gain":0,"max_hp_loss":0,"event_name":"Forgotten Altar","floor":23,"relics_lost":["Golden Idol"],"gold_loss":0}],"is_beta":true,"boss_relics":[{"not_picked":["Empty Cage","Fusion Hammer"],"picked":"Sozu"}],"items_purged_floors":[31],"is_endless":false,"potions_floor_spawned":[1,10,13,19,27,29],"killed_by":"Champ","ascension_level":11}