{"gold_per_floor":[110,185,201,166,177,208,220,236,236,236,249,261,37,47,47,146,196,215,56,68,88,88,88,88,8,8,8,8,22,22,33,33,33],"floor_reached":33,"playtime":1794,"items_purged":["Strike_G","Strike_G"],"score":291,"play_id":"e87a0f74-915e-4360-a559-dfb3fcd5dd00","local_time":"20181106211237","is_ascension_mode":true,"campfire_choices":[{"floor":15,"key":"REST"},{"floor":23,"key":"REST"},{"floor":28,"key":"REST"},{"floor":32,"key":"REST"}],"neow_cost":"NONE","seed_source_timestamp":372030543738098,"circlet_count":0,"master_deck":["Defend_G","Defend_G","Defend_G","Defend_G","Defend_G","Strike_G","Strike_G","Strike_G","Survivor","Neutralize","Dagger Throw","Dagger Throw","Prepared","Dagger Throw","Dodge and Roll","Crippling Poison","Distraction+1","Underhanded Strike","Heel Hook","Cloak And Dagger","Adrenaline","Expertise","Flechettes","Reflex","Underhanded Strike","Underhanded Strike+1","Flying Knee","Leg Sweep","Cloak And Dagger"],"relics":["Ring of the Snake","Happy Flower","Strawberry","The Courier","MealTicket","Tiny House","Bottled Lightning","Enchiridion"],"potions_floor_usage":[6,16,16,16,21,22,22,33],"damage_taken":[{"damage":0,"enemies":"Cultist","floor":1,"turns":3},{"damage":6,"enemies":"Small Slimes","floor":3,"turns":3},{"damage":8,"enemies":"2 Louse","floor":5,"turns":3},{"damage":17,"enemies":"Lagavulin","floor":6,"turns":9},{"damage":7,"enemies":"Blue Slaver","floor":7,"turns":3},{"damage":9,"enemies":"Exordium Thugs","floor":8,"turns":7},{"damage":9,"enemies":"Looter","floor":11,"turns":3},{"damage":1,"enemies":"Blue Slaver","floor":12,"turns":3},{"damage":10,"enemies":"Exordium Wildlife","floor":14,"turns":3},{"damage":19,"enemies":"The Guardian","floor":16,"turns":14},{"damage":25,"enemies":"Shell Parasite","floor":18,"turns":8},{"damage":0,"enemies":"Spheric Guardian","floor":20,"turns":3},{"damage":12,"enemies":"Chosen and Byrds","floor":21,"turns":6},{"damage":0,"enemies":"3 Cultists","floor":22,"turns":2},{"damage":18,"enemies":"Sentry and Sphere","floor":29,"turns":4},{"damage":10,"enemies":"Colosseum Slavers","floor":30,"turns":4},{"damage":20,"enemies":"Snake Plant","floor":31,"turns":4},{"damage":75,"enemies":"Collector","floor":33,"turns":7}],"seed_played":"-1389566837045043849","potions_obtained":[{"floor":5,"key":"Weak Potion"},{"floor":6,"key":"LiquidBronze"},{"floor":8,"key":"PowerPotion"},{"floor":12,"key":"LiquidBronze"},{"floor":16,"key":"Fire Potion"},{"floor":17,"key":"SmokeBomb"},{"floor":21,"key":"Explosive Potion"},{"floor":31,"key":"Weak Potion"}],"is_trial":false,"path_per_floor":["M","?","M","?","M","E","M","M","T","?","M","M","$","M","R","B",null,"M","$","M","M","M","R","?","$","T","?","R","M","?","M","R","B"],"character_chosen":"THE_SILENT","items_purchased":["MealTicket","Heel Hook","Reflex","Underhanded Strike"],"campfire_rested":4,"item_purchase_floors":[13,13,19,19],"current_hp_per_floor":[70,59,53,70,62,52,45,36,36,36,27,26,26,16,39,20,82,57,67,67,55,55,79,63,73,73,57,83,65,55,35,61,0],"gold":33,"neow_bonus":"RANDOM_COMMON_RELIC","is_prod":false,"is_daily":false,"chose_seed":false,"campfire_upgraded":0,"win_rate":0,"timestamp":1541509957,"path_taken":["M","?","M","?","M","E","M","M","T","?","M","M","$","M","R","BOSS","M","$","M","M","M","R","?","$","T","?","R","?","?","M","R","BOSS"],"build_version":"2018-11-01","purchased_purges":2,"victory":false,"max_hp_per_floor":[70,70,70,70,70,77,77,77,77,77,77,77,77,77,77,77,82,82,82,82,82,82,82,87,87,87,87,87,87,87,87,87,87],"card_choices":[{"not_picked":["Caltrops","Outmaneuver"],"picked":"Dagger Throw","floor":1},{"not_picked":["Deadly Poison","Catalyst"],"picked":"Dagger Throw","floor":3},{"not_picked":["Concentrate","Distraction"],"picked":"Prepared","floor":5},{"not_picked":["Choke","Deadly Poison"],"picked":"Dagger Throw","floor":6},{"not_picked":["Flechettes","Bouncing Flask"],"picked":"Dodge and Roll","floor":7},{"not_picked":["Cloak And Dagger","Poisoned Stab"],"picked":"Crippling Poison","floor":8},{"not_picked":["Finisher","Outmaneuver"],"picked":"Distraction","floor":11},{"not_picked":["Blade Dance","Caltrops"],"picked":"Underhanded Strike","floor":12},{"not_picked":["Acrobatics","Flying Knee"],"picked":"Cloak And Dagger","floor":14},{"not_picked":["Doppelganger","Storm of Steel"],"picked":"Adrenaline","floor":16},{"not_picked":["Backflip","Setup"],"picked":"Expertise","floor":17},{"not_picked":["Expertise","Acrobatics"],"picked":"Flechettes","floor":18},{"not_picked":["Acrobatics+1","Leg Sweep"],"picked":"Underhanded Strike+1","floor":20},{"not_picked":["Deadly Poison+1","Sucker Punch"],"picked":"Flying Knee","floor":21},{"not_picked":["Poisoned Stab","Dodge and Roll"],"picked":"Leg Sweep","floor":29},{"not_picked":["Deadly Poison","Dagger Spray"],"picked":"Cloak And Dagger","floor":31}],"player_experience":422576,"relics_obtained":[{"floor":6,"key":"Strawberry"},{"floor":9,"key":"The Courier"},{"floor":26,"key":"Bottled Lightning"},{"floor":27,"key":"Enchiridion"}],"event_choices":[{"damage_healed":0,"gold_gain":75,"player_choice":"Gather Gold","damage_taken":11,"max_hp_gain":0,"max_hp_loss":0,"event_name":"World of Goop","floor":2,"gold_loss":0},{"damage_healed":17,"gold_gain":0,"player_choice":"Healed","damage_taken":0,"max_hp_gain":0,"max_hp_loss":0,"event_name":"The Cleric","floor":4,"gold_loss":35},{"damage_healed":0,"gold_gain":0,"player_choice":"Ignored","damage_taken":0,"max_hp_gain":0,"max_hp_loss":0,"event_name":"Golden Idol","floor":10,"gold_loss":0},{"damage_healed":0,"gold_gain":0,"player_choice":"Shed Blood","damage_taken":21,"max_hp_gain":5,"max_hp_loss":0,"event_name":"Forgotten Altar","floor":24,"gold_loss":0},{"damage_healed":0,"gold_gain":0,"player_choice":"Obtained Book","damage_taken":16,"max_hp_gain":0,"max_hp_loss":0,"event_name":"Cursed Tome","floor":27,"gold_loss":0},{"damage_healed":0,"gold_gain":0,"player_choice":"Fight","damage_taken":0,"max_hp_gain":0,"max_hp_loss":0,"event_name":"Colosseum","floor":30,"gold_loss":0},{"damage_healed":0,"gold_gain":0,"player_choice":"Fled From Nobs","damage_taken":0,"max_hp_gain":0,"max_hp_loss":0,"event_name":"Colosseum","floor":30,"gold_loss":0}],"is_beta":false,"boss_relics":[{"not_picked":["Astrolabe","Fusion Hammer"],"picked":"Tiny House"}],"items_purged_floors":[19,25],"is_endless":false,"potions_floor_spawned":[5,6,8,12,14,16,21,30,31],"killed_by":"Collector","ascension_level":1}