{"gold_per_floor":[110,110,110,110,128,157,332,332,332,332,332,345,373,47,47,151,151,165,184,184,184,91,91,91],"floor_reached":24,"playtime":1457,"items_purged":[],"score":235,"play_id":"a126d4af-0482-4ba3-8917-b4c416bb0d27","local_time":"20190124210903","is_ascension_mode":true,"campfire_choices":[{"data":"Regret","floor":8,"key":"PURGE"},{"data":"Doubt","floor":11,"key":"PURGE"},{"floor":15,"key":"RECALL"},{"data":"Pommel Strike","floor":23,"key":"SMITH"}],"neow_cost":"TEN_PERCENT_HP_LOSS","seed_source_timestamp":445508012170905,"circlet_count":0,"master_deck":["Defend_R","Defend_R","Defend_R+1","Defend_R+1","Bash","Armaments","Iron Wave","Anger","Pommel Strike+1","Havoc","Inflame","Flame Barrier","Master of Strategy","Reaper","Heavy Blade","Seeing Red","Writhe","Bite","Bite","Bite","Bite","Bite","Finesse"],"relics":["Black Blood","Peace Pipe","Shuriken","Kunai","Mercury Hourglass","Mango","Pen Nib"],"potions_floor_usage":[18],"damage_taken":[{"damage":11,"enemies":"Jaw Worm","floor":1,"turns":4},{"damage":3,"enemies":"2 Louse","floor":5,"turns":3},{"damage":48,"enemies":"Lagavulin","floor":6,"turns":8},{"damage":0,"enemies":"Small Slimes","floor":12,"turns":3},{"damage":14,"enemies":"3 Sentries","floor":13,"turns":6},{"damage":19,"enemies":"Slime Boss","floor":16,"turns":10},{"damage":27,"enemies":"2 Thieves","floor":18,"turns":4},{"damage":49,"enemies":"Shell Parasite","floor":19,"turns":7},{"damage":63,"enemies":"Slavers","floor":24,"turns":3}],"seed_played":"-7474894434482210856","potions_obtained":[{"floor":5,"key":"Weak Potion"},{"floor":18,"key":"AttackPotion"}],"is_trial":false,"path_per_floor":["M","?","?","?","M","E","?","R","T","T","R","M","E","$","R","B",null,"M","M","?","?","$","R","E"],"character_chosen":"IRONCLAD","items_purchased":["Inflame","Flame Barrier","Master of Strategy","Finesse"],"campfire_rested":0,"item_purchase_floors":[14,14,14,22],"current_hp_per_floor":[67,67,53,53,56,14,14,14,14,14,14,20,26,26,26,13,86,81,49,49,49,49,49,0],"gold":91,"neow_bonus":"ONE_RARE_RELIC","is_prod":false,"is_daily":false,"chose_seed":false,"campfire_upgraded":1,"win_rate":0,"timestamp":1548382143,"path_taken":["M","?","?","?","M","E","?","R","T","?","R","?","E","?","R","BOSS","M","M","?","?","$","R","E"],"build_version":"2019-01-23","purchased_purges":0,"victory":false,"max_hp_per_floor":[72,72,72,72,72,72,72,72,72,72,72,72,86,86,86,86,86,86,86,86,60,60,60,60],"card_choices":[{"not_picked":["Intimidate","Clothesline"],"picked":"Armaments","floor":1},{"not_picked":["Burning Pact","Shockwave"],"picked":"Iron Wave","floor":5},{"not_picked":["Ghostly Armor","Dual Wield"],"picked":"Anger","floor":6},{"not_picked":["Corruption","Power Through"],"picked":"Pommel Strike","floor":12},{"not_picked":["Dropkick","Fire Breathing"],"picked":"Havoc","floor":13},{"not_picked":["Bludgeon","Juggernaut"],"picked":"Reaper","floor":16},{"not_picked":["Sentinel+1","Sword Boomerang"],"picked":"Heavy Blade","floor":18},{"not_picked":["Body Slam+1","Clothesline"],"picked":"Seeing Red","floor":19}],"player_experience":77500,"relics_obtained":[{"floor":6,"key":"Kunai"},{"floor":10,"key":"Mercury Hourglass"},{"floor":13,"key":"Mango"}],"event_choices":[{"damage_healed":0,"gold_gain":0,"player_choice":"Leave","damage_taken":0,"max_hp_gain":0,"max_hp_loss":0,"event_name":"The Cleric","floor":2,"gold_loss":0},{"damage_healed":0,"gold_gain":0,"player_choice":"Entered Light","damage_taken":14,"max_hp_gain":0,"max_hp_loss":0,"event_name":"Shining Light","floor":3,"gold_loss":0,"cards_upgraded":["Defend_R","Defend_R"]},{"damage_healed":0,"gold_gain":0,"player_choice":"Box","damage_taken":0,"relics_obtained":["Shuriken"],"max_hp_gain":0,"max_hp_loss":0,"event_name":"Big Fish","floor":4,"gold_loss":0,"cards_obtained":["Regret"]},{"damage_healed":0,"gold_gain":175,"player_choice":"AGREE","damage_taken":0,"max_hp_gain":0,"max_hp_loss":0,"event_name":"Liars Game","floor":7,"gold_loss":0,"cards_obtained":["Doubt"]},{"damage_healed":0,"gold_gain":0,"player_choice":"Opened","damage_taken":0,"relics_obtained":["Pen Nib"],"max_hp_gain":0,"max_hp_loss":0,"event_name":"The Mausoleum","floor":20,"gold_loss":0,"cards_obtained":["Writhe"]},{"damage_healed":0,"gold_gain":0,"player_choice":"Became a vampire","damage_taken":0,"max_hp_gain":0,"max_hp_loss":26,"event_name":"Vampires","floor":21,"gold_loss":0,"cards_obtained":["Bite","Bite","Bite","Bite","Bite"]}],"is_beta":false,"boss_relics":[{"not_picked":["Tiny House","White Beast Statue"],"picked":"Black Blood"}],"items_purged_floors":[],"is_endless":false,"potions_floor_spawned":[5,18],"killed_by":"Slavers","ascension_level":1}