{"gold_per_floor":[116,66,141,141,141,175,194,42,68,81,57,57,76,111,111,111],"floor_reached":16,"playtime":635,"items_purged":[],"score":133,"play_id":"09bb32f2-ddfb-4359-ba14-650e61615459","local_time":"20190221195746","is_ascension_mode":false,"campfire_choices":[{"data":"Feed","floor":12,"key":"SMITH"},{"floor":15,"key":"REST"}],"neow_cost":"NONE","seed_source_timestamp":375614981017700,"circlet_count":0,"master_deck":["Strike_R","Strike_R","Strike_R","Defend_R","Defend_R","Defend_R","Defend_R","Bash","Whirlwind","Rupture","Thunderclap","Pummel","Feed+1","Thunderclap","Juggernaut"],"relics":["Burning Blood","NeowsBlessing","Champion Belt","Kunai","Strawberry","Shovel"],"potions_floor_usage":[14],"damage_taken":[{"damage":0,"enemies":"2 Louse","floor":1,"turns":1},{"damage":0,"enemies":"3 Sentries","floor":6,"turns":2},{"damage":0,"enemies":"Cultist","floor":7,"turns":1},{"damage":7,"enemies":"Small Slimes","floor":10,"turns":2},{"damage":4,"enemies":"Looter","floor":13,"turns":3},{"damage":42,"enemies":"Lagavulin","floor":14,"turns":7},{"damage":75,"enemies":"The Guardian","floor":16,"turns":13}],"seed_played":"7346825268463744692","potions_obtained":[{"floor":1,"key":"Energy Potion"}],"is_trial":false,"path_per_floor":["M","?","?","?","?","E","M","$","T","M","$","R","M","E","R","B"],"character_chosen":"IRONCLAD","items_purchased":["Feed","Thunderclap"],"campfire_rested":1,"item_purchase_floors":[8,11],"current_hp_per_floor":[80,80,69,57,57,63,69,69,76,78,78,78,80,44,71,0],"gold":111,"neow_bonus":"THREE_ENEMY_KILL","is_prod":false,"is_daily":false,"chose_seed":false,"campfire_upgraded":1,"win_rate":0,"timestamp":1550797066,"path_taken":["M","?","?","?","?","E","M","$","T","M","$","R","M","E","R","BOSS"],"build_version":"2019-02-06","purchased_purges":0,"victory":false,"max_hp_per_floor":[80,80,80,80,80,80,80,80,87,90,90,90,90,90,90,90],"card_choices":[{"not_picked":["Shrug It Off","Flex"],"picked":"Whirlwind","floor":1},{"not_picked":["Power Through","Sword Boomerang"],"picked":"Thunderclap","floor":6},{"not_picked":["Perfected Strike","Shrug It Off"],"picked":"Pummel","floor":7},{"not_picked":["True Grit","Armaments","Warcry"],"picked":"SKIP","floor":10},{"not_picked":["Sword Boomerang","Twin Strike","Body Slam"],"picked":"SKIP","floor":13},{"not_picked":["Ghostly Armor","Clash"],"picked":"Juggernaut","floor":14}],"player_experience":657716,"relics_obtained":[{"floor":6,"key":"Kunai"},{"floor":9,"key":"Strawberry"},{"floor":14,"key":"Shovel"}],"event_choices":[{"cards_removed":["Strike_R"],"damage_healed":0,"gold_gain":0,"player_choice":"Card Removal","damage_taken":0,"max_hp_gain":0,"max_hp_loss":0,"event_name":"The Cleric","floor":2,"gold_loss":50},{"damage_healed":0,"gold_gain":75,"player_choice":"Gather Gold","damage_taken":11,"max_hp_gain":0,"max_hp_loss":0,"event_name":"World of Goop","floor":3,"gold_loss":0},{"damage_healed":0,"gold_gain":0,"player_choice":"Success","damage_taken":12,"relics_obtained":["Champion Belt"],"max_hp_gain":0,"max_hp_loss":0,"event_name":"Scrap Ooze","floor":4,"gold_loss":0},{"damage_healed":0,"gold_gain":0,"cards_transformed":["Strike_R"],"player_choice":"Transformed","damage_taken":0,"max_hp_gain":0,"max_hp_loss":0,"event_name":"Transmorgrifier","floor":5,"gold_loss":0,"cards_obtained":["Rupture"]}],"is_beta":true,"boss_relics":[],"items_purged_floors":[],"is_endless":false,"potions_floor_spawned":[1],"killed_by":"The Guardian","ascension_level":0}