{"gold_per_floor":[109,109,109,34,54,54,54,85,85,5,5,20,20,20,20,121,121,140,5,5,15,15,15,26,42,123,123],"floor_reached":27,"playtime":2036,"items_purged":["Defend_G","Strike_G"],"score":269,"play_id":"9d1f5512-8f15-4dfd-81fe-29f99749cdef","local_time":"20190505032341","is_ascension_mode":true,"campfire_choices":[{"data":"Cloak And Dagger","floor":6,"key":"SMITH"},{"floor":11,"key":"REST"},{"data":"Blur","floor":13,"key":"SMITH"},{"floor":15,"key":"RECALL"},{"floor":23,"key":"REST"}],"neow_cost":"NONE","seed_source_timestamp":1048078802215000,"circlet_count":0,"master_deck":["Defend_G","Defend_G","Defend_G","Strike_G","Strike_G","Survivor","Neutralize","Well Laid Plans","Cloak And Dagger+1","Blur+1","Caltrops","Corpse Explosion","Infinite Blades","Cloak And Dagger+1","Footwork"],"relics":["Ring of the Snake","Shuriken","Bag of Marbles","Black Star","Oddly Smooth Stone","Kunai"],"potions_floor_usage":[21,24],"damage_taken":[{"damage":0,"enemies":"Small Slimes","floor":1,"turns":3},{"damage":0,"enemies":"2 Louse","floor":5,"turns":4},{"damage":16,"enemies":"Lagavulin","floor":8,"turns":8},{"damage":0,"enemies":"Cultist","floor":12,"turns":3},{"damage":13,"enemies":"The Guardian","floor":16,"turns":11},{"damage":33,"enemies":"3 Byrds","floor":18,"turns":4},{"damage":19,"enemies":"2 Thieves","floor":21,"turns":4},{"damage":10,"enemies":"Snake Plant","floor":24,"turns":6},{"damage":6,"enemies":"3 Cultists","floor":25,"turns":4},{"damage":35,"enemies":"Snecko","floor":27,"turns":4}],"seed_played":"-2931726956837214258","potions_obtained":[{"floor":1,"key":"Strength Potion"},{"floor":5,"key":"GamblersBrew"},{"floor":12,"key":"Dexterity Potion"}],"is_trial":false,"path_per_floor":["M","?","?","$","M","R","?","E","T","$","R","M","R","?","R","B",null,"M","$","?","M","T","R","M","M","T","M"],"character_chosen":"THE_SILENT","items_purchased":["Caltrops","Infinite Blades"],"campfire_rested":2,"item_purchase_floors":[10,19],"current_hp_per_floor":[70,37,37,37,37,37,37,21,21,21,42,42,42,35,35,22,70,37,37,37,18,18,39,29,23,23,0],"gold":123,"neow_bonus":"REMOVE_CARD","is_prod":false,"is_daily":false,"chose_seed":false,"campfire_upgraded":2,"win_rate":0,"timestamp":1557041021,"path_taken":["M","?","?","$","?","R","?","E","T","$","R","M","R","?","R","BOSS","M","$","?","M","?","R","M","?","T","M"],"build_version":"2019-01-23","purchased_purges":2,"victory":false,"max_hp_per_floor":[70,70,70,70,70,70,70,70,70,70,70,70,70,70,70,70,70,70,70,70,70,70,70,70,70,70,70],"card_choices":[{"not_picked":["Riddle With Holes","Outmaneuver"],"picked":"Well Laid Plans","floor":1},{"not_picked":["Acrobatics","Sucker Punch"],"picked":"Cloak And Dagger","floor":5},{"not_picked":["Cloak And Dagger","Dash"],"picked":"Blur","floor":8},{"not_picked":["Blade Dance","Slice","Acrobatics"],"picked":"SKIP","floor":12},{"not_picked":["Unload","Night Terror"],"picked":"Corpse Explosion","floor":16},{"not_picked":["Blade Dance","Cloak And Dagger","Underhanded Strike"],"picked":"SKIP","floor":18},{"not_picked":["Prepared","Finisher"],"picked":"Cloak And Dagger+1","floor":21},{"not_picked":["Poisoned Stab+1","Dodge and Roll"],"picked":"Footwork","floor":24},{"not_picked":["Leg Sweep","Endless Agony","Outmaneuver"],"picked":"SKIP","floor":25}],"player_experience":251825,"relics_obtained":[{"floor":8,"key":"Bag of Marbles"},{"floor":22,"key":"Oddly Smooth Stone"},{"floor":26,"key":"Kunai"}],"event_choices":[{"damage_healed":0,"gold_gain":0,"player_choice":"Success","damage_taken":33,"relics_obtained":["Shuriken"],"max_hp_gain":0,"max_hp_loss":0,"event_name":"Scrap Ooze","floor":2,"gold_loss":0},{"cards_removed":["Strike_G"],"damage_healed":0,"gold_gain":0,"player_choice":"Purged","damage_taken":0,"max_hp_gain":0,"max_hp_loss":0,"event_name":"Purifier","floor":3,"gold_loss":0},{"damage_healed":0,"gold_gain":0,"player_choice":"Ignored","damage_taken":0,"max_hp_gain":0,"max_hp_loss":0,"event_name":"Liars Game","floor":7,"gold_loss":0},{"cards_removed":["Strike_G"],"damage_healed":0,"gold_gain":0,"player_choice":"Card Removal","damage_taken":7,"max_hp_gain":0,"max_hp_loss":0,"event_name":"Golden Wing","floor":14,"gold_loss":0},{"damage_healed":0,"gold_gain":0,"player_choice":"Ignored","damage_taken":0,"max_hp_gain":0,"max_hp_loss":0,"event_name":"Cursed Tome","floor":20,"gold_loss":0}],"is_beta":false,"boss_relics":[{"not_picked":["Lizard Tail","Fusion Hammer"],"picked":"Black Star"}],"items_purged_floors":[4,19],"is_endless":false,"potions_floor_spawned":[1,5,12,18],"killed_by":"Snecko","ascension_level":3}