{"gold_per_floor":[115,130,142,317,267,302,318,346,346,375,425,459,472,489,489,592,592,592,592,562,295,295,295],"floor_reached":23,"playtime":1479,"items_purged":[],"score":355,"play_id":"47f18872-b839-4567-9291-1fb5da3f98f4","local_time":"20190515165138","is_ascension_mode":true,"campfire_choices":[{"data":"True Grit","floor":15,"key":"SMITH"}],"neow_cost":"NONE","seed_source_timestamp":0,"circlet_count":0,"master_deck":["Strike_R","Strike_R","Strike_R","Strike_R","Strike_R","Defend_R","Defend_R","Defend_R","Defend_R","Bash","Pommel Strike","Thunderclap","Headbutt","Seeing Red","Feel No Pain","Shockwave","Iron Wave","True Grit+1","Clothesline","Sentinel","Fiend Fire","Perfected Strike+1","Inflame","Disarm"],"special_seed":0,"relics":["Burning Blood","Anchor","Gremlin Horn","PreservedInsect","The Courier","Calipers","Art of War","Ectoplasm","Meat on the Bone"],"potions_floor_usage":[16,16],"damage_taken":[{"damage":1.0,"enemies":"Cultist","floor":1.0,"turns":3.0},{"damage":0.0,"enemies":"2 Louse","floor":2.0,"turns":3.0},{"damage":4.0,"enemies":"Jaw Worm","floor":3.0,"turns":3.0},{"damage":41.0,"enemies":"Lagavulin","floor":6.0,"turns":6.0},{"damage":6.0,"enemies":"Blue Slaver","floor":7.0,"turns":3.0},{"damage":16.0,"enemies":"Gremlin Nob","floor":8.0,"turns":4.0},{"damage":22,"enemies":"Lagavulin","floor":10,"turns":7},{"damage":0,"enemies":"3 Sentries","floor":12,"turns":6},{"damage":2,"enemies":"Exordium Wildlife","floor":13,"turns":4},{"damage":0,"enemies":"Large Slime","floor":14,"turns":5},{"damage":0,"enemies":"Slime Boss","floor":16,"turns":6},{"damage":26,"enemies":"Spheric Guardian","floor":18,"turns":6},{"damage":30,"enemies":"Shell Parasite","floor":22,"turns":5},{"damage":45,"enemies":"Gremlin Leader","floor":23,"turns":4}],"seed_played":"-8533394648569635175","potions_obtained":[{"floor":1.0,"key":"Poison Potion"},{"floor":7.0,"key":"EntropicBrew"},{"floor":14,"key":"SteroidPotion"},{"floor":18,"key":"Dexterity Potion"},{"floor":20,"key":"FairyPotion"},{"floor":20,"key":"FearPotion"}],"is_trial":false,"path_per_floor":["M","M","M","?","?","E","M","E","T","E","T","E","M","M","R","B",null,"M","?","?","$","M","E"],"character_chosen":"IRONCLAD","items_purchased":["Meat on the Bone","Inflame"],"campfire_rested":0,"item_purchase_floors":[21,21],"current_hp_per_floor":[80,80,80,80,80,45,45,35,35,19,19,25,29,35,35,41,80,60,45,45,45,33,0],"gold":295,"neow_bonus":"RANDOM_COMMON_RELIC","is_prod":false,"is_daily":false,"chose_seed":false,"campfire_upgraded":1,"win_rate":0,"timestamp":1557919298,"path_taken":["M","?","M","?","?","E","M","E","T","E","?","E","?","M","R","BOSS","M","?","?","$","?","E"],"build_version":"2019-01-23","purchased_purges":0,"victory":false,"max_hp_per_floor":[80,80,80,80,80,80,80,80,80,80,80,80,80,80,80,80,80,80,85,85,85,85,85],"card_choices":[{"not_picked":["Evolve","Thunderclap"],"picked":"Pommel Strike","floor":1.0},{"not_picked":["Body Slam","Havoc"],"picked":"Thunderclap","floor":2.0},{"not_picked":["Brutality","Heavy Blade"],"picked":"Headbutt","floor":3.0},{"not_picked":["Thunderclap","Iron Wave"],"picked":"Seeing Red","floor":6.0},{"not_picked":["Dual Wield","Intimidate"],"picked":"Feel No Pain","floor":7.0},{"not_picked":["Sword Boomerang","Evolve"],"picked":"Shockwave","floor":8.0},{"not_picked":["Sword Boomerang","Havoc"],"picked":"Iron Wave","floor":10},{"not_picked":["Sentinel","Wild Strike"],"picked":"True Grit","floor":12},{"not_picked":["Clash","Anger"],"picked":"Clothesline","floor":13},{"not_picked":["Hemokinesis","Twin Strike"],"picked":"Sentinel","floor":14},{"not_picked":["Reaper","Double Tap"],"picked":"Fiend Fire","floor":16},{"not_picked":["Havoc","Heavy Blade+1"],"picked":"Perfected Strike+1","floor":18},{"not_picked":["Body Slam","Heavy Blade"],"picked":"Disarm","floor":22}],"player_experience":192137,"relics_obtained":[{"floor":6.0,"key":"Gremlin Horn"},{"floor":8.0,"key":"PreservedInsect"},{"floor":9.0,"key":"The Courier"},{"floor":10,"key":"Calipers"},{"floor":11,"key":"Art of War"}],"event_choices":[{"damage_healed":0.0,"max_hp_gain":0.0,"max_hp_loss":0.0,"gold_gain":175.0,"event_name":"Liars Game","player_choice":"AGREE","floor":4.0,"gold_loss":0.0,"damage_taken":0.0,"cards_obtained":["Doubt"]},{"cards_removed":["Doubt"],"damage_healed":0.0,"max_hp_gain":0.0,"max_hp_loss":0.0,"gold_gain":0.0,"event_name":"The Cleric","player_choice":"Card Removal","floor":5.0,"gold_loss":50.0,"damage_taken":0.0},{"damage_healed":0,"gold_gain":0,"player_choice":"Shed Blood","damage_taken":20,"max_hp_gain":5,"max_hp_loss":0,"event_name":"Forgotten Altar","floor":19,"gold_loss":0},{"damage_healed":0,"gold_gain":0,"player_choice":"Bought 2 Potions","damage_taken":0,"max_hp_gain":0,"max_hp_loss":0,"event_name":"The Woman in Blue","floor":20,"gold_loss":0}],"is_beta":false,"boss_relics":[{"not_picked":["Pandora\u0027s Box","Snecko Eye"],"picked":"Ectoplasm"}],"items_purged_floors":[],"is_endless":false,"potions_floor_spawned":[1,7,14,18],"killed_by":"Gremlin Leader","ascension_level":4}