{"gold_per_floor":[115,134,134,59,75,75,118,133,133,33,33,47,47,81,81,211,211,190,208,224,50,70,70,109,109,109,109,109,147,174,186,198,330,342,377,449,479,491,1,45,45,64,64,85,36,52,95,116,116,116],"floor_reached":51,"playtime":4931,"items_purged":["Injury","Strike_G","Defend_G","Strike_G"],"score":872,"play_id":"a1c507e5-359d-420d-b122-729d5f29262b","local_time":"20180915180413","is_ascension_mode":true,"campfire_choices":[{"data":"Neutralize","floor":6,"key":"SMITH"},{"data":"Survivor","floor":11,"key":"SMITH"},{"data":"Footwork","floor":13,"key":"SMITH"},{"floor":15,"key":"REST"},{"floor":23,"key":"REST"},{"data":"Acrobatics","floor":25,"key":"SMITH"},{"floor":28,"key":"REST"},{"floor":32,"key":"REST"},{"data":"Adrenaline","floor":41,"key":"SMITH"},{"floor":49,"key":"REST"}],"neow_cost":"PERCENT_DAMAGE","seed_source_timestamp":17597208840673,"circlet_count":0,"master_deck":["Defend_G","Defend_G","Defend_G","Strike_G","Strike_G","Survivor+1","Neutralize+1","All Out Attack","Tactician","Escape Plan","Footwork+1","Backflip","Acrobatics+1","Slice","Cloak And Dagger","Adrenaline+1","Predator","Underhanded Strike","Setup","Underhanded Strike","Terror+1","Escape Plan+1","Tactician","Underhanded Strike","Dagger Throw","Blade Dance+1","Acrobatics","Backflip","Dagger Throw+1","Adrenaline","Predator+1","Reflex","Blade Dance+1","Cloak And Dagger+1","Blur"],"relics":["Ring of the Snake","Golden Idol","Happy Flower","Dream Catcher","Paper Crane","HoveringKite","Kunai","Art of War","Nilry\u0027s Codex","MawBank","Black Star","Tingsha","PreservedInsect","ClockworkSouvenir","Gremlin Horn","Bottled Lightning","Singing Bowl","Bag of Marbles","Ancient Tea Set"],"potions_floor_usage":[14,14,14,14,16,16,30,33,36,50,50,50],"damage_taken":[{"damage":0,"enemies":"Cultist","floor":1,"turns":5},{"damage":0,"enemies":"2 Louse","floor":2,"turns":2},{"damage":2,"enemies":"Small Slimes","floor":5,"turns":3},{"damage":29,"enemies":"3 Sentries","floor":7,"turns":11},{"damage":5,"enemies":"Gremlin Gang","floor":8,"turns":4},{"damage":2,"enemies":"3 Louse","floor":12,"turns":3},{"damage":4,"enemies":"Gremlin Nob","floor":14,"turns":5},{"damage":24,"enemies":"Slime Boss","floor":16,"turns":18},{"damage":2,"enemies":"2 Thieves","floor":18,"turns":5},{"damage":2,"enemies":"Spheric Guardian","floor":19,"turns":4},{"damage":15,"enemies":"Snake Plant","floor":20,"turns":6},{"damage":12,"enemies":"Centurion and Healer","floor":22,"turns":12},{"damage":6,"enemies":"Book of Stabbing","floor":24,"turns":6},{"damage":26,"enemies":"Slavers","floor":29,"turns":7},{"damage":2,"enemies":"Cultist and Chosen","floor":30,"turns":5},{"damage":14,"enemies":"Automaton","floor":33,"turns":15},{"damage":13,"enemies":"Orb Walker","floor":35,"turns":3},{"damage":4,"enemies":"Mysterious Sphere","floor":36,"turns":11},{"damage":8,"enemies":"3 Darklings","floor":37,"turns":5},{"damage":3,"enemies":"2 Orb Walkers","floor":40,"turns":4},{"damage":0,"enemies":"4 Shapes","floor":42,"turns":2},{"damage":0,"enemies":"Transient","floor":44,"turns":5},{"damage":0,"enemies":"Sphere and 2 Shapes","floor":46,"turns":3},{"damage":0,"enemies":"Giant Head","floor":47,"turns":4},{"damage":2,"enemies":"Maw","floor":48,"turns":5},{"damage":0,"enemies":"Awakened One","floor":50,"turns":19}],"seed_played":"-3736972500009939570","potions_obtained":[{"floor":1,"key":"Ancient Potion"},{"floor":5,"key":"FearPotion"},{"floor":8,"key":"EntropicBrew"},{"floor":14,"key":"Regen Potion"},{"floor":19,"key":"SpeedPotion"},{"floor":29,"key":"Poison Potion"},{"floor":33,"key":"PowerPotion"},{"floor":36,"key":"Regen Potion"},{"floor":44,"key":"AttackPotion"},{"floor":48,"key":"Weak Potion"}],"is_trial":false,"path_per_floor":["M","M","?","$","M","R","E","M","T","$","R","M","R","E","R","B",null,"M","M","M","$","M","R","E","R","T","?","R","E","M","$","R","B",null,"M","?","M","?","$","E","R","M","T","M","$","M","E","M","R","B"],"character_chosen":"THE_SILENT","items_purchased":["Underhanded Strike","PreservedInsect","ClockworkSouvenir","Dexterity Potion"],"campfire_rested":5,"item_purchase_floors":[21,39,39,45],"current_hp_per_floor":[49,49,49,49,47,47,18,13,13,13,13,11,11,7,28,19,70,68,66,51,51,39,60,54,54,54,38,59,33,31,31,52,38,70,57,53,45,45,45,42,42,42,42,42,42,44,46,44,66,74],"gold":116,"neow_bonus":"REMOVE_TWO","is_prod":false,"is_daily":false,"chose_seed":false,"campfire_upgraded":5,"win_rate":0,"timestamp":1537049053,"path_taken":["M","M","?","$","?","R","E","M","T","$","R","M","R","E","R","BOSS","M","?","M","$","M","R","E","R","T","?","R","E","M","$","R","BOSS","M","?","M","?","$","E","R","M","T","M","$","M","E","M","R","BOSS"],"build_version":"2018-09-12","purchased_purges":4,"victory":true,"max_hp_per_floor":[70,70,70,70,70,70,70,70,70,70,70,70,70,70,70,70,70,70,70,70,70,70,70,70,70,70,70,70,70,70,70,70,70,70,70,70,70,70,70,70,70,70,70,70,70,72,74,74,74,74],"card_choices":[{"not_picked":["Endless Agony","Underhanded Strike"],"picked":"All Out Attack","floor":1},{"not_picked":["Dagger Spray","Caltrops"],"picked":"Tactician","floor":2},{"not_picked":["Outmaneuver","Blade Dance"],"picked":"Escape Plan","floor":5},{"not_picked":["Burst","Deadly Poison"],"picked":"Footwork","floor":7},{"not_picked":["Endless Agony","Finisher"],"picked":"Backflip","floor":8},{"not_picked":["Cloak And Dagger","Slice"],"picked":"Acrobatics","floor":12},{"not_picked":["A Thousand Cuts","Deadly Poison"],"picked":"Slice","floor":14},{"not_picked":["Blade Dance","Outmaneuver"],"picked":"Cloak And Dagger","floor":15},{"not_picked":["Venomology","Wraith Form v2"],"picked":"Adrenaline","floor":16},{"not_picked":["Slice","Blade Dance"],"picked":"Predator","floor":18},{"not_picked":["Poisoned Stab","Quick Slash"],"picked":"Underhanded Strike","floor":19},{"not_picked":["Poisoned Stab+1","Prepared"],"picked":"Setup","floor":20},{"not_picked":["Outmaneuver","Bane"],"picked":"Terror+1","floor":22},{"not_picked":["Catalyst","Blade Dance"],"picked":"Escape Plan+1","floor":23},{"not_picked":["All Out Attack","Sucker Punch"],"picked":"Tactician","floor":24},{"not_picked":["Masterful Stab+1","Noxious Fumes+1"],"picked":"Underhanded Strike","floor":28},{"not_picked":["Outmaneuver","Phantasmal Killer","Prepared"],"picked":"SKIP","floor":29},{"not_picked":["Bane","Outmaneuver+1"],"picked":"Dagger Throw","floor":30},{"not_picked":["All Out Attack+1","PiercingWail"],"picked":"Blade Dance+1","floor":32},{"not_picked":["Slice","Outmaneuver"],"picked":"Acrobatics","floor":35},{"not_picked":["PiercingWail+1","Flying Knee+1"],"picked":"Backflip","floor":36},{"not_picked":["Heel Hook+1","Catalyst+1"],"picked":"Dagger Throw+1","floor":37},{"not_picked":["Bullet Time","Riddle With Holes"],"picked":"Predator+1","floor":40},{"not_picked":["Quick Slash","Sucker Punch+1"],"picked":"Reflex","floor":42},{"not_picked":["Caltrops+1","Sucker Punch"],"picked":"Blade Dance+1","floor":44},{"not_picked":["Deadly Poison+1","Noxious Fumes","Envenom"],"picked":"Singing Bowl","floor":46},{"not_picked":["Deadly Poison","Flying Knee","Crippling Poison"],"picked":"Singing Bowl","floor":47},{"not_picked":["Dodge and Roll","Expertise+1"],"picked":"Cloak And Dagger+1","floor":48},{"not_picked":["Bane+1","Poisoned Stab+1"],"picked":"Blur","floor":49}],"player_experience":293550,"relics_obtained":[{"floor":7,"key":"Happy Flower"},{"floor":9,"key":"Dream Catcher"},{"floor":14,"key":"Paper Crane"},{"floor":24,"key":"Kunai"},{"floor":26,"key":"Art of War"},{"floor":27,"key":"Nilry\u0027s Codex"},{"floor":29,"key":"MawBank"},{"floor":36,"key":"Tingsha"},{"floor":40,"key":"Gremlin Horn"},{"floor":40,"key":"Bottled Lightning"},{"floor":43,"key":"Singing Bowl"},{"floor":47,"key":"Bag of Marbles"},{"floor":47,"key":"Ancient Tea Set"}],"event_choices":[{"event_name":"Golden Idol","player_choice":"Take Wound","floor":3,"damage_taken":0},{"event_name":"Cursed Tome","player_choice":"Obtained Book","floor":27,"damage_taken":0},{"event_name":"Mysterious Sphere","player_choice":"Fight","floor":36,"damage_taken":0},{"event_name":"Duplicator","player_choice":"One dupe","floor":38,"damage_taken":0}],"is_beta":true,"boss_relics":[{"not_picked":["Philosopher\u0027s Stone","Snecko Eye"],"picked":"HoveringKite"},{"not_picked":["Orrery","Cursed Key"],"picked":"Black Star"}],"items_purged_floors":[4,10,21,39],"is_endless":false,"potions_floor_spawned":[1,5,8,14,19,29,33,36,44,46,48],"ascension_level":1}