{"gold_per_floor":[110,110,110,185,205,205,218,218,271,304,304,337,352,50,50,152,152,172,271,285,300,300,300,312,324,324,69,69,69,80,108,108,207,207,227,77,93,104,115,149,168,168,223,235,235,253,253,267,267,267],"floor_reached":51,"playtime":5145,"items_purged":["Strike_B"],"score":925,"play_id":"76bfdef5-564e-478f-a2c2-504ff080e864","local_time":"20181110191432","is_ascension_mode":true,"campfire_choices":[{"data":"Core Surge","floor":6,"key":"SMITH"},{"data":"Ball Lightning","floor":8,"key":"SMITH"},{"floor":11,"key":"REST"},{"data":"Defragment","floor":15,"key":"SMITH"},{"floor":23,"key":"REST"},{"floor":32,"key":"REST"},{"floor":42,"key":"REST"},{"floor":47,"key":"REST"},{"floor":49,"key":"REST"}],"neow_cost":"NONE","seed_source_timestamp":518206148072964,"circlet_count":0,"master_deck":["Strike_B+1","Defend_B","Defend_B","Zap+1","Dualcast+1","Core Surge+1","Defragment+1","Ball Lightning+1","Genetic Algorithm","Tempest","Defragment+1","Buffer+1","Go for the Eyes+1","Seek","Beam Cell+1","Stack+1","All For One+1","White Noise+1","Hologram+1","Buffer","Parasite","White Noise+1","Go for the Eyes+1"],"relics":["Cracked Core","Bag of Preparation","Anchor","Oddly Smooth Stone","Pen Nib","Fusion Hammer","Singing Bowl","Matryoshka","MutagenicStrength","Art of War","Astrolabe","DataDisk","Whetstone","Blue Candle","Orichalcum"],"potions_floor_usage":[20,31,38,41,50,50],"damage_taken":[{"damage":3,"enemies":"2 Louse","floor":1,"turns":2},{"damage":0,"enemies":"Jaw Worm","floor":5,"turns":2},{"damage":0,"enemies":"Cultist","floor":7,"turns":2},{"damage":25,"enemies":"Lagavulin","floor":10,"turns":5},{"damage":10,"enemies":"Gremlin Nob","floor":12,"turns":3},{"damage":0,"enemies":"Exordium Wildlife","floor":13,"turns":3},{"damage":18,"enemies":"Hexaghost","floor":16,"turns":6},{"damage":2,"enemies":"Shell Parasite","floor":18,"turns":3},{"damage":11,"enemies":"2 Thieves","floor":20,"turns":3},{"damage":14,"enemies":"Shelled Parasite and Fungi","floor":21,"turns":4},{"damage":2,"enemies":"Chosen and Byrds","floor":24,"turns":4},{"damage":0,"enemies":"Snecko","floor":25,"turns":4},{"damage":0,"enemies":"Snake Plant","floor":30,"turns":4},{"damage":14,"enemies":"Book of Stabbing","floor":31,"turns":4},{"damage":56,"enemies":"Automaton","floor":33,"turns":8},{"damage":0,"enemies":"3 Shapes","floor":35,"turns":4},{"damage":0,"enemies":"Orb Walker","floor":37,"turns":2},{"damage":0,"enemies":"3 Darklings","floor":38,"turns":4},{"damage":0,"enemies":"Transient","floor":39,"turns":5},{"damage":38,"enemies":"Reptomancer","floor":40,"turns":6},{"damage":0,"enemies":"Writhing Mass","floor":41,"turns":5},{"damage":0,"enemies":"Jaw Worm Horde","floor":44,"turns":4},{"damage":0,"enemies":"Transient","floor":46,"turns":5},{"damage":21,"enemies":"4 Shapes","floor":48,"turns":4},{"damage":75,"enemies":"Time Eater","floor":50,"turns":9}],"seed_played":"4710776686338183810","potions_obtained":[{"floor":12,"key":"Fire Potion"},{"floor":13,"key":"FairyPotion"},{"floor":16,"key":"SkillPotion"},{"floor":21,"key":"SpeedPotion"},{"floor":25,"key":"Energy Potion"},{"floor":37,"key":"Ancient Potion"},{"floor":39,"key":"Swift Potion"},{"floor":44,"key":"SkillPotion"}],"is_trial":false,"path_per_floor":["M","?","?","?","M","R","M","R","T","E","R","E","M","$","R","B",null,"M","?","M","M","?","R","M","M","T","$","?","?","M","E","R","B",null,"M","$","M","M","M","E","M","R","T","M","?","M","R","M","R","B",null],"character_chosen":"DEFECT","items_purchased":["Pen Nib","Defragment","Matryoshka","DataDisk"],"campfire_rested":6,"item_purchase_floors":[14,14,27,36],"current_hp_per_floor":[65,50,50,43,43,43,43,43,43,18,40,30,30,30,30,12,59,57,57,46,32,57,75,73,73,73,73,73,73,75,63,79,23,65,65,65,67,69,69,31,33,58,58,58,58,60,86,65,87,12],"gold":267,"neow_bonus":"ONE_RANDOM_RARE_CARD","is_prod":false,"is_daily":false,"chose_seed":false,"campfire_upgraded":3,"win_rate":0,"timestamp":1541895272,"path_taken":["M","?","?","?","?","R","M","R","T","E","R","E","M","$","R","BOSS","M","?","M","M","?","R","M","M","T","$","?","?","M","E","R","BOSS","M","$","M","M","M","E","M","R","T","M","?","M","R","M","R","BOSS"],"build_version":"2018-11-08","purchased_purges":1,"victory":true,"max_hp_per_floor":[75,75,75,75,75,75,75,75,75,75,75,75,75,75,75,75,75,75,75,75,75,75,75,75,75,75,75,75,75,77,79,79,79,79,79,79,81,83,83,83,85,85,85,85,85,87,87,87,87,87],"card_choices":[{"not_picked":["Compile Driver","Stack"],"picked":"Defragment","floor":1},{"not_picked":["Stack","Rebound"],"picked":"Ball Lightning","floor":5},{"not_picked":["Heatsinks","Compile Driver","Steam Power"],"picked":"SKIP","floor":7},{"not_picked":["Rainbow","Go for the Eyes"],"picked":"Genetic Algorithm","floor":10},{"not_picked":["Blizzard","Tempest","Force Field"],"picked":"SKIP","floor":12},{"not_picked":["Gash","Steam"],"picked":"Tempest","floor":13},{"not_picked":["Rainbow","Thunder Strike"],"picked":"Buffer","floor":16},{"not_picked":["Stack","Ball Lightning","Go for the Eyes"],"picked":"SKIP","floor":18},{"not_picked":["Cold Snap","Chaos","Hyperbeam"],"picked":"SKIP","floor":20},{"not_picked":["Streamline","Blizzard+1","Sweeping Beam"],"picked":"SKIP","floor":21},{"not_picked":["Sunder+1","Beam Cell","Force Field"],"picked":"SKIP","floor":24},{"not_picked":["Redo+1","Sweeping Beam+1"],"picked":"Go for the Eyes+1","floor":25},{"not_picked":["Hologram","Steam","Gash"],"picked":"Singing Bowl","floor":30},{"not_picked":["Stack","Force Field","Creative AI"],"picked":"Singing Bowl","floor":31},{"not_picked":["Multi-Cast","Meteor Strike"],"picked":"Seek","floor":33},{"not_picked":["Steam","Ball Lightning"],"picked":"White Noise+1","floor":35},{"not_picked":["Redo+1","Leap","Darkness"],"picked":"Singing Bowl","floor":37},{"not_picked":["Rebound+1","Steam+1","Coolheaded"],"picked":"Singing Bowl","floor":38},{"not_picked":["Coolheaded","Fusion+1"],"picked":"Hologram+1","floor":39},{"not_picked":["Lockon+1","All For One"],"picked":"Buffer","floor":40},{"not_picked":["Double Energy+1","Cold Snap","Go for the Eyes+1"],"picked":"Singing Bowl","floor":41},{"not_picked":["Sweeping Beam+1","Leap+1"],"picked":"White Noise+1","floor":44},{"not_picked":["Streamline","Barrage+1","Ball Lightning"],"picked":"Singing Bowl","floor":46},{"not_picked":["Conserve Battery","Loop"],"picked":"Go for the Eyes+1","floor":48}],"player_experience":349586,"relics_obtained":[{"floor":9,"key":"Bag of Preparation"},{"floor":10,"key":"Anchor"},{"floor":12,"key":"Oddly Smooth Stone"},{"floor":26,"key":"Singing Bowl"},{"floor":31,"key":"Art of War"},{"floor":40,"key":"Whetstone"},{"floor":43,"key":"Blue Candle"},{"floor":43,"key":"Orichalcum"}],"event_choices":[{"damage_healed":0,"gold_gain":0,"player_choice":"Entered Light","damage_taken":15,"max_hp_gain":0,"max_hp_loss":0,"event_name":"Shining Light","floor":2,"gold_loss":0,"cards_upgraded":["Defragment","Dualcast"]},{"damage_healed":0,"gold_gain":0,"player_choice":"Grow","damage_taken":0,"max_hp_gain":0,"max_hp_loss":0,"event_name":"Living Wall","floor":3,"gold_loss":0,"cards_upgraded":["Zap"]},{"damage_healed":0,"gold_gain":75,"player_choice":"Touch","damage_taken":7,"max_hp_gain":0,"max_hp_loss":0,"event_name":"FaceTrader","floor":4,"gold_loss":0},{"damage_healed":0,"gold_gain":99,"player_choice":"Stole From Cult","damage_taken":0,"max_hp_gain":0,"max_hp_loss":0,"event_name":"Nest","floor":19,"gold_loss":0},{"damage_healed":25,"gold_gain":0,"player_choice":"Heal","damage_taken":0,"max_hp_gain":0,"max_hp_loss":0,"event_name":"The Library","floor":22,"gold_loss":0},{"damage_healed":0,"gold_gain":0,"player_choice":"Inject Mutagens","damage_taken":0,"relics_obtained":["MutagenicStrength"],"max_hp_gain":0,"max_hp_loss":0,"event_name":"Drug Dealer","floor":28,"gold_loss":0},{"damage_healed":0,"gold_gain":0,"player_choice":"Forge","damage_taken":0,"max_hp_gain":0,"max_hp_loss":0,"event_name":"Accursed Blacksmith","floor":29,"gold_loss":0,"cards_upgraded":["Buffer"]},{"cards_removed":["Strike_B"],"damage_healed":0,"gold_gain":0,"player_choice":"Removed Attack","damage_taken":0,"max_hp_gain":0,"max_hp_loss":0,"event_name":"Falling","floor":45,"gold_loss":0}],"is_beta":true,"boss_relics":[{"not_picked":["White Beast Statue","Calling Bell"],"picked":"Fusion Hammer"},{"not_picked":["Eternal Feather","Black Star"],"picked":"Astrolabe"}],"items_purged_floors":[14],"is_endless":false,"potions_floor_spawned":[12,13,16,18,21,25,37,39,44,46],"ascension_level":8}