{"gold_per_floor":[119,129,129,140,140,167,167,181,181,195,209,221,221,255,255,358,358,378,393,49,63,78,108,118,146,170,197,197,296,313,325,325,427,427,444,462,179,192,117,117,117,117,142,161,180,199,199,225,225,225],"floor_reached":50,"playtime":3921,"items_purged":[],"score":578,"play_id":"9e3e5b66-f26b-4ed9-92d3-1306f670b5bd","local_time":"20190524143737","is_ascension_mode":true,"campfire_choices":[{"data":"Sweeping Beam","floor":7.0,"key":"SMITH"},{"floor":13,"key":"REST"},{"data":"Echo Form","floor":15,"key":"SMITH"},{"floor":28,"key":"REST"},{"floor":32,"key":"REST"},{"floor":40,"key":"DIG"},{"floor":42,"key":"DIG"},{"floor":47,"key":"REST"},{"floor":49,"key":"DIG"}],"neow_cost":"NONE","seed_source_timestamp":406657395908600,"circlet_count":0,"master_deck":["Strike_B","Strike_B","Strike_B","Defend_B","Defend_B+1","Defend_B","Defend_B","Zap+1","Dualcast","Cold Snap","Sweeping Beam+1","Rebound","Capacitor","Conserve Battery","Chill","Defragment","Echo Form+1","Seek","Ball Lightning","Cold Snap","Undo","Barrage","Hologram","Chill","Chaos+1","Go for the Eyes+1","Fission","Storm","Doom and Gloom+1","Defragment","Loop","Self Repair","Self Repair"],"special_seed":0,"relics":["Cracked Core","Bronze Scales","Bottled Flame","Shovel","Orrery","PreservedInsect","ClockworkSouvenir","Vajra","Oddly Smooth Stone","Centennial Puzzle","Matryoshka","Busted Crown","DollysMirror","Strawberry","Mercury Hourglass","Art of War","Boot","Dream Catcher","Happy Flower"],"potions_floor_usage":[16,23,23,23,27,31,33,44,48,50,50],"damage_taken":[{"damage":0.0,"enemies":"Jaw Worm","floor":1.0,"turns":3.0},{"damage":0.0,"enemies":"2 Louse","floor":2.0,"turns":2.0},{"damage":0.0,"enemies":"Cultist","floor":4.0,"turns":3.0},{"damage":6.0,"enemies":"3 Sentries","floor":6.0,"turns":5.0},{"damage":0.0,"enemies":"Large Slime","floor":8.0,"turns":3.0},{"damage":1.0,"enemies":"Looter","floor":10.0,"turns":2.0},{"damage":0.0,"enemies":"Blue Slaver","floor":11.0,"turns":3.0},{"damage":4.0,"enemies":"2 Fungi Beasts","floor":12.0,"turns":4.0},{"damage":27,"enemies":"Gremlin Nob","floor":14,"turns":5},{"damage":3,"enemies":"Hexaghost","floor":16,"turns":10},{"damage":6,"enemies":"Shell Parasite","floor":18,"turns":5},{"damage":18,"enemies":"3 Byrds","floor":19,"turns":4},{"damage":2,"enemies":"Snecko","floor":21,"turns":6},{"damage":0,"enemies":"Chosen and Byrds","floor":22,"turns":6},{"damage":12,"enemies":"Gremlin Leader","floor":23,"turns":5},{"damage":13,"enemies":"Snake Plant","floor":24,"turns":3},{"damage":7,"enemies":"Book of Stabbing","floor":25,"turns":5},{"damage":10,"enemies":"Gremlin Leader","floor":27,"turns":6},{"damage":7,"enemies":"Snecko","floor":30,"turns":5},{"damage":8,"enemies":"Centurion and Healer","floor":31,"turns":6},{"damage":16,"enemies":"Champ","floor":33,"turns":12},{"damage":21,"enemies":"3 Darklings","floor":35,"turns":5},{"damage":8,"enemies":"Orb Walker","floor":36,"turns":5},{"damage":5,"enemies":"Sphere and 2 Shapes","floor":38,"turns":5},{"damage":10,"enemies":"Maw","floor":44,"turns":7},{"damage":2,"enemies":"Spire Growth","floor":45,"turns":4},{"damage":18,"enemies":"4 Shapes","floor":46,"turns":2},{"damage":12,"enemies":"Giant Head","floor":48,"turns":6},{"damage":78,"enemies":"Time Eater","floor":50,"turns":13}],"seed_played":"6240300575902097099","potions_obtained":[{"floor":2.0,"key":"FairyPotion"},{"floor":4.0,"key":"SteroidPotion"},{"floor":10.0,"key":"SkillPotion"},{"floor":12,"key":"Explosive Potion"},{"floor":16,"key":"Weak Potion"},{"floor":18,"key":"FocusPotion"},{"floor":23,"key":"Strength Potion"},{"floor":30,"key":"AttackPotion"},{"floor":31,"key":"FearPotion"},{"floor":33,"key":"FearPotion"},{"floor":35,"key":"PowerPotion"},{"floor":38,"key":"SpeedPotion"},{"floor":48,"key":"GamblersBrew"}],"is_trial":false,"path_per_floor":["M","M","?","M","?","E","R","M","T","M","M","M","R","E","R","B",null,"M","M","$","M","M","E","M","E","T","E","R","?","M","M","R","B",null,"M","M","$","M","$","R","?","R","T","M","M","M","R","E","R","B"],"character_chosen":"DEFECT","items_purchased":["PreservedInsect","ClockworkSouvenir","DollysMirror","Loop","Self Repair"],"campfire_rested":4,"item_purchase_floors":[20,20,37,37,39],"current_hp_per_floor":[75,75,60,60,60,54,54,54,54,53,53,49,71,44,44,41,75,69,51,51,49,49,37,24,17,17,7,29,29,22,14,36,20,75,54,46,46,41,41,48,48,48,48,45,57,39,63,65,65,0],"gold":225,"neow_bonus":"THREE_CARDS","is_prod":false,"is_daily":false,"chose_seed":false,"campfire_upgraded":2,"win_rate":0,"timestamp":1558697857,"path_taken":["M","M","?","M","?","E","R","M","T","M","M","M","R","E","R","BOSS","M","M","?","M","M","E","M","E","T","E","R","?","M","M","R","BOSS","M","M","$","M","$","R","?","R","T","M","M","M","R","E","R","BOSS"],"build_version":"2019-01-23","purchased_purges":0,"victory":false,"max_hp_per_floor":[75,75,75,75,75,75,75,75,75,75,75,75,75,75,75,75,75,75,75,75,75,75,75,75,75,75,75,75,75,75,75,75,75,75,75,75,75,75,75,82,82,82,82,82,82,82,82,82,82,82],"card_choices":[{"not_picked":["Redo","Auto Shields"],"picked":"Cold Snap","floor":0.0},{"not_picked":["Steam","Redo","Beam Cell"],"picked":"SKIP","floor":1.0},{"not_picked":["Streamline","Coolheaded"],"picked":"Sweeping Beam","floor":2.0},{"not_picked":["Leap","Fusion"],"picked":"Rebound","floor":4.0},{"not_picked":["FTL","Multi-Cast"],"picked":"Capacitor","floor":6.0},{"not_picked":["Hologram","Steam Power"],"picked":"Conserve Battery","floor":8.0},{"not_picked":["Conserve Battery","Aggregate"],"picked":"Chill","floor":10.0},{"not_picked":["FTL","Streamline"],"picked":"Defragment","floor":11.0},{"not_picked":["Steam","Double Energy","Compile Driver"],"picked":"SKIP","floor":12},{"not_picked":["Streamline","Stack"],"picked":"Echo Form","floor":14},{"not_picked":["Machine Learning","Meteor Strike"],"picked":"Seek","floor":16},{"not_picked":["Rebound","Hologram"],"picked":"Ball Lightning","floor":17},{"not_picked":["Heatsinks","Compile Driver"],"picked":"Cold Snap","floor":17},{"not_picked":["Capacitor","Sweeping Beam"],"picked":"Undo","floor":17},{"not_picked":["Gash","Scrape"],"picked":"Barrage","floor":17},{"not_picked":["Turbo","Aggregate"],"picked":"Hologram","floor":17},{"not_picked":["Stack","Hologram","Ball Lightning+1"],"picked":"SKIP","floor":18},{"not_picked":["Sweeping Beam+1","Skim"],"picked":"Chill","floor":19},{"not_picked":["Beam Cell+1","Redo"],"picked":"Chaos+1","floor":21},{"not_picked":["Cold Snap","Melter+1","Hyperbeam"],"picked":"SKIP","floor":22},{"not_picked":["Conserve Battery+1","FTL+1"],"picked":"Go for the Eyes+1","floor":23},{"not_picked":["Static Discharge","Barrage","Hologram+1"],"picked":"SKIP","floor":24},{"not_picked":["Cold Snap","Leap","Chill"],"picked":"SKIP","floor":25},{"not_picked":["Heatsinks","Hologram","Redo"],"picked":"SKIP","floor":27},{"not_picked":["Turbo+1","Undo+1","Redo"],"picked":"SKIP","floor":30},{"not_picked":["Redo","Barrage","Heatsinks+1"],"picked":"SKIP","floor":31},{"not_picked":["Thunder Strike","Meteor Strike"],"picked":"Fission","floor":33},{"not_picked":[],"picked":"Storm","floor":35},{"not_picked":[],"picked":"Doom and Gloom+1","floor":36},{"not_picked":["Ball Lightning+1"],"picked":"SKIP","floor":38},{"not_picked":[],"picked":"Self Repair","floor":44},{"not_picked":["Beam Cell+1"],"picked":"SKIP","floor":45},{"not_picked":["Gash+1"],"picked":"SKIP","floor":46},{"not_picked":["Aggregate+1"],"picked":"SKIP","floor":48}],"player_experience":810252,"relics_obtained":[{"floor":6.0,"key":"Bronze Scales"},{"floor":9.0,"key":"Bottled Flame"},{"floor":14,"key":"Shovel"},{"floor":23,"key":"Vajra"},{"floor":25,"key":"Oddly Smooth Stone"},{"floor":26,"key":"Centennial Puzzle"},{"floor":27,"key":"Matryoshka"},{"floor":40,"key":"Strawberry"},{"floor":42,"key":"Mercury Hourglass"},{"floor":43,"key":"Art of War"},{"floor":43,"key":"Boot"},{"floor":48,"key":"Dream Catcher"},{"floor":49,"key":"Happy Flower"}],"event_choices":[{"damage_healed":0.0,"max_hp_gain":0.0,"max_hp_loss":0.0,"gold_gain":0.0,"event_name":"Shining Light","player_choice":"Entered Light","floor":3.0,"gold_loss":0.0,"damage_taken":15.0,"cards_upgraded":["Zap","Defend_B"]},{"cards_removed":["Strike_B"],"damage_healed":0.0,"max_hp_gain":0.0,"max_hp_loss":0.0,"gold_gain":0.0,"event_name":"Bonfire Elementals","player_choice":"Offered Basic","floor":5.0,"gold_loss":0.0,"damage_taken":0.0},{"damage_healed":0,"gold_gain":99,"player_choice":"Stole From Cult","damage_taken":0,"max_hp_gain":0,"max_hp_loss":0,"event_name":"Nest","floor":29,"gold_loss":0},{"damage_healed":0,"gold_gain":0,"player_choice":"Memory 1","damage_taken":0,"max_hp_gain":0,"max_hp_loss":0,"event_name":"SensoryStone","floor":41,"gold_loss":0}],"is_beta":false,"boss_relics":[{"not_picked":["Runic Pyramid","Black Star"],"picked":"Orrery"},{"not_picked":["Fusion Hammer","Snecko Eye"],"picked":"Busted Crown"}],"items_purged_floors":[],"is_endless":false,"potions_floor_spawned":[2,4,10,12,16,18,19,23,30,31,33,35,38,48],"killed_by":"Time Eater","ascension_level":1}