{"gold_per_floor":[217,235,66,141,41,41,59,9,9,9,9,28,28,46,46,150,150,150,6,24,34,34,34,52,52],"floor_reached":25,"playtime":1617,"items_purged":["Strike_G","Strike_G"],"score":222,"play_id":"d564f02d-8101-4e61-aa07-e4b78b0dabd4","local_time":"20181119202632","is_ascension_mode":true,"campfire_choices":[{"data":"Trip","floor":6,"key":"SMITH"},{"floor":11,"key":"REST"},{"data":"Leg Sweep","floor":15,"key":"SMITH"},{"floor":23,"key":"REST"}],"neow_cost":"NONE","seed_source_timestamp":152249550949058,"circlet_count":0,"master_deck":["Defend_G","Defend_G","Defend_G","Defend_G","Strike_G","Strike_G","Strike_G","Survivor","Neutralize","Leg Sweep+1","Acrobatics","Trip+1","Footwork","Dash","Bullet Time","Riddle With Holes","Backflip","Decay","PiercingWail+1","Deadly Poison"],"relics":["Ring of the Snake","The Specimen","Eternal Feather","Dream Catcher"],"potions_floor_usage":[16,16,16,18,21,21,25],"damage_taken":[{"damage":19,"enemies":"Cultist","floor":1,"turns":7},{"damage":5,"enemies":"Jaw Worm","floor":2,"turns":7},{"damage":3,"enemies":"2 Louse","floor":7,"turns":3},{"damage":8,"enemies":"Looter","floor":12,"turns":4},{"damage":13,"enemies":"Lots of Slimes","floor":14,"turns":5},{"damage":22,"enemies":"Slime Boss","floor":16,"turns":14},{"damage":0,"enemies":"3 Byrds","floor":18,"turns":4},{"damage":14,"enemies":"Shell Parasite","floor":20,"turns":13},{"damage":27,"enemies":"Sentry and Sphere","floor":21,"turns":20},{"damage":25,"enemies":"Shelled Parasite and Fungi","floor":24,"turns":14},{"damage":34,"enemies":"Centurion and Healer","floor":25,"turns":7}],"seed_played":"5640674334253623987","potions_obtained":[{"floor":1,"key":"SpeedPotion"},{"floor":10,"key":"Poison Potion"},{"floor":10,"key":"SkillPotion"},{"floor":12,"key":"Swift Potion"},{"floor":14,"key":"Strength Potion"},{"floor":16,"key":"SmokeBomb"},{"floor":20,"key":"EntropicBrew"}],"is_trial":false,"path_per_floor":["M","M","$","?","$","R","M","?","T","?","R","M","?","M","R","B",null,"M","$","M","M","?","R","M","M"],"character_chosen":"THE_SILENT","items_purchased":["Trip","Dream Catcher"],"campfire_rested":2,"item_purchase_floors":[3,19],"current_hp_per_floor":[51,46,46,35,35,35,32,32,32,32,53,45,70,57,57,35,70,70,70,56,29,29,59,34,0],"gold":52,"neow_bonus":"HUNDRED_GOLD","is_prod":false,"is_daily":false,"chose_seed":false,"campfire_upgraded":2,"win_rate":0,"timestamp":1542630392,"path_taken":["M","?","$","?","$","R","M","?","T","?","R","?","?","M","R","BOSS","M","?","M","M","?","R","M","M"],"build_version":"2018-11-15","purchased_purges":2,"victory":false,"max_hp_per_floor":[70,70,70,70,70,70,70,70,70,70,70,70,70,70,70,70,70,70,70,70,70,70,70,70,70],"card_choices":[{"not_picked":["Infinite Blades","Flying Knee"],"picked":"Leg Sweep","floor":1},{"not_picked":["Deadly Poison","Slice"],"picked":"Acrobatics","floor":2},{"not_picked":["Flying Knee","Bane"],"picked":"Footwork","floor":7},{"not_picked":["Outmaneuver","Prepared"],"picked":"Distraction","floor":12},{"not_picked":["Blade Dance","Choke"],"picked":"Dash","floor":14},{"not_picked":["Unload","Grand Finale"],"picked":"Bullet Time","floor":16},{"not_picked":["Dagger Spray+1","Well Laid Plans+1"],"picked":"Riddle With Holes","floor":20},{"not_picked":["Flying Knee","Cloak And Dagger"],"picked":"Backflip","floor":21},{"not_picked":["Outmaneuver","Masterful Stab"],"picked":"PiercingWail+1","floor":23},{"not_picked":["Blade Dance","Outmaneuver"],"picked":"Deadly Poison","floor":24}],"player_experience":449377,"relics_obtained":[{"floor":9,"key":"The Specimen"}],"event_choices":[{"damage_healed":0,"gold_gain":75,"player_choice":"Gather Gold","damage_taken":11,"max_hp_gain":0,"max_hp_loss":0,"event_name":"World of Goop","floor":4,"gold_loss":0},{"cards_removed":["Defend_G"],"damage_healed":0,"gold_gain":0,"player_choice":"Card Removal","damage_taken":0,"max_hp_gain":0,"max_hp_loss":0,"event_name":"The Cleric","floor":8,"gold_loss":50},{"damage_healed":0,"gold_gain":0,"player_choice":"Got Potions","damage_taken":0,"max_hp_gain":0,"max_hp_loss":0,"event_name":"Lab","floor":10,"gold_loss":0},{"cards_removed":["Distraction"],"damage_healed":25,"gold_gain":0,"player_choice":"Offered Uncommon","damage_taken":0,"max_hp_gain":0,"max_hp_loss":0,"event_name":"Bonfire Elementals","floor":13,"gold_loss":0},{"damage_healed":0,"gold_gain":0,"player_choice":"Smashed Altar","damage_taken":0,"max_hp_gain":0,"max_hp_loss":0,"event_name":"Forgotten Altar","floor":22,"gold_loss":0,"cards_obtained":["Decay"]}],"is_beta":false,"boss_relics":[{"not_picked":["Busted Crown","Ectoplasm"],"picked":"Eternal Feather"}],"items_purged_floors":[3,5],"is_endless":false,"potions_floor_spawned":[1,12,14,16,20],"killed_by":"Centurion and Healer","ascension_level":3}