{"gold_per_floor":[112,130,148,148,1,36,36,36,111,130,145,145,165,42,42,143,143,160,179,212,230,20,20,20,20,20,38,55,66,17,17,17,115,165,177,77,97,97,16,16,66,85,85,85],"floor_reached":44,"playtime":7439,"items_purged":["Survivor","Strike_G"],"score":460,"play_id":"b07f3df8-35e5-4b9c-af9d-e27c7bf72f77","local_time":"20181008010412","is_ascension_mode":false,"campfire_choices":[{"floor":7.0,"key":"REST"},{"data":"Footwork","floor":15.0,"key":"SMITH"},{"floor":23,"key":"REST"},{"data":"Magnetism","floor":25,"key":"SMITH"},{"floor":32,"key":"REST"},{"floor":40,"key":"REST"}],"neow_cost":"","seed_source_timestamp":0,"circlet_count":0,"master_deck":["Defend_G","Defend_G","Defend_G","Defend_G","Strike_G","Strike_G","Strike_G","Neutralize","Endless Agony","Deadly Poison","Deadly Poison","Slice+1","Footwork+1","Flying Knee","Flying Knee","Flying Knee","Dodge and Roll","Dagger Spray","Deflect","Die Die Die","Deadly Poison+1","Dodge and Roll","Dagger Spray+1","Quick Slash","Magnetism+1","Dodge and Roll","Finisher","Noxious Fumes","Choke","Adrenaline","Flying Knee","Poisoned Stab+1","Leg Sweep+1","Noxious Fumes","Terror","Blur+1"],"special_seed":0,"relics":["Ring of the Snake","Happy Flower","Ninja Scroll","Lizard Tail","Red Mask","Bag of Marbles","Tiny House","PreservedInsect"],"potions_floor_usage":[19,29,33,35,35],"damage_taken":[{"damage":0.0,"enemies":"Cultist","floor":1.0,"turns":5.0},{"damage":0.0,"enemies":"Jaw Worm","floor":2.0,"turns":3.0},{"damage":0.0,"enemies":"Small Slimes","floor":3.0,"turns":4.0},{"damage":20.0,"enemies":"Lagavulin","floor":6.0,"turns":7.0},{"damage":0.0,"enemies":"Blue Slaver","floor":10.0,"turns":3.0},{"damage":0.0,"enemies":"Looter","floor":11.0,"turns":2.0},{"damage":1.0,"enemies":"Lots of Slimes","floor":13.0,"turns":5.0},{"damage":52.0,"enemies":"Hexaghost","floor":16.0,"turns":10.0},{"damage":10,"enemies":"Spheric Guardian","floor":18,"turns":3},{"damage":0,"enemies":"3 Byrds","floor":19,"turns":3},{"damage":19,"enemies":"Masked Bandits","floor":20,"turns":5},{"damage":5,"enemies":"3 Cultists","floor":21,"turns":4},{"damage":2,"enemies":"Centurion and Healer","floor":27,"turns":2},{"damage":19,"enemies":"Sentry and Sphere","floor":28,"turns":5},{"damage":13,"enemies":"Cultist and Chosen","floor":29,"turns":5},{"damage":72,"enemies":"Champ","floor":33,"turns":13},{"damage":23,"enemies":"3 Darklings","floor":35,"turns":4},{"damage":47,"enemies":"3 Shapes","floor":37,"turns":3},{"damage":57,"enemies":"Mysterious Sphere","floor":41,"turns":6},{"damage":12,"enemies":"Spire Growth","floor":42,"turns":4},{"damage":3,"enemies":"2 Orb Walkers","floor":44,"turns":1}],"seed_played":"-3742874363222134600","potions_obtained":[{"floor":1.0,"key":"PowerPotion"},{"floor":2.0,"key":"GamblersBrew"},{"floor":8.0,"key":"Ancient Potion"},{"floor":8.0,"key":"FairyPotion"},{"floor":8.0,"key":"Weak Potion"},{"floor":10.0,"key":"SpeedPotion"},{"floor":16.0,"key":"Swift Potion"},{"floor":21,"key":"SpeedPotion"},{"floor":34,"key":"Strength Potion"}],"is_trial":false,"path_per_floor":["M","M","M","?","$","E","R","?","T","M","M","?","M","$","R","B",null,"M","M","?","M","$","R","?","R","T","M","M","M","$","?","R","B",null,"M","$","M","?","$","R","?","M","T"],"character_chosen":"THE_SILENT","items_purchased":["Slice","Footwork","Flying Knee","Deflect","Magnetism","Dodge and Roll","Strength Potion","Noxious Fumes"],"campfire_rested":4,"item_purchase_floors":[5,5,5,14,22,22,30,39],"current_hp_per_floor":[70,70,70,70,70,50,70,70,70,70,70,70,69,69,69,17,70,60,60,41,36,36,57,70,70,70,68,49,36,36,36,57,7,75,52,52,5,5,5,27,15,3,3,0],"gold":85,"neow_bonus":"","is_prod":false,"is_daily":false,"chose_seed":false,"campfire_upgraded":2,"win_rate":0.0,"timestamp":1538949852,"path_taken":["M","?","M","?","$","E","R","?","T","?","M","?","?","$","R","BOSS","M","M","?","M","$","R","?","R","T","M","M","M","$","?","R","BOSS","M","$","M","?","$","R","?","M","T","E"],"build_version":"2018-10-04v2","purchased_purges":2,"victory":false,"max_hp_per_floor":[70,70,70,70,70,70,70,70,70,70,70,70,70,70,70,70,70,70,70,70,70,70,70,70,70,70,70,70,70,70,70,70,70,75,75,75,75,75,75,75,75,75,75,75],"card_choices":[{"not_picked":["Escape Plan","Prepared"],"picked":"Endless Agony","floor":1.0},{"not_picked":["Slice","Terror"],"picked":"Deadly Poison","floor":2.0},{"not_picked":["Reflex","Outmaneuver"],"picked":"Deadly Poison","floor":3.0},{"not_picked":["Bullet Time","Riddle With Holes"],"picked":"Flying Knee","floor":6.0},{"not_picked":["Skewer","Acrobatics"],"picked":"Flying Knee","floor":10.0},{"not_picked":["Distraction","Poisoned Stab"],"picked":"Dodge and Roll","floor":11.0},{"not_picked":["Outmaneuver","Blade Dance"],"picked":"Dagger Spray","floor":13.0},{"not_picked":["Night Terror","Tools of the Trade"],"picked":"Die Die Die","floor":16.0},{"not_picked":["Tactician","Acrobatics"],"picked":"Deadly Poison+1","floor":18},{"not_picked":["Deflect","Dagger Throw"],"picked":"Dodge and Roll","floor":19},{"not_picked":["Masterful Stab","Predator"],"picked":"Dagger Spray+1","floor":20},{"not_picked":["Prepared","Acrobatics"],"picked":"Quick Slash","floor":21},{"not_picked":["Night Terror","Predator"],"picked":"Finisher","floor":27},{"not_picked":["Acrobatics","Backflip"],"picked":"Noxious Fumes","floor":28},{"not_picked":["Slice","Deadly Poison"],"picked":"Choke","floor":29},{"not_picked":["Venomology","Envenom"],"picked":"Adrenaline","floor":33},{"not_picked":["All Out Attack","Masterful Stab"],"picked":"Flying Knee","floor":34},{"not_picked":["PiercingWail+1","Dodge and Roll"],"picked":"Poisoned Stab+1","floor":35},{"not_picked":["Quick Slash+1","All Out Attack+1"],"picked":"Leg Sweep+1","floor":37},{"not_picked":["Footwork","Poisoned Stab"],"picked":"Terror","floor":41},{"not_picked":["Underhanded Strike+1","Choke"],"picked":"Blur+1","floor":42}],"player_experience":3498,"relics_obtained":[{"floor":6.0,"key":"Happy Flower"},{"floor":9.0,"key":"Ninja Scroll"},{"floor":20,"key":"Red Mask"},{"floor":26,"key":"Bag of Marbles"},{"floor":43,"key":"PreservedInsect"}],"event_choices":[{"event_name":"Scrap Ooze","player_choice":"unsuccessful","floor":4.0,"damage_taken":0.0},{"event_name":"The Lab","player_choice":"Got Potions","floor":8.0,"damage_taken":0.0},{"event_name":"Living Wall","player_choice":"Forget","floor":12.0,"damage_taken":0.0},{"event_name":"Masked Bandits","player_choice":"Fought Bandits","floor":20,"damage_taken":0},{"event_name":"The Library","player_choice":"Heal","floor":24,"damage_taken":0},{"event_name":"Ghosts","player_choice":"Ignored","floor":31,"damage_taken":0},{"event_name":"Falling","player_choice":"Removed Skill","floor":38,"damage_taken":0},{"event_name":"Mysterious Sphere","player_choice":"Fight","floor":41,"damage_taken":0}],"is_beta":false,"boss_relics":[{"not_picked":["White Beast Statue","Fusion Hammer"],"picked":"Lizard Tail"},{"not_picked":["Sozu","Cursed Key"],"picked":"Tiny House"}],"items_purged_floors":[14,36],"is_endless":false,"potions_floor_spawned":[1,2,10,16,18,21,28],"killed_by":"2 Orb Walkers","ascension_level":0}