{"gold_per_floor":[110,110,126,26,37,37,56,82,82,113,132,146,146,181,181,282,282,292,192,192,67,78,78,78,78],"floor_reached":25,"playtime":3110,"items_purged":["Strike_R","Perfected Strike","Whirlwind"],"score":254,"play_id":"ade20cde-ddfc-4a6f-ba42-3ee78e93584c","local_time":"20190511194414","is_ascension_mode":true,"campfire_choices":[{"data":"Uppercut","floor":6.0,"key":"SMITH"},{"floor":13.0,"key":"REST"},{"floor":15.0,"key":"REST"},{"data":"Seeing Red","floor":23.0,"key":"SMITH"}],"neow_cost":"PERCENT_DAMAGE","seed_source_timestamp":0,"circlet_count":0,"master_deck":["Bash","Limit Break","Uppercut+1","Shrug It Off","Heavy Blade","Whirlwind","Flame Barrier","Seeing Red+1","Double Tap","Feed","Infernal Blade","Feel No Pain","Cleave","Bloodletting","Rupture"],"special_seed":0,"relics":["Burning Blood","Self Forming Clay","Calipers","Potion Belt","Pandora\u0027s Box"],"potions_floor_usage":[],"damage_taken":[{"damage":3.0,"enemies":"2 Louse","floor":1.0,"turns":4.0},{"damage":4.0,"enemies":"Cultist","floor":3.0,"turns":3.0},{"damage":3.0,"enemies":"Jaw Worm","floor":5.0,"turns":3.0},{"damage":10.0,"enemies":"2 Fungi Beasts","floor":7.0,"turns":5.0},{"damage":37.0,"enemies":"3 Sentries","floor":8.0,"turns":11.0},{"damage":28.0,"enemies":"Lagavulin","floor":10.0,"turns":8.0},{"damage":5.0,"enemies":"3 Louse","floor":11.0,"turns":3.0},{"damage":1.0,"enemies":"Red Slaver","floor":12.0,"turns":3.0},{"damage":34.0,"enemies":"Gremlin Nob","floor":14.0,"turns":5.0},{"damage":31.0,"enemies":"The Guardian","floor":16.0,"turns":14.0},{"damage":22.0,"enemies":"2 Thieves","floor":18.0,"turns":3.0},{"damage":36.0,"enemies":"Colosseum Slavers","floor":20.0,"turns":6.0},{"damage":11.0,"enemies":"Shell Parasite","floor":22.0,"turns":5.0},{"damage":41,"enemies":"Centurion and Healer","floor":25,"turns":10}],"seed_played":"1547300654427769573","potions_obtained":[{"floor":3.0,"key":"Poison Potion"},{"floor":10.0,"key":"PowerPotion"},{"floor":11.0,"key":"LiquidBronze"},{"floor":16.0,"key":"Fire Potion"},{"floor":22.0,"key":"LiquidBronze"}],"is_trial":false,"path_per_floor":["M","?","M","$","M","R","M","E","T","E","M","M","R","E","R","B",null,"M","$","?","$","M","R","?","M"],"character_chosen":"IRONCLAD","items_purchased":["Heavy Blade"],"campfire_rested":2,"item_purchase_floors":[4],"current_hp_per_floor":[59,59,61,61,64,64,60,29,29,7,8,13,37,9,33,8,80,67,67,40,40,35,35,35,0],"gold":78,"neow_bonus":"THREE_RARE_CARDS","is_prod":false,"is_daily":false,"chose_seed":false,"campfire_upgraded":2,"win_rate":0,"timestamp":1557618254,"path_taken":["M","?","M","$","M","R","M","E","T","E","?","M","R","E","R","BOSS","M","$","?","$","M","R","?","M"],"build_version":"2019-01-23","purchased_purges":3,"victory":false,"max_hp_per_floor":[80,80,80,80,80,80,80,80,80,80,80,80,80,80,80,80,80,83,83,86,86,86,86,86,86],"card_choices":[{"not_picked":["Bludgeon","Berserk"],"picked":"Limit Break","floor":0.0},{"not_picked":["Cleave","Anger"],"picked":"Uppercut","floor":1.0},{"not_picked":["Wild Strike","Thunderclap"],"picked":"Shrug It Off","floor":3.0},{"not_picked":["Blood for Blood","Wild Strike"],"picked":"Whirlwind","floor":5.0},{"not_picked":["Shockwave","Body Slam","Iron Wave"],"picked":"SKIP","floor":7.0},{"not_picked":["Perfected Strike","Headbutt"],"picked":"Flame Barrier","floor":8.0},{"not_picked":["True Grit","Searing Blow"],"picked":"Seeing Red","floor":10.0},{"not_picked":["Infernal Blade","Ghostly Armor","Whirlwind"],"picked":"SKIP","floor":11.0},{"not_picked":["Burning Pact","Intimidate"],"picked":"Double Tap","floor":12.0},{"not_picked":["Intimidate","True Grit","Shockwave"],"picked":"SKIP","floor":14.0},{"not_picked":["Searing Blow","True Grit","Rampage"],"picked":"SKIP","floor":18.0},{"not_picked":["Combust","Clash","Iron Wave"],"picked":"SKIP","floor":22.0}],"player_experience":258353,"relics_obtained":[{"floor":8.0,"key":"Self Forming Clay"},{"floor":10.0,"key":"Calipers"},{"floor":14.0,"key":"Potion Belt"}],"event_choices":[{"damage_healed":0.0,"max_hp_gain":0.0,"max_hp_loss":0.0,"gold_gain":0.0,"event_name":"The Woman in Blue","player_choice":"Bought 0 Potions","floor":2.0,"gold_loss":0.0,"damage_taken":0.0},{"damage_healed":0.0,"max_hp_gain":0.0,"max_hp_loss":0.0,"gold_gain":0.0,"event_name":"Colosseum","player_choice":"Fight","floor":20.0,"gold_loss":0.0,"damage_taken":0.0},{"damage_healed":0.0,"max_hp_gain":0.0,"max_hp_loss":0.0,"gold_gain":0.0,"event_name":"Colosseum","player_choice":"Fled From Nobs","floor":20.0,"gold_loss":0.0,"damage_taken":0.0},{"damage_healed":0.0,"max_hp_gain":0.0,"max_hp_loss":0.0,"gold_gain":0.0,"event_name":"The Mausoleum","player_choice":"Ignored","floor":24.0,"gold_loss":0.0,"damage_taken":0.0}],"is_beta":false,"boss_relics":[{"not_picked":["Mark of Pain","Busted Crown"],"picked":"Pandora\u0027s Box"}],"items_purged_floors":[4,19,21],"is_endless":false,"potions_floor_spawned":[3,10,11,16,20,22],"killed_by":"Centurion and Healer","ascension_level":3}