{"gold_per_floor":[117,117,69,83,102,136,64,78,78,103,123,123,140,140,140,244,294,311,63,80,80,80,80,80,100,100,100,119,131,163,262,262,361,361,374,374,391,401,418,434,434,434,482,482,582,214,214],"floor_reached":47,"playtime":4127,"items_purged":["Defend_G"],"score":484,"play_id":"fdd7914c-d91a-47dc-8f78-ec2e5aa9f1d1","local_time":"20190601155451","is_ascension_mode":false,"campfire_choices":[{"data":"A Thousand Cuts","floor":12,"key":"SMITH"},{"data":"Deadly Poison","floor":15,"key":"SMITH"},{"data":"Catalyst","floor":23,"key":"SMITH"},{"data":"Noxious Fumes","floor":27,"key":"SMITH"},{"floor":32,"key":"REST"},{"floor":41,"key":"REST"},{"data":"Well Laid Plans","floor":44,"key":"SMITH"}],"neow_cost":"NONE","seed_source_timestamp":1229076756997134,"circlet_count":0,"master_deck":["Defend_G+1","Defend_G","Defend_G","Defend_G+1","Strike_G+1","Strike_G+1","Survivor","Neutralize+1","Deadly Poison+1","Footwork+1","Cloak And Dagger","Backflip","Well Laid Plans+1","Cloak And Dagger","A Thousand Cuts+1","Catalyst+1","After Image+1","Noxious Fumes+1","Caltrops","Blur+1","Backflip","Infinite Blades+1","Burst","Endless Agony+1","Deadly Poison+1","Blade Dance+1","Crippling Poison+1","Metamorphosis","Calculated Gamble+1"],"relics":["Philosopher\u0027s Stone","Blue Candle","Paper Crane","Strawberry","Bottled Lightning","Tiny House","Letter Opener","War Paint","Whetstone","Astrolabe","Nunchaku","Centennial Puzzle","Bag of Marbles"],"potions_floor_usage":[10,24,30,37,47],"damage_taken":[{"damage":0,"enemies":"Jaw Worm","floor":1,"turns":4},{"damage":0,"enemies":"Cultist","floor":4,"turns":3},{"damage":0,"enemies":"Small Slimes","floor":5,"turns":4},{"damage":5,"enemies":"Lagavulin","floor":6,"turns":11},{"damage":0,"enemies":"Blue Slaver","floor":8,"turns":4},{"damage":38,"enemies":"Gremlin Nob","floor":10,"turns":6},{"damage":1,"enemies":"Large Slime","floor":11,"turns":5},{"damage":0,"enemies":"2 Fungi Beasts","floor":13,"turns":3},{"damage":10,"enemies":"Hexaghost","floor":16,"turns":8},{"damage":2,"enemies":"Chosen","floor":18,"turns":6},{"damage":14,"enemies":"Spheric Guardian","floor":20,"turns":6},{"damage":0,"enemies":"Snecko","floor":24,"turns":3},{"damage":13,"enemies":"Centurion and Healer","floor":25,"turns":7},{"damage":9,"enemies":"Cultist and Chosen","floor":28,"turns":5},{"damage":11,"enemies":"Chosen and Byrds","floor":29,"turns":6},{"damage":4,"enemies":"Book of Stabbing","floor":30,"turns":5},{"damage":4,"enemies":"Collector","floor":33,"turns":9},{"damage":14,"enemies":"3 Shapes","floor":35,"turns":4},{"damage":15,"enemies":"3 Darklings","floor":37,"turns":6},{"damage":8,"enemies":"4 Shapes","floor":38,"turns":4},{"damage":14,"enemies":"Spire Growth","floor":39,"turns":5},{"damage":28,"enemies":"3 Darklings","floor":40,"turns":4},{"damage":5,"enemies":"Mind Bloom Boss Battle","floor":45,"turns":5},{"damage":82,"enemies":"Reptomancer","floor":47,"turns":5}],"seed_played":"1956233939867636411","potions_obtained":[{"floor":1,"key":"FearPotion"},{"floor":8,"key":"FearPotion"},{"floor":11,"key":"Strength Potion"},{"floor":17,"key":"SmokeBomb"},{"floor":28,"key":"FearPotion"},{"floor":30,"key":"AttackPotion"},{"floor":38,"key":"SteroidPotion"},{"floor":45,"key":"LiquidBronze"}],"is_trial":false,"path_per_floor":["M","?","$","M","M","E","$","M","T","E","M","R","M","T","R","B",null,"M","$","M","?","?","R","M","M","T","R","M","M","E","?","R","B",null,"M","?","M","M","M","M","R","?","T","R","?","$","E"],"character_chosen":"THE_SILENT","items_purchased":["Deadly Poison","Well Laid Plans","Letter Opener","Centennial Puzzle","Bag of Marbles"],"campfire_rested":2,"item_purchase_floors":[3,7,19,46,46],"current_hp_per_floor":[70,70,70,70,70,65,65,65,65,34,33,33,33,33,33,23,82,80,80,66,50,50,50,50,37,37,37,28,17,13,13,39,35,87,73,73,58,50,36,8,34,76,76,76,71,71,0],"gold":214,"neow_bonus":"BOSS_RELIC","is_prod":false,"is_daily":false,"chose_seed":false,"campfire_upgraded":5,"win_rate":0,"timestamp":1559429691,"path_taken":["M","?","$","M","M","E","$","M","T","E","M","R","M","?","R","BOSS","M","$","M","?","?","R","?","M","T","R","M","M","E","?","R","BOSS","M","?","M","M","M","M","R","?","T","R","?","$","E"],"build_version":"2019-01-23","purchased_purges":1,"victory":false,"max_hp_per_floor":[70,70,70,70,70,70,70,70,70,77,77,77,77,77,77,77,82,82,82,82,87,87,87,87,87,87,87,87,87,87,87,87,87,87,87,87,87,87,87,87,87,76,76,76,76,76,76],"card_choices":[{"not_picked":["Flechettes","Reflex","Deflect"],"picked":"SKIP","floor":1},{"not_picked":["Backflip","Blur"],"picked":"Footwork","floor":4},{"not_picked":["Predator","Accuracy"],"picked":"Cloak And Dagger","floor":5},{"not_picked":["Reflex","Bane"],"picked":"Backflip","floor":6},{"not_picked":["Slice","Deflect"],"picked":"Cloak And Dagger","floor":8},{"not_picked":["Backflip","Reflex"],"picked":"A Thousand Cuts","floor":10},{"not_picked":["Prepared","Riddle With Holes","Masterful Stab"],"picked":"SKIP","floor":11},{"not_picked":["Dagger Throw","Caltrops"],"picked":"Catalyst","floor":13},{"not_picked":["Bullet Time","Storm of Steel"],"picked":"After Image","floor":16},{"not_picked":["Slice","Dodge and Roll"],"picked":"Noxious Fumes","floor":17},{"not_picked":["Sucker Punch","Flechettes"],"picked":"Caltrops","floor":18},{"not_picked":["Dash","Deflect","Masterful Stab"],"picked":"SKIP","floor":20},{"not_picked":["Underhanded Strike+1","All Out Attack+1"],"picked":"Blur+1","floor":25},{"not_picked":["Flying Knee+1","Dagger Throw+1"],"picked":"Backflip","floor":28},{"not_picked":["Acrobatics","Deadly Poison","Dodge and Roll"],"picked":"SKIP","floor":29},{"not_picked":["Well Laid Plans","PiercingWail"],"picked":"Infinite Blades+1","floor":30},{"not_picked":["Wraith Form v2","Night Terror"],"picked":"Burst","floor":33},{"not_picked":["Tactician","Deadly Poison+1"],"picked":"Crippling Poison+1","floor":35},{"not_picked":["PanicButton","Purity"],"picked":"Metamorphosis","floor":36},{"not_picked":["Deadly Poison","PiercingWail+1","Flying Knee"],"picked":"SKIP","floor":37},{"not_picked":["PiercingWail+1","Concentrate+1","Poisoned Stab+1"],"picked":"SKIP","floor":38},{"not_picked":["Blade Dance","Quick Slash","Phantasmal Killer"],"picked":"SKIP","floor":39},{"not_picked":["Poisoned Stab","Underhanded Strike"],"picked":"Calculated Gamble+1","floor":40}],"player_experience":173141,"relics_obtained":[{"floor":6,"key":"Blue Candle"},{"floor":9,"key":"Paper Crane"},{"floor":10,"key":"Strawberry"},{"floor":14,"key":"Bottled Lightning"},{"floor":26,"key":"War Paint"},{"floor":30,"key":"Whetstone"},{"floor":45,"key":"Nunchaku"}],"event_choices":[{"damage_healed":0,"gold_gain":0,"player_choice":"Grow","damage_taken":0,"max_hp_gain":0,"max_hp_loss":0,"event_name":"Living Wall","floor":2,"gold_loss":0,"cards_upgraded":["Neutralize"]},{"damage_healed":0,"gold_gain":0,"player_choice":"Shed Blood","damage_taken":21,"max_hp_gain":5,"max_hp_loss":0,"event_name":"Forgotten Altar","floor":21,"gold_loss":0},{"damage_healed":0,"gold_gain":0,"player_choice":"Upgraded","damage_taken":0,"max_hp_gain":0,"max_hp_loss":0,"event_name":"Upgrade Shrine","floor":22,"gold_loss":0,"cards_upgraded":["After Image"]},{"damage_healed":0,"gold_gain":99,"player_choice":"Stole From Cult","damage_taken":0,"max_hp_gain":0,"max_hp_loss":0,"event_name":"Nest","floor":31,"gold_loss":0},{"damage_healed":0,"gold_gain":0,"player_choice":"Memory 1","damage_taken":0,"max_hp_gain":0,"max_hp_loss":0,"event_name":"SensoryStone","floor":36,"gold_loss":0},{"damage_healed":76,"gold_gain":0,"player_choice":"Heal","damage_taken":0,"max_hp_gain":0,"max_hp_loss":11,"event_name":"The Moai Head","floor":42,"gold_loss":0},{"damage_healed":0,"gold_gain":0,"player_choice":"Fight","damage_taken":0,"max_hp_gain":0,"max_hp_loss":0,"event_name":"MindBloom","floor":45,"gold_loss":0}],"is_beta":false,"boss_relics":[{"not_picked":["Lizard Tail","Coffee Dripper"],"picked":"Tiny House"},{"not_picked":["Runic Dome","Snecko Eye"],"picked":"Astrolabe"}],"items_purged_floors":[46],"is_endless":false,"potions_floor_spawned":[1,8,11,24,28,30,38,45],"killed_by":"Reptomancer","ascension_level":0}