{"gold_per_floor":[11,11,31,50,73,73,109,109,109,109,132,132,148,148,148,148],"floor_reached":16,"playtime":402,"items_purged":[],"score":194,"play_id":"f7b26552-7e7f-4297-b131-60251b358c3e","local_time":"20190526144214","is_ascension_mode":true,"campfire_choices":[{"data":"True Grit","floor":6.0,"key":"SMITH"},{"data":"Havoc","floor":8.0,"key":"SMITH"},{"data":"Immolate","floor":10.0,"key":"SMITH"},{"data":"Bash","floor":12.0,"key":"SMITH"},{"data":"Clash","floor":15.0,"key":"SMITH"}],"neow_cost":"NO_GOLD","seed_source_timestamp":159220409201600,"circlet_count":0,"master_deck":["AscendersBane","Strike_R","Strike_R","Strike_R","Strike_R","Defend_R","Defend_R","Defend_R","Defend_R","Bash+1","Immolate+1","True Grit+1","Clash+1","Thunderclap","Spot Weakness","Havoc+1","Pommel Strike+1","Feel No Pain"],"special_seed":0,"relics":["Burning Blood","Golden Idol","Molten Egg 2","Bottled Flame"],"potions_floor_usage":[16],"damage_taken":[{"damage":7.0,"enemies":"Jaw Worm","floor":1.0,"turns":3.0},{"damage":0.0,"enemies":"Cultist","floor":3.0,"turns":4.0},{"damage":0.0,"enemies":"2 Louse","floor":4.0,"turns":2.0},{"damage":20.0,"enemies":"Large Slime","floor":5.0,"turns":6.0},{"damage":34.0,"enemies":"Gremlin Nob","floor":7.0,"turns":4.0},{"damage":0.0,"enemies":"Lots of Slimes","floor":11.0,"turns":1.0},{"damage":0.0,"enemies":"Gremlin Gang","floor":13.0,"turns":1.0},{"damage":26,"enemies":"Slime Boss","floor":16,"turns":3}],"seed_played":"6196170615255779047","potions_obtained":[{"floor":3.0,"key":"FearPotion"},{"floor":7.0,"key":"SkillPotion"},{"floor":11.0,"key":"EssenceOfSteel"}],"is_trial":false,"path_per_floor":["M","?","M","M","M","R","E","R","T","R","M","R","M","?","R","B"],"character_chosen":"IRONCLAD","items_purchased":[],"campfire_rested":0,"item_purchase_floors":[],"current_hp_per_floor":[67,41,47,53,39,39,11,11,11,11,17,17,23,23,23,0],"gold":148,"neow_bonus":"THREE_RARE_CARDS","is_prod":false,"is_daily":false,"chose_seed":false,"campfire_upgraded":5,"win_rate":0,"timestamp":1558896134,"path_taken":["M","?","M","M","M","R","E","R","T","R","M","R","M","?","R","BOSS"],"build_version":"2019-05-24v2","purchased_purges":0,"victory":false,"max_hp_per_floor":[75,75,75,75,75,75,75,75,75,75,75,75,75,75,75,75],"card_choices":[{"not_picked":["Juggernaut","Double Tap"],"picked":"Immolate","floor":0.0},{"not_picked":["Perfected Strike","Wild Strike"],"picked":"True Grit","floor":1.0},{"not_picked":["Headbutt","Seeing Red"],"picked":"Clash","floor":3.0},{"not_picked":["Sword Boomerang","Shrug It Off"],"picked":"Thunderclap","floor":4.0},{"not_picked":["Sword Boomerang","Armaments"],"picked":"Spot Weakness","floor":5.0},{"not_picked":["Perfected Strike","Corruption"],"picked":"Havoc","floor":7.0},{"not_picked":["Power Through","Fire Breathing"],"picked":"Pommel Strike+1","floor":11.0},{"not_picked":["Armaments","Searing Blow+1","Warcry"],"picked":"SKIP","floor":13.0}],"player_experience":726178,"relics_obtained":[{"floor":7.0,"key":"Molten Egg 2"},{"floor":9.0,"key":"Bottled Flame"}],"event_choices":[{"damage_healed":0.0,"max_hp_gain":0.0,"max_hp_loss":0.0,"gold_gain":0.0,"event_name":"Golden Idol","player_choice":"Take Damage","floor":2.0,"gold_loss":0.0,"damage_taken":26.0,"relics_obtained":["Golden Idol"]},{"damage_healed":0.0,"max_hp_gain":0.0,"max_hp_loss":0.0,"gold_gain":0.0,"cards_transformed":["Strike_R"],"event_name":"Transmorgrifier","player_choice":"Transformed","floor":14.0,"gold_loss":0.0,"damage_taken":0.0,"cards_obtained":["Feel No Pain"]}],"is_beta":true,"boss_relics":[],"items_purged_floors":[],"is_endless":false,"potions_floor_spawned":[3,7,11],"killed_by":"Slime Boss","ascension_level":18}