{"gold_per_floor":[114,94,112,125,135,168,168,184,184,197,68,68,98,117,117,188,188,203,213,213,226,226],"floor_reached":22,"playtime":1183,"items_purged":["Parasite"],"score":395,"play_id":"ae1e3528-6e3e-44ae-ac8b-95dc72d3f400","local_time":"20190427220312","is_ascension_mode":true,"campfire_choices":[{"data":"Feed","floor":7.0,"key":"SMITH"},{"data":"Shrug It Off","floor":12.0,"key":"SMITH"},{"floor":15,"key":"REST"}],"neow_cost":"CURSE","seed_source_timestamp":387822366700300,"circlet_count":0,"master_deck":["AscendersBane","Strike_R+1","Strike_R","Strike_R+1","Strike_R","Strike_R","Defend_R","Defend_R","Defend_R","Defend_R","Bash","Clothesline","Rampage","Sever Soul","Feed+1","Disarm","Shrug It Off+1","Double Tap","Clash","Feed","Clash+1","Battle Trance"],"special_seed":0,"relics":["Burning Blood","Whetstone","Art of War","Ancient Tea Set","Sozu"],"potions_floor_usage":[16,18],"damage_taken":[{"damage":2.0,"enemies":"Cultist","floor":1.0,"turns":4.0},{"damage":4.0,"enemies":"Jaw Worm","floor":3.0,"turns":3.0},{"damage":10.0,"enemies":"Small Slimes","floor":4.0,"turns":3.0},{"damage":19.0,"enemies":"2 Fungi Beasts","floor":5.0,"turns":4.0},{"damage":18.0,"enemies":"Gremlin Nob","floor":6.0,"turns":4.0},{"damage":9.0,"enemies":"3 Louse","floor":8.0,"turns":4.0},{"damage":12.0,"enemies":"Looter","floor":10.0,"turns":3.0},{"damage":48,"enemies":"3 Sentries","floor":13,"turns":10},{"damage":10,"enemies":"Blue Slaver","floor":14,"turns":5},{"damage":35,"enemies":"Hexaghost","floor":16,"turns":12},{"damage":29,"enemies":"Shell Parasite","floor":18,"turns":5},{"damage":8,"enemies":"Chosen","floor":19,"turns":4},{"damage":47,"enemies":"Shelled Parasite and Fungi","floor":21,"turns":6},{"damage":49,"enemies":"Cultist and Chosen","floor":22,"turns":5}],"seed_played":"1934378005078712475","potions_obtained":[{"floor":2.0,"key":"Weak Potion"},{"floor":3.0,"key":"Strength Potion"},{"floor":4.0,"key":"Swift Potion"},{"floor":5.0,"key":"Explosive Potion"},{"floor":14,"key":"Fire Potion"},{"floor":16,"key":"Regen Potion"}],"is_trial":false,"path_per_floor":["M","?","M","M","M","E","R","M","T","M","$","R","E","M","R","B",null,"M","M","?","M","M"],"character_chosen":"IRONCLAD","items_purchased":["Shrug It Off"],"campfire_rested":1,"item_purchase_floors":[11],"current_hp_per_floor":[86,86,88,84,71,59,59,60,60,58,58,58,16,12,40,11,73,67,65,65,27,0],"gold":226,"neow_bonus":"TWENTY_PERCENT_HP_BONUS","is_prod":false,"is_daily":false,"chose_seed":false,"campfire_upgraded":2,"win_rate":0,"timestamp":1556416992,"path_taken":["M","?","M","M","M","E","R","M","T","M","?","R","E","M","R","BOSS","M","M","?","?","M"],"build_version":"2019-04-23","purchased_purges":1,"victory":false,"max_hp_per_floor":[89,89,89,89,89,89,89,93,93,97,94,94,94,94,94,94,94,97,97,97,100,103],"card_choices":[{"not_picked":["Havoc","Evolve"],"picked":"Clothesline","floor":1.0},{"not_picked":["Battle Trance","Pummel"],"picked":"Rampage","floor":3.0},{"not_picked":["Perfected Strike","Sword Boomerang"],"picked":"Sever Soul","floor":4.0},{"not_picked":["Armaments","Flex","Feel No Pain"],"picked":"SKIP","floor":5.0},{"not_picked":["Pummel","Warcry"],"picked":"Feed","floor":6.0},{"not_picked":["Body Slam","Pommel Strike"],"picked":"Disarm","floor":8.0},{"not_picked":["Wild Strike","Uppercut","Warcry"],"picked":"SKIP","floor":10.0},{"not_picked":["Flex","Wild Strike"],"picked":"Double Tap","floor":13},{"not_picked":["Cleave","Pommel Strike"],"picked":"Clash","floor":14},{"not_picked":["Reaper","Brutality"],"picked":"Feed","floor":16},{"not_picked":["Bloodletting","Fire Breathing"],"picked":"Clash+1","floor":18},{"not_picked":["Wild Strike","Anger","Sentinel"],"picked":"SKIP","floor":19},{"not_picked":["Havoc","Perfected Strike+1"],"picked":"Battle Trance","floor":21}],"player_experience":684820,"relics_obtained":[{"floor":6.0,"key":"Whetstone"},{"floor":9.0,"key":"Art of War"},{"floor":13,"key":"Ancient Tea Set"}],"event_choices":[{"damage_healed":0.0,"max_hp_gain":0.0,"max_hp_loss":0.0,"gold_gain":0.0,"event_name":"The Woman in Blue","player_choice":"Bought 1 Potion","floor":2.0,"gold_loss":0.0,"damage_taken":0.0},{"damage_healed":0,"gold_gain":0,"player_choice":"Got Potions","damage_taken":0,"max_hp_gain":0,"max_hp_loss":0,"event_name":"Lab","floor":20,"gold_loss":0}],"is_beta":true,"boss_relics":[{"not_picked":["Lizard Tail","Astrolabe"],"picked":"Sozu"}],"items_purged_floors":[11],"is_endless":false,"potions_floor_spawned":[3,4,5,14,16,18,19],"killed_by":"Cultist and Chosen","ascension_level":17}