{"gold_per_floor":[110,110,260,24,38,65,82,95,149,183,194,194,253,272,272,344,344,355,41,55,55],"floor_reached":21,"playtime":1655,"items_purged":["Doubt"],"score":407,"play_id":"4b2922c9-63c4-405f-98df-ef10996cdfd4","local_time":"20190527233838","is_ascension_mode":true,"campfire_choices":[{"floor":12,"key":"REST"},{"floor":15,"key":"REST"}],"neow_cost":"NONE","seed_source_timestamp":704629249592097,"circlet_count":0,"master_deck":["AscendersBane","Defend_G","Defend_G","Defend_G","Defend_G","Defend_G","Strike_G","Strike_G","Strike_G","Strike_G","Strike_G","Survivor","Neutralize+1","Dagger Spray","Backflip","Catalyst","Sucker Punch","Well Laid Plans","Die Die Die","Deadly Poison","Bouncing Flask","Infinite Blades","Doppelganger","Acrobatics","Backflip"],"relics":["Ring of the Snake","NeowsBlessing","Snake Skull","Blue Candle","Blood Vial","Dream Catcher","Tiny Chest","Fusion Hammer","Bottled Tornado"],"potions_floor_usage":[10,13,14,16],"damage_taken":[{"damage":0,"enemies":"2 Louse","floor":1,"turns":1},{"damage":0,"enemies":"Small Slimes","floor":5,"turns":1},{"damage":0,"enemies":"Gremlin Nob","floor":6,"turns":1},{"damage":0,"enemies":"Jaw Worm","floor":7,"turns":4},{"damage":2,"enemies":"3 Louse","floor":8,"turns":4},{"damage":44,"enemies":"Lagavulin","floor":10,"turns":11},{"damage":6,"enemies":"Exordium Thugs","floor":11,"turns":3},{"damage":12,"enemies":"3 Sentries","floor":13,"turns":5},{"damage":2,"enemies":"Exordium Wildlife","floor":14,"turns":4},{"damage":15,"enemies":"Hexaghost","floor":16,"turns":8},{"damage":13,"enemies":"Spheric Guardian","floor":18,"turns":4},{"damage":12,"enemies":"Shell Parasite","floor":20,"turns":5},{"damage":49,"enemies":"Sentry and Sphere","floor":21,"turns":6}],"seed_played":"7985634833692711548","potions_obtained":[{"floor":1,"key":"Regen Potion"},{"floor":7,"key":"Regen Potion"},{"floor":10,"key":"Explosive Potion"},{"floor":13,"key":"Fire Potion"},{"floor":16,"key":"SpeedPotion"},{"floor":20,"key":"SteroidPotion"}],"is_trial":false,"path_per_floor":["M","?","?","$","M","E","M","M","T","E","M","R","E","M","R","B",null,"M","$","M","M"],"character_chosen":"THE_SILENT","items_purchased":["Snake Skull","Bottled Tornado","Backflip"],"campfire_rested":2,"item_purchase_floors":[4,19,19],"current_hp_per_floor":[59,59,59,59,59,59,59,57,57,30,26,45,35,35,54,56,64,53,53,43,0],"gold":55,"neow_bonus":"THREE_ENEMY_KILL","is_prod":false,"is_daily":false,"chose_seed":false,"campfire_upgraded":0,"win_rate":0,"timestamp":1559025518,"path_taken":["M","?","?","$","M","E","M","M","T","E","M","R","E","M","R","BOSS","M","$","M","M"],"build_version":"2019-01-23","purchased_purges":1,"victory":false,"max_hp_per_floor":[66,66,66,66,66,66,66,66,66,66,66,66,66,66,66,66,66,66,66,66,66],"card_choices":[{"not_picked":["Expertise","Choke"],"picked":"Dagger Spray","floor":1},{"not_picked":["Concentrate","Prepared"],"picked":"Backflip","floor":5},{"not_picked":["Burst","A Thousand Cuts"],"picked":"Catalyst","floor":6},{"not_picked":["Prepared","Dagger Spray"],"picked":"Sucker Punch","floor":7},{"not_picked":["Infinite Blades","Distraction"],"picked":"Well Laid Plans","floor":8},{"not_picked":["Backstab","Leg Sweep"],"picked":"Die Die Die","floor":10},{"not_picked":["Caltrops","Dodge and Roll","Outmaneuver"],"picked":"SKIP","floor":11},{"not_picked":["Reflex","Deflect"],"picked":"Deadly Poison","floor":12},{"not_picked":["Quick Slash","Slice"],"picked":"Bouncing Flask","floor":13},{"not_picked":["Outmaneuver","Reflex","Accuracy"],"picked":"SKIP","floor":14},{"not_picked":["Outmaneuver","Reflex"],"picked":"Infinite Blades","floor":15},{"not_picked":["Unload","Storm of Steel"],"picked":"Doppelganger","floor":16},{"not_picked":["Quick Slash","Backflip"],"picked":"Acrobatics","floor":18},{"not_picked":["Blade Dance","Expertise","Dagger Throw"],"picked":"SKIP","floor":20}],"player_experience":497034,"relics_obtained":[{"floor":6,"key":"Blue Candle"},{"floor":9,"key":"Blood Vial"},{"floor":10,"key":"Dream Catcher"},{"floor":13,"key":"Tiny Chest"}],"event_choices":[{"damage_healed":0,"gold_gain":0,"player_choice":"Grow","damage_taken":0,"max_hp_gain":0,"max_hp_loss":0,"event_name":"Living Wall","floor":2,"gold_loss":0,"cards_upgraded":["Neutralize"]},{"damage_healed":0,"gold_gain":150,"player_choice":"AGREE","damage_taken":0,"max_hp_gain":0,"max_hp_loss":0,"event_name":"Liars Game","floor":3,"gold_loss":0,"cards_obtained":["Doubt"]}],"is_beta":false,"boss_relics":[{"not_picked":["HoveringKite","Ring of the Serpent"],"picked":"Fusion Hammer"}],"items_purged_floors":[4],"is_endless":false,"potions_floor_spawned":[1,7,8,10,13,16,20],"killed_by":"Sentry and Sphere","ascension_level":16}