{"gold_per_floor":[368,60,72,87,37,49,60,74,74,74,85,85,85,99,99,194,194,194,194,194,194,194,194,194],"floor_reached":24,"playtime":1263,"items_purged":[],"score":242,"play_id":"979bc514-0a79-4259-b7ea-aa238615f417","local_time":"20181207190239","is_ascension_mode":false,"campfire_choices":[{"data":"Zap","floor":10,"key":"SMITH"},{"data":"Double Energy","floor":12,"key":"SMITH"},{"data":"Conserve Battery","floor":15,"key":"SMITH"},{"floor":23,"key":"REST"}],"neow_cost":"TEN_PERCENT_HP_LOSS","seed_source_timestamp":363444309282264,"circlet_count":0,"master_deck":["Strike_B","Strike_B","Strike_B","Strike_B","Defend_B","Defend_B","Defend_B","Zap+1","Dualcast","Conserve Battery+1","BootSequence","Glacier","Double Energy+1","Coolheaded","Sweeping Beam","Tempest","Consume","Necronomicurse","Turbo+1"],"relics":["Cracked Core","FossilizedHelix","Vajra","Dodecahedron","Ectoplasm","Necronomicon"],"potions_floor_usage":[7,16,22,24],"damage_taken":[{"damage":0,"enemies":"Cultist","floor":1,"turns":4},{"damage":0,"enemies":"2 Louse","floor":3,"turns":2},{"damage":0,"enemies":"Jaw Worm","floor":4,"turns":2},{"damage":0,"enemies":"Looter","floor":6,"turns":4},{"damage":0,"enemies":"Exordium Wildlife","floor":7,"turns":6},{"damage":0,"enemies":"Blue Slaver","floor":8,"turns":3},{"damage":0,"enemies":"Looter","floor":11,"turns":4},{"damage":0,"enemies":"3 Louse","floor":14,"turns":3},{"damage":0,"enemies":"The Guardian","floor":16,"turns":16},{"damage":0,"enemies":"Chosen","floor":18,"turns":2},{"damage":0,"enemies":"Shell Parasite","floor":19,"turns":6},{"damage":17,"enemies":"Snecko","floor":22,"turns":7},{"damage":57,"enemies":"Book of Stabbing","floor":24,"turns":11}],"seed_played":"542362747747666389","potions_obtained":[{"floor":1,"key":"SteroidPotion"},{"floor":3,"key":"Strength Potion"},{"floor":4,"key":"SteroidPotion"},{"floor":14,"key":"Swift Potion"},{"floor":16,"key":"Weak Potion"}],"is_trial":false,"path_per_floor":["M","$","M","M","?","M","M","M","T","R","M","R","T","M","R","B",null,"M","M","?","?","M","R","E"],"character_chosen":"DEFECT","items_purchased":["FossilizedHelix"],"campfire_rested":1,"item_purchase_floors":[2],"current_hp_per_floor":[68,68,68,68,68,68,68,68,68,68,68,68,68,68,68,68,68,68,68,68,52,35,55,0],"gold":194,"neow_bonus":"TWO_FIFTY_GOLD","is_prod":false,"is_daily":false,"chose_seed":false,"campfire_upgraded":3,"win_rate":0,"timestamp":1544227359,"path_taken":["M","$","M","?","?","M","M","M","T","R","M","R","?","M","R","BOSS","M","M","?","?","M","R","E"],"build_version":"2018-12-06","purchased_purges":0,"victory":false,"max_hp_per_floor":[68,68,68,68,68,68,68,68,68,68,68,68,68,68,68,68,68,68,68,68,68,68,68,68],"card_choices":[{"not_picked":["Melter","Turbo"],"picked":"Conserve Battery","floor":1},{"not_picked":["Cold Snap","Double Energy"],"picked":"BootSequence","floor":3},{"not_picked":["Steam","Sweeping Beam"],"picked":"Glacier","floor":4},{"not_picked":["Ball Lightning","Leap"],"picked":"Double Energy","floor":6},{"not_picked":["Beam Cell","Stack"],"picked":"Coolheaded","floor":7},{"not_picked":["Redo","Ball Lightning"],"picked":"Sweeping Beam","floor":8},{"not_picked":["Redo","Hologram"],"picked":"Tempest","floor":11},{"not_picked":["Streamline","Cold Snap","Rainbow"],"picked":"SKIP","floor":14},{"not_picked":["Streamline","Recycle+1"],"picked":"Consume","floor":18},{"not_picked":["Conserve Battery+1","Sweeping Beam","Compile Driver"],"picked":"SKIP","floor":19},{"not_picked":["Stack","Recycle+1"],"picked":"Turbo+1","floor":22}],"player_experience":408519,"relics_obtained":[{"floor":9,"key":"Vajra"},{"floor":13,"key":"Dodecahedron"},{"floor":21,"key":"Necronomicon"}],"event_choices":[{"cards_removed":["Defend_B"],"damage_healed":0,"gold_gain":0,"player_choice":"Card Removal","damage_taken":0,"max_hp_gain":0,"max_hp_loss":0,"event_name":"The Cleric","floor":5,"gold_loss":50},{"damage_healed":0,"gold_gain":99,"player_choice":"Stole From Cult","damage_taken":0,"max_hp_gain":0,"max_hp_loss":0,"event_name":"Nest","floor":20,"gold_loss":0},{"damage_healed":0,"gold_gain":0,"player_choice":"Obtained Book","damage_taken":16,"max_hp_gain":0,"max_hp_loss":0,"event_name":"Cursed Tome","floor":21,"gold_loss":0}],"is_beta":true,"boss_relics":[{"not_picked":["Orrery","Runic Dome"],"picked":"Ectoplasm"}],"items_purged_floors":[],"is_endless":false,"potions_floor_spawned":[1,3,4,14,16],"killed_by":"Book of Stabbing","ascension_level":0}