{"gold_per_floor":[119,133,151,151,51,51,81,81,81,81,111,44,60,90,90,186,186,204,214,114,214,225,225,238,238,238,238,252,277,294,314,314,413,413,430,430,449,464,63,63,96,108,108,108,108,61,81,81,81,81],"floor_reached":50,"playtime":1870,"items_purged":["Strike_R","Strike_R","Wild Strike+1"],"score":552,"play_id":"0ce9ca7b-aca8-4692-a740-c756a542d6bc","local_time":"20190517115713","is_ascension_mode":false,"campfire_choices":[{"data":"Bash","floor":6,"key":"SMITH"},{"data":"True Grit","floor":8,"key":"SMITH"},{"data":"Wild Strike","floor":10,"key":"SMITH"},{"data":"Carnage","floor":15,"key":"SMITH"},{"data":"Limit Break","floor":23,"key":"SMITH"},{"data":"Inflame","floor":25,"key":"SMITH"},{"floor":27,"key":"REST"},{"data":"True Grit","floor":32,"key":"SMITH"},{"floor":40,"key":"REST"},{"floor":45,"key":"REST"},{"floor":49,"key":"REST"}],"neow_cost":"NONE","seed_source_timestamp":606469625364100,"circlet_count":0,"master_deck":["Strike_R","Strike_R","Defend_R","Defend_R","Defend_R","Defend_R","Bash+1","Evolve","Anger","True Grit+1","Dropkick+1","Carnage+1","Inflame+1","Limit Break+1","Cleave","Dropkick+1","Clash","Sword Boomerang+1","True Grit+1","Shrug It Off+1","Fiend Fire+1","Trip","Dropkick","Clash+1","Dropkick+1","Dark Shackles+1","Thunderclap","Clash+1"],"relics":["Burning Blood","Self Forming Clay","Paper Frog","Mummified Hand","Happy Flower","Pen Nib","Philosopher\u0027s Stone","Darkstone Periapt","Lantern","Sozu","Whetstone","Charon\u0027s Ashes","Toxic Egg 2","NlothsMask"],"potions_floor_usage":[18,19,33,38],"damage_taken":[{"damage":4,"enemies":"2 Louse","floor":1,"turns":3},{"damage":11,"enemies":"Jaw Worm","floor":2,"turns":2},{"damage":1,"enemies":"Cultist","floor":3,"turns":3},{"damage":21,"enemies":"Lagavulin","floor":7,"turns":5},{"damage":5,"enemies":"Looter","floor":13,"turns":3},{"damage":9,"enemies":"3 Sentries","floor":14,"turns":7},{"damage":19,"enemies":"The Guardian","floor":16,"turns":6},{"damage":17,"enemies":"3 Byrds","floor":18,"turns":4},{"damage":7,"enemies":"Chosen","floor":19,"turns":2},{"damage":15,"enemies":"Snake Plant","floor":22,"turns":2},{"damage":17,"enemies":"Centurion and Healer","floor":24,"turns":4},{"damage":5,"enemies":"3 Cultists","floor":28,"turns":4},{"damage":11,"enemies":"Book of Stabbing","floor":29,"turns":3},{"damage":19,"enemies":"Sentry and Sphere","floor":30,"turns":4},{"damage":0,"enemies":"Snecko","floor":31,"turns":3},{"damage":67,"enemies":"Collector","floor":33,"turns":7},{"damage":0,"enemies":"Orb Walker","floor":35,"turns":1},{"damage":26,"enemies":"3 Darklings","floor":37,"turns":3},{"damage":15,"enemies":"4 Shapes","floor":38,"turns":4},{"damage":14,"enemies":"Giant Head","floor":41,"turns":5},{"damage":36,"enemies":"Maw","floor":42,"turns":6},{"damage":37,"enemies":"Sphere and 2 Shapes","floor":47,"turns":4},{"damage":81,"enemies":"Time Eater","floor":50,"turns":7}],"seed_played":"-691239080341522890","potions_obtained":[{"floor":7,"key":"SteroidPotion"},{"floor":13,"key":"Poison Potion"},{"floor":18,"key":"SkillPotion"},{"floor":22,"key":"Regen Potion"},{"floor":28,"key":"FairyPotion"}],"is_trial":false,"path_per_floor":["M","M","M","?","$","R","E","R","T","R","?","$","M","E","R","B",null,"M","M","$","?","M","R","M","R","T","R","M","E","M","M","R","B",null,"M","?","M","M","$","R","E","M","T","?","R","$","M","?","R","B"],"character_chosen":"IRONCLAD","items_purchased":["True Grit","Dropkick","Trip","Dropkick","Whetstone","Thunderclap"],"campfire_rested":4,"item_purchase_floors":[5,12,39,39,39,46],"current_hp_per_floor":[80,75,80,77,77,77,62,62,62,62,62,62,63,60,60,47,80,69,68,68,68,59,59,48,48,48,72,73,68,55,61,61,15,80,80,80,60,51,51,75,67,37,37,37,61,61,30,30,54,0],"gold":81,"neow_bonus":"TRANSFORM_CARD","is_prod":false,"is_daily":false,"chose_seed":false,"campfire_upgraded":7,"win_rate":0,"timestamp":1558108633,"path_taken":["M","M","M","?","$","R","E","R","T","R","?","?","M","E","R","BOSS","M","M","$","?","M","R","M","R","T","R","M","E","M","M","R","BOSS","M","?","M","M","$","R","E","M","T","?","R","$","M","?","R","BOSS"],"build_version":"2019-05-07","purchased_purges":3,"victory":false,"max_hp_per_floor":[80,80,80,80,80,80,80,80,80,80,80,80,80,80,80,80,80,80,80,80,80,80,80,80,80,80,80,80,80,80,80,80,80,80,80,80,80,80,80,80,80,80,80,80,80,80,80,80,80,80],"card_choices":[{"not_picked":["Pommel Strike","Warcry"],"picked":"Wild Strike","floor":1},{"not_picked":["Flex","Headbutt","Sword Boomerang"],"picked":"SKIP","floor":2},{"not_picked":["Iron Wave","Wild Strike"],"picked":"Anger","floor":3},{"not_picked":["Impervious","Pommel Strike","Spot Weakness"],"picked":"SKIP","floor":7},{"not_picked":["Heavy Blade","Flex"],"picked":"Carnage","floor":13},{"not_picked":["Perfected Strike","Bludgeon"],"picked":"Inflame","floor":14},{"not_picked":["Exhume","Impervious"],"picked":"Limit Break","floor":16},{"not_picked":["Heavy Blade","Havoc"],"picked":"Cleave","floor":18},{"not_picked":["Infernal Blade","Body Slam"],"picked":"Dropkick+1","floor":19},{"not_picked":["Pommel Strike","Disarm"],"picked":"Clash","floor":22},{"not_picked":["Power Through","Carnage"],"picked":"Sword Boomerang+1","floor":24},{"not_picked":["Ghostly Armor","Offering"],"picked":"True Grit","floor":28},{"not_picked":["Clothesline+1","Twin Strike","Pommel Strike"],"picked":"SKIP","floor":29},{"not_picked":["Body Slam","Armaments"],"picked":"Shrug It Off+1","floor":30},{"not_picked":["Clothesline+1","Heavy Blade","Twin Strike"],"picked":"SKIP","floor":31},{"not_picked":["Juggernaut","Barricade"],"picked":"Fiend Fire","floor":33},{"not_picked":["Pommel Strike","Clothesline","Rage"],"picked":"SKIP","floor":35},{"not_picked":["Second Wind+1","Perfected Strike+1","Anger+1"],"picked":"SKIP","floor":37},{"not_picked":["Fire Breathing","Wild Strike+1","Intimidate"],"picked":"SKIP","floor":38},{"not_picked":["Bludgeon","Pommel Strike"],"picked":"Clash+1","floor":41},{"not_picked":["Heavy Blade","Cleave"],"picked":"Dropkick+1","floor":42},{"not_picked":["Transmutation+1","Dramatic Entrance"],"picked":"Dark Shackles+1","floor":44},{"not_picked":["Twin Strike+1","Havoc+1"],"picked":"Clash+1","floor":47}],"player_experience":703188,"relics_obtained":[{"floor":7,"key":"Paper Frog"},{"floor":9,"key":"Mummified Hand"},{"floor":14,"key":"Pen Nib"},{"floor":26,"key":"Darkstone Periapt"},{"floor":29,"key":"Lantern"},{"floor":41,"key":"Charon\u0027s Ashes"},{"floor":43,"key":"Toxic Egg 2"}],"event_choices":[{"damage_healed":0,"gold_gain":0,"player_choice":"Success","damage_taken":3,"relics_obtained":["Self Forming Clay"],"max_hp_gain":0,"max_hp_loss":0,"event_name":"Scrap Ooze","floor":4,"gold_loss":0},{"damage_healed":0,"gold_gain":30,"player_choice":"Searched \u00273\u0027 times","damage_taken":0,"relics_obtained":["Happy Flower"],"max_hp_gain":0,"max_hp_loss":0,"event_name":"Dead Adventurer","floor":11,"gold_loss":0},{"damage_healed":0,"gold_gain":100,"player_choice":"Pray","damage_taken":0,"max_hp_gain":0,"max_hp_loss":0,"event_name":"Golden Shrine","floor":21,"gold_loss":0},{"damage_healed":0,"gold_gain":0,"player_choice":"Ignored","damage_taken":0,"max_hp_gain":0,"max_hp_loss":0,"event_name":"Tomb of Lord Red Mask","floor":36,"gold_loss":0},{"damage_healed":0,"gold_gain":0,"player_choice":"Memory 1","damage_taken":0,"max_hp_gain":0,"max_hp_loss":0,"event_name":"SensoryStone","floor":44,"gold_loss":0},{"damage_healed":0,"gold_gain":0,"player_choice":"Trade","damage_taken":0,"relics_obtained":["NlothsMask"],"max_hp_gain":0,"max_hp_loss":0,"event_name":"FaceTrader","floor":48,"gold_loss":0}],"is_beta":true,"boss_relics":[{"not_picked":["Astrolabe","Black Star"],"picked":"Philosopher\u0027s Stone"},{"not_picked":["Orrery","Tiny House"],"picked":"Sozu"}],"items_purged_floors":[5,20,39],"is_endless":false,"potions_floor_spawned":[7,13,18,22,28,30,35,37,47],"killed_by":"Time Eater","ascension_level":0}