{"gold_per_floor":[112,62,72,72,86,86,114,114,141,141,49,49,84,103,103,198,198,209,240,259,182,182,182],"floor_reached":23,"playtime":1926,"items_purged":[],"score":232,"play_id":"2630840d-02fc-435c-9aa0-ac6dd35c8428","local_time":"20190207235122","is_ascension_mode":true,"campfire_choices":[{"data":"Redo","floor":6,"key":"SMITH"},{"floor":8,"key":"REST"},{"data":"Defragment","floor":12,"key":"SMITH"},{"floor":15,"key":"REST"}],"neow_cost":"NONE","seed_source_timestamp":250230147495250,"circlet_count":0,"master_deck":["Strike_B","Strike_B","Strike_B","Defend_B","Defend_B","Defend_B","Defend_B","Zap","Dualcast","Redo+1","Blizzard","Coolheaded","Defragment+1","Genetic Algorithm","Purity","Conserve Battery","Streamline","Seek","Reinforced Body+1","Coolheaded+1","Tempest"],"relics":["Cracked Core","Potion Belt","Art of War","Omamori","Pear","Strawberry","Sozu","Red Mask"],"potions_floor_usage":[13,19],"damage_taken":[{"damage":3,"enemies":"Jaw Worm","floor":1,"turns":3},{"damage":4,"enemies":"2 Louse","floor":3,"turns":2},{"damage":0,"enemies":"Small Slimes","floor":5,"turns":5},{"damage":21,"enemies":"Lagavulin","floor":7,"turns":9},{"damage":24,"enemies":"Gremlin Nob","floor":13,"turns":5},{"damage":15,"enemies":"Exordium Thugs","floor":14,"turns":3},{"damage":17,"enemies":"The Guardian","floor":16,"turns":13},{"damage":9,"enemies":"3 Byrds","floor":18,"turns":5},{"damage":39,"enemies":"Masked Bandits","floor":19,"turns":6},{"damage":0,"enemies":"Shell Parasite","floor":20,"turns":7},{"damage":46,"enemies":"Gremlin Leader","floor":23,"turns":6}],"seed_played":"-3110214509965154481","potions_obtained":[{"floor":5,"key":"Swift Potion"},{"floor":14,"key":"FearPotion"}],"is_trial":false,"path_per_floor":["M","?","M","?","M","R","E","R","T","T","$","R","E","M","R","B",null,"M","?","M","$","?","E"],"character_chosen":"DEFECT","items_purchased":["Purity","Tempest"],"campfire_rested":2,"item_purchase_floors":[11,21],"current_hp_per_floor":[72,72,68,56,56,56,35,57,57,67,67,67,50,35,62,45,92,83,44,44,44,44,0],"gold":182,"neow_bonus":"THREE_CARDS","is_prod":false,"is_daily":false,"chose_seed":false,"campfire_upgraded":2,"win_rate":0,"timestamp":1549572682,"path_taken":["M","?","M","?","M","R","E","R","T","?","?","R","E","M","R","BOSS","M","?","M","$","?","E"],"build_version":"2019-01-23","purchased_purges":0,"victory":false,"max_hp_per_floor":[75,75,75,75,75,75,75,75,75,85,85,85,92,92,92,92,92,92,92,92,92,92,92],"card_choices":[{"not_picked":["Recycle","Beam Cell"],"picked":"Redo","floor":0},{"not_picked":["Stack","Turbo"],"picked":"Blizzard","floor":1},{"not_picked":["Chill","Darkness"],"picked":"Coolheaded","floor":3},{"not_picked":["Sweeping Beam","Blizzard"],"picked":"Defragment","floor":5},{"not_picked":["Rip and Tear","Scrape"],"picked":"Genetic Algorithm","floor":7},{"not_picked":["Beam Cell","Lockon"],"picked":"Conserve Battery","floor":13},{"not_picked":["Scrape","BootSequence"],"picked":"Streamline","floor":14},{"not_picked":["Meteor Strike","Core Surge"],"picked":"Seek","floor":16},{"not_picked":["Beam Cell+1","Sunder"],"picked":"Reinforced Body+1","floor":18},{"not_picked":["Storm+1","Redo"],"picked":"Coolheaded+1","floor":20}],"player_experience":603717,"relics_obtained":[{"floor":7,"key":"Art of War"},{"floor":9,"key":"Omamori"},{"floor":10,"key":"Pear"},{"floor":13,"key":"Strawberry"},{"floor":19,"key":"Red Mask"}],"event_choices":[{"cards_removed":["Strike_B"],"damage_healed":0,"gold_gain":0,"player_choice":"Card Removal","damage_taken":0,"max_hp_gain":0,"max_hp_loss":0,"event_name":"The Cleric","floor":2,"gold_loss":50},{"damage_healed":0,"gold_gain":0,"player_choice":"Success","damage_taken":12,"relics_obtained":["Potion Belt"],"max_hp_gain":0,"max_hp_loss":0,"event_name":"Scrap Ooze","floor":4,"gold_loss":0},{"damage_healed":0,"gold_gain":0,"player_choice":"Fought Bandits","damage_taken":0,"max_hp_gain":0,"max_hp_loss":0,"event_name":"Masked Bandits","floor":19,"gold_loss":0},{"damage_healed":0,"gold_gain":0,"player_choice":"Ignored","damage_taken":0,"max_hp_gain":0,"max_hp_loss":0,"event_name":"Vampires","floor":22,"gold_loss":0}],"is_beta":false,"boss_relics":[{"not_picked":["Lizard Tail","Coffee Dripper"],"picked":"Sozu"}],"items_purged_floors":[],"is_endless":false,"potions_floor_spawned":[5,14,18],"killed_by":"Gremlin Leader","ascension_level":1}