{"gold_per_floor":[113,113,124,124,138,138,465,43,43,71,89,89,89,147,147,268,268,286,309,309,384,398,398,30,45,45,60,60,76,76],"floor_reached":30,"playtime":1074,"items_purged":[],"score":360,"play_id":"f2ef6fd8-5502-4edc-a9d9-1739ca4eb6ea","local_time":"20190120211727","is_ascension_mode":true,"campfire_choices":[{"data":"Barrage","floor":6,"key":"SMITH"},{"data":"White Noise","floor":13,"key":"SMITH"},{"floor":15,"key":"REST"},{"floor":23,"key":"REST"}],"neow_cost":"NONE","seed_source_timestamp":766090287046216,"circlet_count":0,"master_deck":["AscendersBane","Strike_B","Strike_B","Defend_B","Defend_B","Defend_B","Zap+1","Dualcast","Sweeping Beam","Reinforced Body","Cold Snap","Barrage+1","Rainbow","Panacea","Lockon+1","White Noise+1","Echo Form","Turbo+1","Skim+1","Conserve Battery","Loop","Flash of Steel+1","BootSequence","Decay","Coolheaded","Hologram","Compile Driver+1"],"relics":["Cracked Core","Old Coin","Gremlin Horn","Molten Egg 2","Du-Vu Doll","Golden Idol","Cursed Key","Nunchaku","Regal Pillow","Unceasing Top"],"potions_floor_usage":[10,10,22,22,22,22,22,27,30],"damage_taken":[{"damage":2,"enemies":"Jaw Worm","floor":1,"turns":3},{"damage":1,"enemies":"Cultist","floor":3,"turns":3},{"damage":0,"enemies":"Small Slimes","floor":5,"turns":3},{"damage":35,"enemies":"Lagavulin","floor":7,"turns":7},{"damage":14,"enemies":"Gremlin Nob","floor":10,"turns":4},{"damage":0,"enemies":"Looter","floor":11,"turns":3},{"damage":26,"enemies":"Slime Boss","floor":16,"turns":5},{"damage":16,"enemies":"2 Thieves","floor":18,"turns":4},{"damage":7,"enemies":"Spheric Guardian","floor":19,"turns":3},{"damage":16,"enemies":"Snake Plant","floor":22,"turns":4},{"damage":4,"enemies":"Cultist and Chosen","floor":25,"turns":6},{"damage":18,"enemies":"Snecko","floor":27,"turns":4},{"damage":7,"enemies":"Shelled Parasite and Fungi","floor":29,"turns":3},{"damage":19,"enemies":"Snake Plant","floor":30,"turns":2}],"seed_played":"6892233713438421962","potions_obtained":[{"floor":7,"key":"Swift Potion"},{"floor":10,"key":"EntropicBrew"},{"floor":11,"key":"Regen Potion"},{"floor":16,"key":"Poison Potion"},{"floor":18,"key":"EssenceOfSteel"},{"floor":27,"key":"Strength Potion"}],"is_trial":false,"path_per_floor":["M","?","M","?","M","R","E","$","T","E","M","?","R","?","R","B",null,"M","M","?","?","M","R","$","M","T","M","?","M","M"],"character_chosen":"DEFECT","items_purchased":["Gremlin Horn","Panacea","Regen Potion","Loop","Regal Pillow","Flash of Steel+1","BootSequence"],"campfire_rested":2,"item_purchase_floors":[8,8,8,24,24,24,24],"current_hp_per_floor":[66,66,65,65,65,65,30,30,30,28,28,28,28,28,48,22,57,41,34,34,28,21,41,41,37,37,19,19,12,0],"gold":76,"neow_bonus":"REMOVE_CARD","is_prod":false,"is_daily":false,"chose_seed":false,"campfire_upgraded":2,"win_rate":0,"timestamp":1548037047,"path_taken":["M","?","?","?","M","R","E","$","T","E","?","?","R","?","R","BOSS","M","M","?","?","M","R","$","?","T","M","?","?","M"],"build_version":"2019-01-19","purchased_purges":0,"victory":false,"max_hp_per_floor":[75,75,75,75,75,75,75,75,75,75,75,69,69,69,69,69,69,69,69,69,69,69,69,69,69,69,69,69,69,69],"card_choices":[{"not_picked":["Streamline","Stack"],"picked":"Sweeping Beam","floor":1},{"not_picked":["Beam Cell","Streamline"],"picked":"Cold Snap","floor":3},{"not_picked":["Steam","Beam Cell"],"picked":"Barrage","floor":5},{"not_picked":["Consume","Aggregate"],"picked":"Rainbow","floor":7},{"not_picked":["Sunder+1","Rip and Tear+1"],"picked":"Lockon+1","floor":10},{"not_picked":["Reinforced Body","Go for the Eyes+1"],"picked":"White Noise","floor":11},{"not_picked":["Machine Learning","Rainbow"],"picked":"Echo Form","floor":16},{"not_picked":["Sunder+1","Skim+1"],"picked":"Turbo+1","floor":18},{"not_picked":["Redo","Steam"],"picked":"Skim+1","floor":19},{"not_picked":["Stack","Aggregate"],"picked":"Conserve Battery","floor":22},{"not_picked":["Sweeping Beam+1","Beam Cell+1","Reprogram"],"picked":"SKIP","floor":25},{"not_picked":["Ball Lightning+1","Conserve Battery"],"picked":"Coolheaded","floor":27},{"not_picked":["All For One+1","Aggregate"],"picked":"Compile Driver+1","floor":29}],"player_experience":516181,"relics_obtained":[{"floor":7,"key":"Old Coin"},{"floor":9,"key":"Molten Egg 2"},{"floor":10,"key":"Du-Vu Doll"},{"floor":26,"key":"Unceasing Top"}],"event_choices":[{"damage_healed":0,"gold_gain":0,"cards_transformed":["Strike_B"],"player_choice":"Transformed","damage_taken":0,"max_hp_gain":0,"max_hp_loss":0,"event_name":"Transmorgrifier","floor":2,"gold_loss":0,"cards_obtained":["Reinforced Body"]},{"damage_healed":0,"gold_gain":0,"player_choice":"Forge","damage_taken":0,"max_hp_gain":0,"max_hp_loss":0,"event_name":"Accursed Blacksmith","floor":4,"gold_loss":0,"cards_upgraded":["Zap"]},{"damage_healed":0,"gold_gain":0,"player_choice":"Lose Max HP","damage_taken":0,"relics_obtained":["Golden Idol"],"max_hp_gain":0,"max_hp_loss":6,"event_name":"Golden Idol","floor":12,"gold_loss":0},{"damage_healed":0,"gold_gain":58,"player_choice":"Gained Gold","damage_taken":0,"max_hp_gain":0,"max_hp_loss":0,"event_name":"Golden Wing","floor":14,"gold_loss":0},{"damage_healed":0,"gold_gain":0,"player_choice":"Opened","damage_taken":0,"relics_obtained":["Nunchaku"],"max_hp_gain":0,"max_hp_loss":0,"event_name":"The Mausoleum","floor":20,"gold_loss":0},{"damage_healed":0,"gold_gain":75,"player_choice":"Touch","damage_taken":6,"max_hp_gain":0,"max_hp_loss":0,"event_name":"FaceTrader","floor":21,"gold_loss":0},{"damage_healed":0,"gold_gain":0,"cards_transformed":["Strike_B"],"player_choice":"Transformed","damage_taken":0,"max_hp_gain":0,"max_hp_loss":0,"event_name":"Transmorgrifier","floor":28,"gold_loss":0,"cards_obtained":["Hologram"]}],"is_beta":true,"boss_relics":[{"not_picked":["Empty Cage","Snecko Eye"],"picked":"Cursed Key"}],"items_purged_floors":[],"is_endless":false,"potions_floor_spawned":[7,10,11,16,18,19,27],"killed_by":"Snake Plant","ascension_level":10}