{"gold_per_floor":[115,125,75,25,35,35,67,83,83,47,77,77,89,101,101,199,199,214,225,48,0,11,11,11,23,72,72,84,100,25,42,42,139,139,154,166,66,0],"floor_reached":38,"playtime":1909,"items_purged":["Strike_G","Strike_G"],"score":399,"play_id":"431e1d32-4854-4d8d-8d84-98c2ea6e28ad","local_time":"20190509160217","is_ascension_mode":true,"campfire_choices":[{"floor":6,"key":"REST"},{"floor":12,"key":"REST"},{"floor":15,"key":"REST"},{"floor":23,"key":"REST"},{"floor":27,"key":"REST"},{"floor":32,"key":"REST"}],"neow_cost":"NONE","seed_source_timestamp":490268760328169,"circlet_count":0,"master_deck":["Defend_G","Defend_G","Defend_G","Defend_G","Defend_G","Strike_G","Survivor","Neutralize","Cloak And Dagger","Backstab","Finisher","Blade Dance","Dash","Noxious Fumes","Infinite Blades","After Image","Cloak And Dagger","Blade Dance","Infinite Blades","Finisher","Blade Dance+1","Backflip","Leg Sweep+1","Leg Sweep","A Thousand Cuts","Cloak And Dagger+1","Accuracy"],"relics":["Fusion Hammer","Red Mask"],"potions_floor_usage":[7,14,16,18,28,33,33,33],"damage_taken":[{"damage":1,"enemies":"Cultist","floor":1,"turns":4},{"damage":0,"enemies":"Small Slimes","floor":2,"turns":4},{"damage":0,"enemies":"Jaw Worm","floor":5,"turns":3},{"damage":32,"enemies":"Gremlin Nob","floor":7,"turns":5},{"damage":0,"enemies":"Large Slime","floor":8,"turns":4},{"damage":0,"enemies":"Blue Slaver","floor":13,"turns":3},{"damage":0,"enemies":"3 Louse","floor":14,"turns":2},{"damage":8,"enemies":"The Guardian","floor":16,"turns":10},{"damage":8,"enemies":"3 Byrds","floor":18,"turns":5},{"damage":0,"enemies":"Chosen","floor":19,"turns":6},{"damage":15,"enemies":"Shelled Parasite and Fungi","floor":22,"turns":4},{"damage":11,"enemies":"Cultist and Chosen","floor":25,"turns":6},{"damage":19,"enemies":"Snecko","floor":28,"turns":5},{"damage":18,"enemies":"Sentry and Sphere","floor":29,"turns":5},{"damage":7,"enemies":"Shelled Parasite and Fungi","floor":31,"turns":6},{"damage":12,"enemies":"Champ","floor":33,"turns":16},{"damage":35,"enemies":"3 Darklings","floor":35,"turns":7},{"damage":2,"enemies":"3 Shapes","floor":36,"turns":6}],"seed_played":"3546484755777058711","potions_obtained":[{"floor":5,"key":"PowerPotion"},{"floor":7,"key":"Energy Potion"},{"floor":8,"key":"Explosive Potion"},{"floor":18,"key":"Energy Potion"},{"floor":28,"key":"SteroidPotion"},{"floor":29,"key":"LiquidBronze"},{"floor":31,"key":"GhostInAJar"},{"floor":35,"key":"Swift Potion"},{"floor":36,"key":"FearPotion"}],"is_trial":false,"path_per_floor":["M","M","?","$","M","R","E","M","T","$","?","R","M","M","R","B",null,"M","M","$","?","M","R","$","M","T","R","M","M","?","M","R","B",null,"M","M","$","?"],"character_chosen":"THE_SILENT","items_purchased":["SkillPotion","Noxious Fumes","Infinite Blades","Finisher"],"campfire_rested":6,"item_purchase_floors":[4,10,20,20],"current_hp_per_floor":[69,69,69,69,69,70,38,38,38,38,38,59,59,59,70,62,70,62,62,62,62,47,68,68,57,57,70,51,33,33,26,47,35,70,35,33,33,33],"gold":0,"neow_bonus":"BOSS_RELIC","is_prod":false,"is_daily":false,"chose_seed":false,"campfire_upgraded":0,"win_rate":0,"timestamp":1557442937,"path_taken":["M","M","?","$","M","R","E","M","T","$","?","R","M","M","R","BOSS","M","M","$","?","M","R","$","M","T","R","M","M","?","M","R","BOSS","M","M","$","?"],"build_version":"2019-01-23","purchased_purges":2,"victory":false,"max_hp_per_floor":[70,70,70,70,70,70,70,70,70,70,70,70,70,70,70,70,70,70,70,70,70,70,70,70,70,70,70,70,70,70,70,70,70,70,70,70,70,70],"card_choices":[{"not_picked":["Slice","Dagger Spray"],"picked":"Cloak And Dagger","floor":1},{"not_picked":["Outmaneuver","Sucker Punch"],"picked":"Backstab","floor":2},{"not_picked":["Dagger Throw","Skewer"],"picked":"Finisher","floor":5},{"not_picked":["Poisoned Stab","Dagger Throw"],"picked":"Blade Dance","floor":7},{"not_picked":["Concentrate","Slice"],"picked":"Dash","floor":8},{"not_picked":["Distraction","Flying Knee","Endless Agony"],"picked":"SKIP","floor":13},{"not_picked":["Deadly Poison","Quick Slash"],"picked":"Infinite Blades","floor":14},{"not_picked":["Bullet Time","Phantasmal Killer"],"picked":"After Image","floor":16},{"not_picked":["Deadly Poison","Poisoned Stab"],"picked":"Cloak And Dagger","floor":18},{"not_picked":["Dodge and Roll","Dagger Throw"],"picked":"Blade Dance","floor":19},{"not_picked":["Sucker Punch","Bane"],"picked":"Blade Dance+1","floor":22},{"not_picked":["Caltrops+1","Flying Knee+1","Bouncing Flask"],"picked":"SKIP","floor":25},{"not_picked":["Bane","Underhanded Strike"],"picked":"Backflip","floor":28},{"not_picked":["Cloak And Dagger","Poisoned Stab+1"],"picked":"Leg Sweep+1","floor":29},{"not_picked":["Crippling Poison+1","Quick Slash"],"picked":"Leg Sweep","floor":31},{"not_picked":["Phantasmal Killer","Adrenaline"],"picked":"A Thousand Cuts","floor":33},{"not_picked":["Catalyst","Escape Plan"],"picked":"Cloak And Dagger+1","floor":35},{"not_picked":["Endless Agony","Blade Dance+1"],"picked":"Accuracy","floor":36}],"player_experience":485048,"relics_obtained":[],"event_choices":[{"cards_removed":["Strike_G"],"damage_healed":0,"gold_gain":0,"player_choice":"Card Removal","damage_taken":0,"max_hp_gain":0,"max_hp_loss":0,"event_name":"The Cleric","floor":3,"gold_loss":50},{"damage_healed":0,"gold_gain":30,"player_choice":"Searched \u00271\u0027 times","damage_taken":0,"max_hp_gain":0,"max_hp_loss":0,"event_name":"Dead Adventurer","floor":11,"gold_loss":0},{"damage_healed":0,"gold_gain":0,"player_choice":"Paid Fearfully","damage_taken":0,"max_hp_gain":0,"max_hp_loss":0,"event_name":"Masked Bandits","floor":21,"gold_loss":48},{"cards_removed":["Strike_G"],"damage_healed":0,"gold_gain":0,"player_choice":"Gave Gold","damage_taken":0,"max_hp_gain":0,"max_hp_loss":0,"event_name":"Beggar","floor":30,"gold_loss":75},{"damage_healed":0,"gold_gain":0,"player_choice":"Paid","damage_taken":0,"relics_obtained":["Red Mask"],"max_hp_gain":0,"max_hp_loss":0,"event_name":"Tomb of Lord Red Mask","floor":38,"gold_loss":66}],"is_beta":false,"boss_relics":[{"not_picked":["Tiny House","HoveringKite","Calling Bell"]},{"not_picked":["Coffee Dripper","Empty Cage","Astrolabe"]}],"items_purged_floors":[20,37],"is_endless":false,"potions_floor_spawned":[5,7,8,18,28,29,31,35,36],"ascension_level":1}