{"gold_per_floor":[115,126,139,156,174,199,199,199,199,224,224,224,26,26,26,124,124,137,171,171,16,31,31,61,74,74,87,87,87,87,105,105,207,207,226,237,252,262,262,262,6,33,33,44,57,76,76,96,96,96],"floor_reached":51,"playtime":4678,"items_purged":["Writhe"],"score":810,"play_id":"78c041e5-3b17-4fc5-883e-4c2c3dd58493","local_time":"20190409015708","is_ascension_mode":true,"campfire_choices":[{"floor":7.0,"key":"REST"},{"floor":12.0,"key":"REST"},{"data":"Concentrate","floor":15.0,"key":"SMITH"},{"floor":23,"key":"REST"},{"floor":28,"key":"REST"},{"floor":32,"key":"REST"},{"floor":40,"key":"REST"},{"floor":47,"key":"REST"},{"data":"Apotheosis","floor":49,"key":"SMITH"}],"neow_cost":"CURSE","seed_source_timestamp":5259682457932,"circlet_count":0,"master_deck":["Defend_G","Defend_G","Defend_G","Defend_G","Defend_G","Strike_G","Survivor","Neutralize+1","Concentrate+1","Slice","Poisoned Stab+1","Noxious Fumes","Predator","Die Die Die","Sucker Punch+1","Adrenaline","Dodge and Roll+1","Backflip","Prepared","Distraction","Caltrops","Flying Knee+1","Bane+1","Calculated Gamble","Bullet Time","Leg Sweep","Setup+1","Noxious Fumes+1","Apotheosis+1","Footwork","Blur+1"],"special_seed":0,"relics":["Ring of the Snake","Lantern","Molten Egg 2","Matryoshka","TheAbacus","Boot","Turnip","Runic Pyramid","Red Mask","Whetstone","Dream Catcher","Sundial","Lizard Tail","FossilizedHelix","Meat on the Bone","Bag of Preparation"],"potions_floor_usage":[31,31,33,37,50,50],"damage_taken":[{"damage":0.0,"enemies":"2 Louse","floor":1.0,"turns":3.0},{"damage":0.0,"enemies":"Small Slimes","floor":2.0,"turns":3.0},{"damage":22.0,"enemies":"Jaw Worm","floor":3.0,"turns":6.0},{"damage":6.0,"enemies":"2 Fungi Beasts","floor":4.0,"turns":5.0},{"damage":4.0,"enemies":"3 Louse","floor":5.0,"turns":4.0},{"damage":17.0,"enemies":"Gremlin Nob","floor":6.0,"turns":5.0},{"damage":20.0,"enemies":"3 Sentries","floor":10.0,"turns":6.0},{"damage":29.0,"enemies":"The Guardian","floor":16.0,"turns":11.0},{"damage":7,"enemies":"3 Byrds","floor":18,"turns":5},{"damage":31,"enemies":"Masked Bandits","floor":19,"turns":5},{"damage":2,"enemies":"Spheric Guardian","floor":22,"turns":4},{"damage":4,"enemies":"Book of Stabbing","floor":24,"turns":6},{"damage":14,"enemies":"Shelled Parasite and Fungi","floor":25,"turns":6},{"damage":0,"enemies":"Centurion and Healer","floor":27,"turns":5},{"damage":2,"enemies":"Snecko","floor":31,"turns":4},{"damage":51,"enemies":"Champ","floor":33,"turns":13},{"damage":9,"enemies":"Orb Walker","floor":35,"turns":3},{"damage":0,"enemies":"3 Shapes","floor":36,"turns":6},{"damage":40,"enemies":"Writhing Mass","floor":37,"turns":6},{"damage":0,"enemies":"Sphere and 2 Shapes","floor":38,"turns":5},{"damage":0,"enemies":"Nemesis","floor":42,"turns":9},{"damage":0,"enemies":"Maw","floor":44,"turns":7},{"damage":0,"enemies":"Spire Growth","floor":45,"turns":6},{"damage":0,"enemies":"Writhing Mass","floor":46,"turns":7},{"damage":3,"enemies":"4 Shapes","floor":48,"turns":6},{"damage":0,"enemies":"Donu and Deca","floor":50,"turns":8}],"seed_played":"-3641349813598423408","potions_obtained":[{"floor":5.0,"key":"Energy Potion"},{"floor":10.0,"key":"Energy Potion"},{"floor":16.0,"key":"FearPotion"},{"floor":18,"key":"Energy Potion"},{"floor":22,"key":"Swift Potion"},{"floor":33,"key":"Swift Potion"},{"floor":35,"key":"PowerPotion"},{"floor":36,"key":"Energy Potion"},{"floor":38,"key":"Strength Potion"},{"floor":45,"key":"GhostInAJar"},{"floor":46,"key":"PowerPotion"}],"is_trial":false,"path_per_floor":["M","M","M","M","M","E","R","?","T","E","?","R","$","T","R","B",null,"M","?","?","$","M","R","E","M","T","M","R","?","$","M","R","B",null,"M","M","M","M","?","R","$","E","T","M","M","M","R","M","R","B",null],"character_chosen":"THE_SILENT","items_purchased":["TheAbacus","Caltrops","Apotheosis","Footwork"],"campfire_rested":7,"item_purchase_floors":[13,21,41,41],"current_hp_per_floor":[70,70,48,42,38,21,42,42,42,22,22,43,43,43,43,14,70,63,32,32,32,30,51,47,33,33,33,54,41,41,39,61,10,75,66,66,26,26,26,48,48,48,48,48,48,48,70,67,67,67],"gold":96,"neow_bonus":"TRANSFORM_TWO_CARDS","is_prod":false,"is_daily":false,"chose_seed":false,"campfire_upgraded":2,"win_rate":0,"timestamp":1554764228,"path_taken":["M","M","M","M","M","E","R","?","T","E","?","R","$","?","R","BOSS","M","?","?","$","M","R","E","M","T","M","R","?","?","M","R","BOSS","M","?","M","M","?","R","$","E","T","?","M","M","R","M","R","BOSS"],"build_version":"2019-01-23","purchased_purges":1,"victory":true,"max_hp_per_floor":[70,70,70,70,70,70,70,70,70,70,70,70,70,70,70,70,70,70,70,70,70,70,70,70,70,70,70,70,75,75,75,75,75,75,75,75,75,75,75,75,75,75,75,75,75,75,75,75,75,75],"card_choices":[{"not_picked":["Blade Dance","Setup"],"picked":"Poisoned Stab","floor":1.0},{"not_picked":["Flying Knee","Terror","Underhanded Strike"],"picked":"SKIP","floor":2.0},{"not_picked":["Leg Sweep","Dash"],"picked":"Noxious Fumes","floor":3.0},{"not_picked":["Prepared","Masterful Stab"],"picked":"Predator","floor":4.0},{"not_picked":["PiercingWail","Calculated Gamble"],"picked":"Die Die Die","floor":5.0},{"not_picked":["Slice","Blur","Heel Hook"],"picked":"SKIP","floor":6.0},{"not_picked":["Dodge and Roll","Flying Knee+1"],"picked":"Sucker Punch+1","floor":10.0},{"not_picked":["Unload+1","Storm of Steel"],"picked":"Adrenaline","floor":16.0},{"not_picked":["Outmaneuver","Flying Knee+1"],"picked":"Dodge and Roll+1","floor":18},{"not_picked":["Dagger Throw+1","Prepared+1"],"picked":"Backflip","floor":19},{"not_picked":["Blur+1","Deflect"],"picked":"Flying Knee+1","floor":22},{"not_picked":["Dagger Spray+1","Quick Slash+1"],"picked":"Bane+1","floor":24},{"not_picked":["Backstab+1","Flying Knee+1","Deflect"],"picked":"SKIP","floor":25},{"not_picked":["Flying Knee+1","Dash+1","Dagger Spray+1"],"picked":"SKIP","floor":27},{"not_picked":["Flying Knee+1","Dash+1","Dagger Spray+1"],"picked":"SKIP","floor":27},{"not_picked":["Venomology","Riddle With Holes+1"],"picked":"Calculated Gamble","floor":31},{"not_picked":["Envenom","A Thousand Cuts"],"picked":"Bullet Time","floor":33},{"not_picked":["Underhanded Strike+1","Quick Slash+1"],"picked":"Leg Sweep","floor":35},{"not_picked":["Underhanded Strike+1","Poisoned Stab+1"],"picked":"Setup+1","floor":36},{"not_picked":["Underhanded Strike+1","Dagger Spray+1","Doppelganger"],"picked":"SKIP","floor":37},{"not_picked":["Setup+1","Quick Slash+1"],"picked":"Noxious Fumes+1","floor":38},{"not_picked":["Noxious Fumes+1","Grand Finale+1","Skewer+1"],"picked":"SKIP","floor":42},{"not_picked":["Dodge and Roll+1","Deadly Poison"],"picked":"Blur+1","floor":44},{"not_picked":["Quick Slash+1","Slice+1","Backstab+1"],"picked":"SKIP","floor":45},{"not_picked":["Underhanded Strike+1","Terror","Blade Dance+1"],"picked":"SKIP","floor":46},{"not_picked":["Dagger Spray+1","All Out Attack+1","Flying Knee+1"],"picked":"SKIP","floor":48}],"player_experience":717982,"relics_obtained":[{"floor":6.0,"key":"Lantern"},{"floor":9.0,"key":"Molten Egg 2"},{"floor":10.0,"key":"Matryoshka"},{"floor":14.0,"key":"Boot"},{"floor":14.0,"key":"Turnip"},{"floor":19,"key":"Red Mask"},{"floor":24,"key":"Whetstone"},{"floor":26,"key":"Dream Catcher"},{"floor":26,"key":"Sundial"},{"floor":42,"key":"Meat on the Bone"},{"floor":43,"key":"Bag of Preparation"}],"event_choices":[{"damage_healed":0.0,"max_hp_gain":0.0,"max_hp_loss":0.0,"gold_gain":0.0,"event_name":"Golden Idol","player_choice":"Ignored","floor":8.0,"gold_loss":0.0,"damage_taken":0.0},{"damage_healed":0.0,"max_hp_gain":0.0,"max_hp_loss":0.0,"gold_gain":0.0,"event_name":"Scrap Ooze","player_choice":"Fled","floor":11.0,"gold_loss":0.0,"damage_taken":0.0},{"damage_healed":0,"gold_gain":0,"player_choice":"Fought Bandits","damage_taken":0,"max_hp_gain":0,"max_hp_loss":0,"event_name":"Masked Bandits","floor":19,"gold_loss":0},{"damage_healed":0,"gold_gain":0,"cards_transformed":["Strike_G","Strike_G"],"player_choice":"Became Test Subject","damage_taken":0,"max_hp_gain":0,"max_hp_loss":0,"event_name":"Drug Dealer","floor":20,"gold_loss":0,"cards_obtained":["Prepared","Distraction"]},{"damage_healed":0,"gold_gain":0,"player_choice":"Shed Blood","damage_taken":18,"max_hp_gain":5,"max_hp_loss":0,"event_name":"Forgotten Altar","floor":29,"gold_loss":0},{"damage_healed":0,"gold_gain":0,"player_choice":"Gave Potion","damage_taken":0,"relics_obtained":["FossilizedHelix"],"max_hp_gain":0,"max_hp_loss":0,"event_name":"WeMeetAgain","floor":39,"gold_loss":0}],"is_beta":false,"boss_relics":[{"not_picked":["Tiny House","Busted Crown"],"picked":"Runic Pyramid"},{"not_picked":["Orrery","Ring of the Serpent"],"picked":"Lizard Tail"}],"items_purged_floors":[21],"is_endless":false,"potions_floor_spawned":[5,10,16,18,19,22,33,35,36,38,45,46],"ascension_level":2}