{"gold_per_floor":[20,20,20,20,30,30,30,30,57,91,16,35,51,64,64,187,187,208,231,231,231,33,33,132,132,158,158,158,177,189,189,189,286,286,305,305,319,319,163,163,163,163,163,173,173,187,187,287,287,287],"floor_reached":50,"playtime":2953,"items_purged":["Strike_G"],"score":657,"play_id":"ee756e38-8285-4fdd-935f-9124eaf6920f","local_time":"20190112200349","is_ascension_mode":true,"campfire_choices":[{"data":"Acrobatics","floor":6.0,"key":"SMITH"},{"data":"Neutralize","floor":8.0,"key":"SMITH"},{"floor":15.0,"key":"REST"},{"data":"Grand Finale","floor":23.0,"key":"SMITH"},{"data":"Survivor","floor":25.0,"key":"SMITH"},{"data":"Defend_G","floor":27.0,"key":"SMITH"},{"data":"Defend_G","floor":32.0,"key":"SMITH"},{"data":"Adrenaline","floor":40.0,"key":"SMITH"},{"data":"Defend_G","floor":42.0,"key":"SMITH"},{"data":"Defend_G","floor":47,"key":"SMITH"},{"floor":49,"key":"REST"}],"neow_cost":"NO_GOLD","seed_source_timestamp":68155377701438,"circlet_count":0,"master_deck":["Defend_G+1","Defend_G+1","Defend_G+1","Defend_G+1","Defend_G","Strike_G","Strike_G","Survivor+1","Neutralize+1","Grand Finale+1","Flying Knee","Acrobatics+1","Predator","Well Laid Plans","Expertise","Adrenaline+1","Backflip+1","Blind+1","Prepared+1"],"special_seed":0,"relics":["Ring of the Snake","Bloody Idol","Strawberry","Mango","Sozu","Strange Spoon","Juzu Bracelet","Empty Cage","Omamori","Anchor","Pocketwatch"],"potions_floor_usage":[],"damage_taken":[{"damage":0.0,"enemies":"2 Louse","floor":1.0,"turns":3.0},{"damage":1.0,"enemies":"Cultist","floor":5.0,"turns":4.0},{"damage":35.0,"enemies":"3 Sentries","floor":10.0,"turns":15.0},{"damage":0.0,"enemies":"Jaw Worm","floor":12.0,"turns":4.0},{"damage":0.0,"enemies":"2 Fungi Beasts","floor":13.0,"turns":3.0},{"damage":14.0,"enemies":"Exordium Wildlife","floor":14.0,"turns":5.0},{"damage":32.0,"enemies":"Hexaghost","floor":16.0,"turns":11.0},{"damage":0.0,"enemies":"3 Byrds","floor":18.0,"turns":2.0},{"damage":16.0,"enemies":"2 Thieves","floor":19.0,"turns":4.0},{"damage":4.0,"enemies":"Colosseum Slavers","floor":20.0,"turns":4.0},{"damage":0.0,"enemies":"3 Cultists","floor":29.0,"turns":2.0},{"damage":14.0,"enemies":"Centurion and Healer","floor":30.0,"turns":4.0},{"damage":37.0,"enemies":"Automaton","floor":33.0,"turns":8.0},{"damage":2.0,"enemies":"3 Darklings","floor":35.0,"turns":3.0},{"damage":1.0,"enemies":"Orb Walker","floor":37.0,"turns":3.0},{"damage":7.0,"enemies":"Spire Growth","floor":44.0,"turns":5.0},{"damage":21,"enemies":"Sphere and 2 Shapes","floor":46,"turns":9},{"damage":0,"enemies":"Mind Bloom Boss Battle","floor":48,"turns":8},{"damage":97,"enemies":"Time Eater","floor":50,"turns":10}],"seed_played":"-3215409458153660898","potions_obtained":[{"floor":5.0,"key":"Swift Potion"},{"floor":13.0,"key":"AttackPotion"},{"floor":14.0,"key":"Fire Potion"},{"floor":16.0,"key":"FearPotion"}],"is_trial":false,"path_per_floor":["M","$","?","$","M","R","?","R","T","E","$","M","M","M","R","B",null,"M","M","?","?","$","R","?","R","T","R","$","M","M","?","R","B",null,"M","?","M","?","$","R","?","R","T","M","?","M","R","?","R","B"],"character_chosen":"THE_SILENT","items_purchased":["Strange Spoon","Omamori"],"campfire_rested":2,"item_purchase_floors":[22,39],"current_hp_per_floor":[63,63,63,63,62,62,62,62,69,48,48,48,48,34,59,27,71,71,55,51,51,51,51,56,56,61,61,61,66,57,57,57,25,71,74,74,78,78,78,78,78,78,78,76,76,60,60,65,86,0],"gold":287,"neow_bonus":"THREE_RARE_CARDS","is_prod":false,"is_daily":false,"chose_seed":false,"campfire_upgraded":9,"win_rate":0,"timestamp":1547341429,"path_taken":["M","$","?","?","M","R","?","R","T","E","$","M","?","M","R","BOSS","M","M","?","?","?","R","?","R","T","R","$","M","M","?","R","BOSS","M","?","M","?","$","R","?","R","T","M","?","M","R","?","R","BOSS"],"build_version":"2019-01-10","purchased_purges":1,"victory":false,"max_hp_per_floor":[70,70,70,70,70,70,65,65,72,86,86,86,86,86,86,86,86,86,86,86,86,86,86,86,86,86,86,86,86,86,86,86,86,86,86,86,86,86,86,86,86,86,86,86,86,86,86,86,86,86],"card_choices":[{"not_picked":["Phantasmal Killer","Unload"],"picked":"Grand Finale","floor":0.0},{"not_picked":["Underhanded Strike","Finisher","Catalyst"],"picked":"SKIP","floor":1.0},{"not_picked":["Endless Agony","Skewer"],"picked":"Acrobatics","floor":5.0},{"not_picked":["Cloak And Dagger","Well Laid Plans"],"picked":"Predator","floor":10.0},{"not_picked":["Deflect","All Out Attack"],"picked":"Well Laid Plans","floor":12.0},{"not_picked":["All Out Attack","Sucker Punch"],"picked":"Expertise","floor":13.0},{"not_picked":["Dagger Spray","Deflect","Backstab"],"picked":"SKIP","floor":14.0},{"not_picked":["Storm of Steel","Grand Finale"],"picked":"Adrenaline","floor":16.0},{"not_picked":["Outmaneuver","Tactician","Accuracy"],"picked":"SKIP","floor":18.0},{"not_picked":["Underhanded Strike","Acrobatics","Sucker Punch"],"picked":"SKIP","floor":19.0},{"not_picked":["Backstab","Escape Plan+1","Backflip+1"],"picked":"SKIP","floor":29.0},{"not_picked":["Underhanded Strike+1","Prepared","Sucker Punch"],"picked":"SKIP","floor":30.0},{"not_picked":["Acrobatics","Cloak And Dagger"],"picked":"Backflip+1","floor":35.0},{"not_picked":["The Bomb","Madness"],"picked":"Blind","floor":36.0},{"not_picked":["Cloak And Dagger+1","Slice","Acrobatics"],"picked":"SKIP","floor":37.0},{"not_picked":["Deadly Poison+1","Slice","Bouncing Flask+1"],"picked":"SKIP","floor":44.0},{"not_picked":["Reflex+1","Well Laid Plans"],"picked":"Prepared+1","floor":46}],"player_experience":503657,"relics_obtained":[{"floor":9.0,"key":"Strawberry"},{"floor":10.0,"key":"Mango"},{"floor":26.0,"key":"Juzu Bracelet"},{"floor":43.0,"key":"Anchor"},{"floor":48,"key":"Pocketwatch"}],"event_choices":[{"damage_healed":0.0,"max_hp_gain":0.0,"max_hp_loss":0.0,"gold_gain":0.0,"event_name":"Match and Keep!","player_choice":"1 cards matched","floor":3.0,"gold_loss":0.0,"damage_taken":0.0,"cards_obtained":["Flying Knee"]},{"damage_healed":0.0,"max_hp_gain":0.0,"max_hp_loss":5.0,"gold_gain":0.0,"event_name":"Golden Idol","player_choice":"Lose Max HP","floor":7.0,"gold_loss":0.0,"damage_taken":0.0,"relics_obtained":["Golden Idol"]},{"damage_healed":0.0,"max_hp_gain":0.0,"max_hp_loss":0.0,"gold_gain":0.0,"event_name":"Colosseum","player_choice":"Fight","floor":20.0,"gold_loss":0.0,"damage_taken":0.0},{"damage_healed":0.0,"max_hp_gain":0.0,"max_hp_loss":0.0,"gold_gain":0.0,"event_name":"Colosseum","player_choice":"Fled From Nobs","floor":20.0,"gold_loss":0.0,"damage_taken":0.0},{"damage_healed":0.0,"max_hp_gain":0.0,"max_hp_loss":0.0,"gold_gain":0.0,"event_name":"Forgotten Altar","player_choice":"Gave Idol","floor":21.0,"relics_lost":["Golden Idol"],"gold_loss":0.0,"damage_taken":0.0,"relics_obtained":["Bloody Idol"]},{"damage_healed":0.0,"max_hp_gain":0.0,"max_hp_loss":0.0,"gold_gain":99.0,"event_name":"Nest","player_choice":"Stole From Cult","floor":24.0,"gold_loss":0.0,"damage_taken":0.0},{"damage_healed":0.0,"max_hp_gain":0.0,"max_hp_loss":0.0,"gold_gain":0.0,"event_name":"The Mausoleum","player_choice":"Ignored","floor":31.0,"gold_loss":0.0,"damage_taken":0.0},{"damage_healed":0.0,"max_hp_gain":0.0,"max_hp_loss":0.0,"gold_gain":0.0,"event_name":"SensoryStone","player_choice":"Memory 1","floor":36.0,"gold_loss":0.0,"damage_taken":0.0},{"damage_healed":0.0,"max_hp_gain":0.0,"max_hp_loss":0.0,"gold_gain":0.0,"event_name":"Upgrade Shrine","player_choice":"Upgraded","floor":38.0,"gold_loss":0.0,"damage_taken":0.0,"cards_upgraded":["Blind"]},{"damage_healed":0.0,"max_hp_gain":0.0,"max_hp_loss":0.0,"gold_gain":0.0,"event_name":"Lab","player_choice":"Got Potions","floor":41.0,"gold_loss":0.0,"damage_taken":0.0},{"damage_healed":0.0,"max_hp_gain":0.0,"max_hp_loss":0.0,"gold_gain":0.0,"event_name":"Mysterious Sphere","player_choice":"Ignored","floor":45.0,"gold_loss":0.0,"damage_taken":0.0},{"damage_healed":0,"gold_gain":0,"player_choice":"Fight","damage_taken":0,"max_hp_gain":0,"max_hp_loss":0,"event_name":"MindBloom","floor":48,"gold_loss":0}],"is_beta":true,"boss_relics":[{"not_picked":["WristBlade","Coffee Dripper"],"picked":"Sozu"},{"not_picked":["Tiny House","Philosopher\u0027s Stone"],"picked":"Empty Cage"}],"items_purged_floors":[11],"is_endless":false,"potions_floor_spawned":[5,13,14,16,19,33,35,46,48],"killed_by":"Time Eater","ascension_level":9}