{"gold_per_floor":[159,171,27,40,20,51,67,67,67,86,119,119,138,38,38,135,135,153,164,181,32,45,80,80,91,91,91,91],"floor_reached":28,"playtime":1489,"items_purged":["Strike_B","Strike_B"],"score":267,"play_id":"18ec5547-3d71-4bab-8326-aeeb80e457b1","local_time":"20181230032027","is_ascension_mode":true,"campfire_choices":[{"floor":8,"key":"REST"},{"floor":12,"key":"REST"},{"data":"Go for the Eyes","floor":15,"key":"SMITH"},{"floor":24,"key":"REST"},{"data":"Regret","floor":27,"key":"PURGE"}],"neow_cost":"NONE","seed_source_timestamp":523256190851698,"circlet_count":0,"master_deck":["Strike_B","Strike_B","Defend_B","Defend_B","Defend_B+1","Defend_B+1","Zap","Dualcast+1","Loop","Ball Lightning","Coolheaded","Heatsinks","Conserve Battery","Sweeping Beam","Compile Driver","Go for the Eyes+1","Electrodynamics","Chaos+1","Hologram+1","Creative AI","Redo+1","Genetic Algorithm+1","Double Energy+1","Defragment"],"relics":["Tiny House","Dead Branch","Toxic Egg 2","War Paint","Cursed Key","Blood Vial","Peace Pipe","Bird Faced Urn"],"potions_floor_usage":[6,6,10,23,23,23,28],"damage_taken":[{"damage":10,"enemies":"Cultist","floor":1,"turns":4},{"damage":5,"enemies":"Jaw Worm","floor":2,"turns":4},{"damage":7,"enemies":"2 Louse","floor":4,"turns":3},{"damage":24,"enemies":"Exordium Thugs","floor":5,"turns":6},{"damage":10,"enemies":"Lagavulin","floor":6,"turns":6},{"damage":4,"enemies":"Red Slaver","floor":7,"turns":3},{"damage":4,"enemies":"2 Fungi Beasts","floor":10,"turns":4},{"damage":18,"enemies":"3 Sentries","floor":11,"turns":5},{"damage":6,"enemies":"Exordium Wildlife","floor":13,"turns":2},{"damage":8,"enemies":"Hexaghost","floor":16,"turns":9},{"damage":1,"enemies":"Chosen","floor":18,"turns":5},{"damage":8,"enemies":"3 Byrds","floor":19,"turns":3},{"damage":0,"enemies":"Centurion and Healer","floor":20,"turns":5},{"damage":40,"enemies":"Sentry and Sphere","floor":22,"turns":6},{"damage":27,"enemies":"Slavers","floor":23,"turns":4},{"damage":7,"enemies":"Shelled Parasite and Fungi","floor":25,"turns":4},{"damage":38,"enemies":"3 Cultists","floor":28,"turns":4}],"seed_played":"-2247887451854549795","potions_obtained":[{"floor":0,"key":"Block Potion"},{"floor":2,"key":"Weak Potion"},{"floor":4,"key":"SpeedPotion"},{"floor":5,"key":"Regen Potion"},{"floor":11,"key":"Fire Potion"},{"floor":13,"key":"GamblersBrew"},{"floor":19,"key":"FocusPotion"},{"floor":23,"key":"SneckoOil"}],"is_trial":false,"path_per_floor":["M","M","$","M","M","E","M","R","T","M","E","R","M","$","R","B",null,"M","M","M","$","M","E","R","M","T","R","M"],"character_chosen":"DEFECT","items_purchased":["Heatsinks","Blood Vial"],"campfire_rested":3,"item_purchase_floors":[3,21],"current_hp_per_floor":[70,65,65,58,34,39,35,59,59,55,37,61,55,55,55,47,80,79,71,71,71,33,8,32,27,27,27,0],"gold":91,"neow_bonus":"BOSS_RELIC","is_prod":false,"is_daily":false,"chose_seed":false,"campfire_upgraded":1,"win_rate":0,"timestamp":1546129227,"path_taken":["M","M","$","M","M","E","M","R","T","M","E","R","M","$","R","BOSS","M","?","M","$","M","E","R","M","T","R","M"],"build_version":"2018-12-20","purchased_purges":2,"victory":false,"max_hp_per_floor":[80,80,80,80,80,80,80,80,80,80,80,80,80,80,80,80,80,80,80,80,80,80,80,80,80,80,80,80],"card_choices":[{"not_picked":["Turbo","Fusion"],"picked":"Loop","floor":0},{"not_picked":["Barrage","Darkness"],"picked":"Ball Lightning","floor":1},{"not_picked":["Reprogram","Streamline"],"picked":"Coolheaded","floor":2},{"not_picked":["Steam","Scrape"],"picked":"Conserve Battery","floor":4},{"not_picked":["Turbo","Leap"],"picked":"Sweeping Beam","floor":5},{"not_picked":["Stack","Darkness"],"picked":"Compile Driver","floor":6},{"not_picked":["Coolheaded","Ball Lightning"],"picked":"Go for the Eyes","floor":7},{"not_picked":["Cold Snap","Ball Lightning"],"picked":"Electrodynamics","floor":10},{"not_picked":["BootSequence+1","Ball Lightning"],"picked":"Chaos+1","floor":11},{"not_picked":["Gash","Streamline"],"picked":"Hologram+1","floor":13},{"not_picked":["Meteor Strike","Biased Cognition"],"picked":"Creative AI","floor":16},{"not_picked":["Gash","Fusion+1","Rebound"],"picked":"SKIP","floor":18},{"not_picked":["Gash+1","All For One"],"picked":"Redo+1","floor":19},{"not_picked":["Coolheaded+1","Steam+1"],"picked":"Genetic Algorithm+1","floor":20},{"not_picked":["Compile Driver","Coolheaded+1","Rebound"],"picked":"SKIP","floor":22},{"not_picked":["Steam+1","Redo+1"],"picked":"Double Energy+1","floor":23},{"not_picked":["Aggregate+1","Ball Lightning"],"picked":"Defragment","floor":25}],"player_experience":513342,"relics_obtained":[{"floor":6,"key":"Dead Branch"},{"floor":9,"key":"Toxic Egg 2"},{"floor":11,"key":"War Paint"},{"floor":23,"key":"Peace Pipe"},{"floor":26,"key":"Bird Faced Urn"}],"event_choices":[],"is_beta":false,"boss_relics":[{"not_picked":["Runic Dome","White Beast Statue"],"picked":"Cursed Key"}],"items_purged_floors":[3,14],"is_endless":false,"potions_floor_spawned":[2,4,5,11,13,19,20,23],"killed_by":"3 Cultists","ascension_level":1}