{"gold_per_floor":[117,50,67,37,53,87,87,118,168,168,178,178,193,206,206,206],"floor_reached":16,"playtime":947,"items_purged":[],"score":151,"play_id":"8bd46823-8233-4337-862f-39067eb7ebc2","local_time":"20190531220908","is_ascension_mode":true,"campfire_choices":[{"floor":7,"key":"REST"},{"floor":10,"key":"REST"},{"floor":15,"key":"REST"}],"neow_cost":"PERCENT_DAMAGE","seed_source_timestamp":9108569273038,"circlet_count":0,"master_deck":["Strike_R","Strike_R","Strike_R","Strike_R","Strike_R","Defend_R","Defend_R","Defend_R","Defend_R","Bash","Dark Embrace","Warcry","Feel No Pain","Shockwave","Seeing Red","Fiend Fire","Ghostly Armor","True Grit","Shrug It Off","Corruption"],"relics":["Burning Blood","Paper Frog","Dream Catcher","Smiling Mask"],"potions_floor_usage":[6,11,16],"damage_taken":[{"damage":10,"enemies":"Cultist","floor":1,"turns":5},{"damage":4,"enemies":"2 Louse","floor":3,"turns":4},{"damage":10,"enemies":"Small Slimes","floor":5,"turns":5},{"damage":39,"enemies":"Lagavulin","floor":6,"turns":9},{"damage":23,"enemies":"3 Sentries","floor":8,"turns":12},{"damage":17,"enemies":"Exordium Wildlife","floor":11,"turns":5},{"damage":2,"enemies":"Blue Slaver","floor":13,"turns":3},{"damage":21,"enemies":"Exordium Thugs","floor":14,"turns":8},{"damage":62,"enemies":"Slime Boss","floor":16,"turns":9}],"seed_played":"-7888244385843306252","potions_obtained":[{"floor":1,"key":"Ancient Potion"},{"floor":4,"key":"AttackPotion"},{"floor":4,"key":"FearPotion"},{"floor":8,"key":"BloodPotion"},{"floor":14,"key":"Ancient Potion"}],"is_trial":false,"path_per_floor":["M","$","M","?","M","E","R","E","T","R","M","?","M","M","R","B"],"character_chosen":"IRONCLAD","items_purchased":["Feel No Pain"],"campfire_rested":3,"item_purchase_floors":[2],"current_hp_per_floor":[47,47,49,49,45,12,36,19,19,43,40,40,44,29,53,0],"gold":206,"neow_bonus":"THREE_RARE_CARDS","is_prod":false,"is_daily":false,"chose_seed":false,"campfire_upgraded":0,"win_rate":0,"timestamp":1559354948,"path_taken":["M","$","M","?","?","E","R","E","T","R","M","?","M","M","R","BOSS"],"build_version":"2019-01-23","purchased_purges":0,"victory":false,"max_hp_per_floor":[80,80,80,80,80,80,80,80,80,80,80,80,80,80,80,80],"card_choices":[{"not_picked":["Barricade","Juggernaut"],"picked":"Dark Embrace","floor":0},{"not_picked":["Dual Wield","Blood for Blood"],"picked":"Warcry","floor":1},{"not_picked":["Battle Trance","Iron Wave","Headbutt"],"picked":"SKIP","floor":3},{"not_picked":["Fire Breathing","Armaments"],"picked":"Shockwave","floor":5},{"not_picked":["Pummel","Perfected Strike"],"picked":"Seeing Red","floor":6},{"not_picked":["Shockwave","Rupture"],"picked":"Fiend Fire","floor":8},{"not_picked":["Twin Strike","Shockwave"],"picked":"Ghostly Armor","floor":11},{"not_picked":["Iron Wave","Perfected Strike"],"picked":"True Grit","floor":13},{"not_picked":["Thunderclap","Pommel Strike"],"picked":"Shrug It Off","floor":14},{"not_picked":["Body Slam","Spot Weakness"],"picked":"Corruption","floor":15}],"player_experience":344103,"relics_obtained":[{"floor":6,"key":"Paper Frog"},{"floor":8,"key":"Dream Catcher"},{"floor":9,"key":"Smiling Mask"}],"event_choices":[{"damage_healed":0,"gold_gain":0,"player_choice":"Bought 2 Potions","damage_taken":0,"max_hp_gain":0,"max_hp_loss":0,"event_name":"The Woman in Blue","floor":4,"gold_loss":0},{"damage_healed":0,"gold_gain":0,"player_choice":"Ignored","damage_taken":0,"max_hp_gain":0,"max_hp_loss":0,"event_name":"Liars Game","floor":12,"gold_loss":0}],"is_beta":false,"boss_relics":[],"items_purged_floors":[],"is_endless":false,"potions_floor_spawned":[1,8,14],"killed_by":"Slime Boss","ascension_level":7}