{"gold_per_floor":[113,127,127,143,154,154,183,183,183,74,87,105,116,128,128,228,228,239,239,249,72,120,120,120,148,171,46,56,84,84,101,101,201,201,212,226,76,96,115,115,115],"floor_reached":41,"playtime":2390,"items_purged":["Strike_R","Strike_R","Strike_R","Strike_R"],"score":528,"play_id":"96238253-b21e-41ac-b529-4e52fd87d1a3","local_time":"20190429203140","is_ascension_mode":true,"campfire_choices":[{"data":"Inflame","floor":6,"key":"SMITH"},{"floor":8,"key":"RECALL"},{"floor":15,"key":"REST"},{"floor":23,"key":"REST"},{"floor":32,"key":"REST"},{"floor":40,"key":"REST"}],"neow_cost":"NONE","seed_source_timestamp":590998183136800,"circlet_count":0,"master_deck":["Defend_R","Defend_R+1","Defend_R+1","Defend_R","Bash","Cleave","Evolve","Inflame+1","Rampage","Shrug It Off","Juggernaut","Impervious","Inflame","Ghostly","Ghostly","Ghostly","Ghostly","Ghostly","Feed","Parasite"],"relics":["Burning Blood","War Paint","Singing Bowl","Fusion Hammer","WingedGreaves","Bronze Scales","Nloth\u0027s Gift","Sozu"],"potions_floor_usage":[11,13,16,39,41],"damage_taken":[{"damage":7,"enemies":"Small Slimes","floor":1,"turns":4},{"damage":6,"enemies":"Cultist","floor":2,"turns":3},{"damage":0,"enemies":"2 Louse","floor":4,"turns":2},{"damage":29,"enemies":"Exordium Thugs","floor":5,"turns":7},{"damage":40,"enemies":"Gremlin Nob","floor":7,"turns":5},{"damage":8,"enemies":"Blue Slaver","floor":11,"turns":4},{"damage":9,"enemies":"Looter","floor":12,"turns":3},{"damage":7,"enemies":"Gremlin Gang","floor":13,"turns":4},{"damage":12,"enemies":"Large Slime","floor":14,"turns":3},{"damage":49,"enemies":"Slime Boss","floor":16,"turns":11},{"damage":10,"enemies":"Chosen","floor":18,"turns":5},{"damage":25,"enemies":"3 Byrds","floor":20,"turns":6},{"damage":6,"enemies":"Slavers","floor":25,"turns":7},{"damage":4,"enemies":"Cultist and Chosen","floor":28,"turns":8},{"damage":8,"enemies":"Book of Stabbing","floor":29,"turns":7},{"damage":2,"enemies":"Centurion and Healer","floor":31,"turns":9},{"damage":19,"enemies":"Collector","floor":33,"turns":12},{"damage":0,"enemies":"Orb Walker","floor":35,"turns":4},{"damage":2,"enemies":"3 Shapes","floor":36,"turns":4},{"damage":0,"enemies":"Transient","floor":38,"turns":5},{"damage":10,"enemies":"Writhing Mass","floor":39,"turns":7},{"damage":153,"enemies":"Giant Head","floor":41,"turns":10}],"seed_played":"3959171304435755560","potions_obtained":[{"floor":2,"key":"SneckoOil"},{"floor":4,"key":"FearPotion"},{"floor":7,"key":"Block Potion"},{"floor":14,"key":"Poison Potion"},{"floor":16,"key":"FairyPotion"},{"floor":18,"key":"GamblersBrew"},{"floor":19,"key":"Block Potion"},{"floor":28,"key":"Swift Potion"}],"is_trial":false,"path_per_floor":["M","M","?","M","M","R","E","R","T","$","M","M","M","M","R","B",null,"M","?","M","$","T","R","?","E","T","$","M","E","?","M","R","B",null,"M","M","$","M","M","R","E"],"character_chosen":"IRONCLAD","items_purchased":["Rampage","Inflame"],"campfire_rested":4,"item_purchase_floors":[10,21],"current_hp_per_floor":[87,87,87,88,65,65,31,31,31,31,31,28,29,25,53,10,94,92,92,73,73,73,96,48,50,50,50,52,52,52,56,56,43,56,58,60,60,62,60,64,0],"gold":115,"neow_bonus":"TEN_PERCENT_HP_BONUS","is_prod":false,"is_daily":false,"chose_seed":false,"campfire_upgraded":1,"win_rate":0,"timestamp":1556584300,"path_taken":["M","M","?","?","M","R","E","R","T","$","M","M","M","M","R","BOSS","M","?","M","$","?","R","?","E","T","$","M","E","?","M","R","BOSS","M","?","$","M","M","R","E"],"build_version":"2019-01-23","purchased_purges":4,"victory":false,"max_hp_per_floor":[88,88,88,88,88,88,88,88,88,88,90,90,92,94,94,94,94,96,96,96,96,96,96,48,50,50,50,52,54,54,56,56,56,56,58,60,60,62,64,64,64],"card_choices":[{"not_picked":["Wild Strike","Clash"],"picked":"Cleave","floor":1},{"not_picked":["Havoc","Intimidate","Iron Wave"],"picked":"SKIP","floor":2},{"not_picked":["Combust","Thunderclap"],"picked":"Evolve","floor":4},{"not_picked":["Heavy Blade","Wild Strike"],"picked":"Inflame","floor":5},{"not_picked":["Fiend Fire","Clash","Burning Pact"],"picked":"SKIP","floor":7},{"not_picked":["Anger","Body Slam","Disarm"],"picked":"Singing Bowl","floor":11},{"not_picked":["Armaments","Twin Strike"],"picked":"Shrug It Off","floor":12},{"not_picked":["Rupture","Flex","Pummel"],"picked":"Singing Bowl","floor":13},{"not_picked":["Perfected Strike","Ghostly Armor","Fire Breathing"],"picked":"Singing Bowl","floor":14},{"not_picked":["Exhume","Immolate"],"picked":"Juggernaut","floor":16},{"not_picked":["Perfected Strike","Twin Strike","Heavy Blade"],"picked":"Singing Bowl","floor":18},{"not_picked":["Heavy Blade","Warcry"],"picked":"Impervious","floor":20},{"not_picked":["Exhume","Perfected Strike","Infernal Blade+1"],"picked":"Singing Bowl","floor":25},{"not_picked":["Anger","True Grit","Second Wind+1"],"picked":"Singing Bowl","floor":28},{"not_picked":["Heavy Blade","Dark Embrace","Anger"],"picked":"Singing Bowl","floor":29},{"not_picked":["Shrug It Off","Flex","Clash"],"picked":"Singing Bowl","floor":31},{"not_picked":["Reaper","Dark Embrace"],"picked":"Feed","floor":33},{"not_picked":["Pommel Strike","Twin Strike+1","Blood for Blood+1"],"picked":"Singing Bowl","floor":35},{"not_picked":["Thunderclap","Clash","Blood for Blood+1"],"picked":"Singing Bowl","floor":36},{"not_picked":["Clothesline","Double Tap","Spot Weakness+1"],"picked":"Singing Bowl","floor":38},{"not_picked":["Heavy Blade+1","Warcry+1","Perfected Strike+1"],"picked":"Singing Bowl","floor":39}],"player_experience":218191,"relics_obtained":[{"floor":7,"key":"War Paint"},{"floor":9,"key":"Singing Bowl"},{"floor":25,"key":"WingedGreaves"},{"floor":26,"key":"Anchor"},{"floor":29,"key":"Bronze Scales"}],"event_choices":[{"cards_removed":["Strike_R"],"damage_healed":0,"gold_gain":0,"player_choice":"Offered Basic","damage_taken":0,"max_hp_gain":0,"max_hp_loss":0,"event_name":"Bonfire Elementals","floor":3,"gold_loss":0},{"damage_healed":0,"gold_gain":0,"player_choice":"Got Potions","damage_taken":0,"max_hp_gain":0,"max_hp_loss":0,"event_name":"Lab","floor":19,"gold_loss":0},{"damage_healed":0,"gold_gain":0,"player_choice":"Became a Ghost","damage_taken":0,"max_hp_gain":0,"max_hp_loss":48,"event_name":"Ghosts","floor":24,"gold_loss":0,"cards_obtained":["Ghostly","Ghostly","Ghostly","Ghostly","Ghostly"]},{"damage_healed":0,"gold_gain":0,"player_choice":"Traded Relic","damage_taken":0,"relics_obtained":["Nloth\u0027s Gift"],"max_hp_gain":0,"max_hp_loss":0,"event_name":"N\u0027loth","floor":30,"relics_lost":["Anchor"],"gold_loss":0}],"is_beta":false,"boss_relics":[{"not_picked":["Velvet Choker","Philosopher\u0027s Stone"],"picked":"Fusion Hammer"},{"not_picked":["Black Blood","Runic Pyramid"],"picked":"Sozu"}],"items_purged_floors":[10,21,27,37],"is_endless":false,"potions_floor_spawned":[2,4,7,14,16,18,28,29,33,39],"killed_by":"Giant Head","ascension_level":3}