{"gold_per_floor":[117,42,53,53,53,83,83,115,115,115,128,128,142,153,153,230,230,247,258,272,291,307,307,333,333,333,128,128,138,138,138,138,214,214,228,247,261,136,156,188,188,214,240,240],"floor_reached":44,"playtime":2082,"items_purged":["Defend_B","Hyperbeam","All For One"],"score":1235,"play_id":"252eac80-93cb-4679-9be2-b08a0bc65a04","local_time":"20190519174141","is_ascension_mode":true,"campfire_choices":[{"data":"Melter","floor":7.0,"key":"SMITH"},{"data":"Dualcast","floor":12.0,"key":"SMITH"},{"data":"Recycle","floor":15.0,"key":"SMITH"},{"data":"Gash","floor":23.0,"key":"SMITH"},{"data":"Defragment","floor":25.0,"key":"SMITH"},{"data":"Defragment","floor":30.0,"key":"SMITH"},{"data":"FTL","floor":32.0,"key":"SMITH"},{"data":"Double Energy","floor":41.0,"key":"SMITH"}],"neow_cost":"NONE","seed_source_timestamp":171048522803000,"circlet_count":0,"master_deck":["AscendersBane","Zap+1","Dualcast+1","Melter+1","Chill","Gash+1","Steam","Recycle+1","Chill","Machine Learning","BootSequence","Self Repair","Defragment+1","FTL+1","Gash+1","White Noise+1","Good Instincts+1","Defragment+1","Reboot","Beam Cell","Double Energy+1","FTL+1","Beam Cell+1"],"special_seed":0,"relics":["Cracked Core","NeowsBlessing","FossilizedHelix","Unceasing Top","Bottled Flame","Pandora\u0027s Box","DataDisk","Gambling Chip","Runic Dome","Gremlin Horn","Lantern","Whetstone"],"potions_floor_usage":[],"damage_taken":[{"damage":0.0,"enemies":"Jaw Worm","floor":1.0,"turns":1.0},{"damage":0.0,"enemies":"2 Louse","floor":3.0,"turns":1.0},{"damage":0.0,"enemies":"Gremlin Nob","floor":6.0,"turns":1.0},{"damage":18.0,"enemies":"Lagavulin","floor":8.0,"turns":6.0},{"damage":0.0,"enemies":"Small Slimes","floor":11.0,"turns":2.0},{"damage":0.0,"enemies":"Exordium Thugs","floor":13.0,"turns":5.0},{"damage":0.0,"enemies":"Gremlin Gang","floor":14.0,"turns":3.0},{"damage":30.0,"enemies":"The Guardian","floor":16.0,"turns":8.0},{"damage":9.0,"enemies":"Chosen","floor":18.0,"turns":4.0},{"damage":0.0,"enemies":"Spheric Guardian","floor":19.0,"turns":3.0},{"damage":8.0,"enemies":"Snake Plant","floor":20.0,"turns":3.0},{"damage":0.0,"enemies":"Snecko","floor":21.0,"turns":5.0},{"damage":0.0,"enemies":"Centurion and Healer","floor":22.0,"turns":4.0},{"damage":0.0,"enemies":"Gremlin Leader","floor":24.0,"turns":3.0},{"damage":0.0,"enemies":"3 Cultists","floor":29.0,"turns":3.0},{"damage":0.0,"enemies":"Automaton","floor":33.0,"turns":4.0},{"damage":0.0,"enemies":"Orb Walker","floor":35.0,"turns":3.0},{"damage":0.0,"enemies":"3 Shapes","floor":36.0,"turns":3.0},{"damage":0.0,"enemies":"Sphere and 2 Shapes","floor":37.0,"turns":2.0},{"damage":0.0,"enemies":"Maw","floor":39.0,"turns":3.0},{"damage":26.0,"enemies":"Reptomancer","floor":40.0,"turns":6.0},{"damage":0.0,"enemies":"Nemesis","floor":42.0,"turns":3.0},{"damage":64,"enemies":"Reptomancer","floor":44,"turns":3}],"seed_played":"110813683802523202","potions_obtained":[{"floor":1.0,"key":"Fire Potion"},{"floor":14.0,"key":"SpeedPotion"},{"floor":16.0,"key":"PowerPotion"},{"floor":21.0,"key":"Fruit Juice"},{"floor":35.0,"key":"Ancient Potion"},{"floor":42.0,"key":"SpeedPotion"}],"is_trial":false,"path_per_floor":["M","$","M","?","?","E","R","E","T","?","M","R","M","M","R","B",null,"M","M","M","M","M","R","E","R","T","$","?","M","R","?","R","B",null,"M","M","M","$","M","E","R","E","T","E"],"character_chosen":"DEFECT","items_purchased":["Good Instincts"],"campfire_rested":0,"item_purchase_floors":[27],"current_hp_per_floor":[64,64,64,64,64,64,64,46,46,46,46,46,46,46,46,16,57,55,62,54,66,73,73,73,73,73,73,73,76,76,76,76,76,76,76,76,76,76,76,57,57,64,64,0],"gold":240,"neow_bonus":"THREE_ENEMY_KILL","is_prod":false,"is_daily":false,"chose_seed":false,"campfire_upgraded":8,"win_rate":0,"timestamp":1558302101,"path_taken":["M","$","M","?","?","E","R","E","T","?","?","R","M","M","R","BOSS","M","?","M","M","M","R","E","R","T","$","?","M","R","?","R","BOSS","M","?","M","$","M","E","R","E","T","E"],"build_version":"2019-05-07","purchased_purges":3,"victory":false,"max_hp_per_floor":[71,71,71,71,71,71,71,71,71,71,71,71,71,71,71,71,71,71,71,71,76,76,76,76,76,76,76,76,76,76,76,76,76,76,76,76,76,76,76,76,76,76,76,76],"card_choices":[{"not_picked":["Coolheaded","Capacitor"],"picked":"Melter","floor":1.0},{"not_picked":["Redo","Skim","Compile Driver"],"picked":"SKIP","floor":3.0},{"not_picked":["Redo","Sweeping Beam"],"picked":"Chill","floor":6.0},{"not_picked":["Double Energy","Reinforced Body"],"picked":"Gash","floor":8.0},{"not_picked":["Cold Snap","Darkness"],"picked":"Steam","floor":11.0},{"not_picked":["Leap","Creative AI"],"picked":"Recycle","floor":13.0},{"not_picked":["Chaos","Heatsinks","Stack"],"picked":"SKIP","floor":14.0},{"not_picked":["Creative AI","Seek"],"picked":"All For One","floor":16.0},{"not_picked":["Conserve Battery","Turbo"],"picked":"FTL","floor":18.0},{"not_picked":["Doom and Gloom+1","Streamline","Conserve Battery"],"picked":"SKIP","floor":19.0},{"not_picked":["Sweeping Beam","Redo","Ball Lightning"],"picked":"SKIP","floor":20.0},{"not_picked":["Hologram+1","Leap"],"picked":"Gash","floor":21.0},{"not_picked":["Ball Lightning","Auto Shields+1"],"picked":"White Noise+1","floor":22.0},{"not_picked":["Core Surge","Hologram","Force Field"],"picked":"SKIP","floor":24.0},{"not_picked":["Steam","Barrage"],"picked":"Defragment","floor":29.0},{"not_picked":["Core Surge","Biased Cognition"],"picked":"Reboot","floor":33.0},{"not_picked":["Aggregate","Sunder"],"picked":"Beam Cell","floor":35.0},{"not_picked":["Coolheaded","Steam Power","Streamline"],"picked":"SKIP","floor":36.0},{"not_picked":["Stack","Conserve Battery+1"],"picked":"Double Energy","floor":37.0},{"not_picked":["Streamline+1","Barrage+1"],"picked":"FTL","floor":39.0},{"not_picked":["Turbo","Force Field","Self Repair+1"],"picked":"SKIP","floor":40.0},{"not_picked":["Turbo","Force Field","Self Repair+1"],"picked":"SKIP","floor":40.0},{"not_picked":["Meteor Strike","Steam Power"],"picked":"Beam Cell","floor":42.0}],"player_experience":709481,"relics_obtained":[{"floor":6.0,"key":"FossilizedHelix"},{"floor":8.0,"key":"Unceasing Top"},{"floor":9.0,"key":"Bottled Flame"},{"floor":24.0,"key":"DataDisk"},{"floor":26.0,"key":"Gambling Chip"},{"floor":40.0,"key":"Gremlin Horn"},{"floor":42.0,"key":"Lantern"},{"floor":43.0,"key":"Whetstone"}],"event_choices":[{"damage_healed":0.0,"max_hp_gain":0.0,"max_hp_loss":0.0,"gold_gain":0.0,"event_name":"Liars Game","player_choice":"Ignored","floor":4.0,"gold_loss":0.0,"damage_taken":0.0},{"damage_healed":0.0,"max_hp_gain":0.0,"max_hp_loss":0.0,"gold_gain":0.0,"event_name":"Living Wall","player_choice":"Grow","floor":5.0,"gold_loss":0.0,"damage_taken":0.0,"cards_upgraded":["Zap"]},{"damage_healed":0.0,"max_hp_gain":0.0,"max_hp_loss":0.0,"gold_gain":0.0,"event_name":"Upgrade Shrine","player_choice":"Upgraded","floor":10.0,"gold_loss":0.0,"damage_taken":0.0,"cards_upgraded":["Gash"]},{"cards_removed":["Hello World"],"damage_healed":0.0,"max_hp_gain":0.0,"max_hp_loss":0.0,"gold_gain":0.0,"event_name":"Back to Basics","player_choice":"Elegance","floor":28.0,"gold_loss":0.0,"damage_taken":0.0},{"damage_healed":0.0,"max_hp_gain":0.0,"max_hp_loss":0.0,"gold_gain":0.0,"event_name":"Upgrade Shrine","player_choice":"Upgraded","floor":31.0,"gold_loss":0.0,"damage_taken":0.0,"cards_upgraded":["Good Instincts"]}],"is_beta":true,"boss_relics":[{"not_picked":["Eternal Feather","Inserter"],"picked":"Pandora\u0027s Box"},{"not_picked":["Fusion Hammer","White Beast Statue"],"picked":"Runic Dome"}],"items_purged_floors":[2,27,38],"is_endless":false,"potions_floor_spawned":[1,14,16,19,21,35,42],"killed_by":"Reptomancer","ascension_level":18}