{"gold_per_floor":[115,115,61,78,96,130,100,100,150,167,184,214,225,239,239,239],"floor_reached":16,"playtime":2048,"items_purged":[],"score":125,"play_id":"bd22ab01-612c-4756-bed8-f961659fb730","local_time":"20190308182802","is_ascension_mode":true,"campfire_choices":[{"floor":8,"key":"REST"},{"floor":15,"key":"REST"}],"neow_cost":"NONE","seed_source_timestamp":69412094577430,"circlet_count":0,"master_deck":["Defend_G","Defend_G","Defend_G","Defend_G","Defend_G","Strike_G","Strike_G","Strike_G","Strike_G","Survivor","Neutralize","PiercingWail","Flying Knee","Dodge and Roll","Backflip","After Image","Backstab","Caltrops","Adrenaline"],"relics":["Ring of the Snake","NeowsBlessing","Dream Catcher","Happy Flower","Ninja Scroll"],"potions_floor_usage":[16,16],"damage_taken":[{"damage":0,"enemies":"Small Slimes","floor":1,"turns":1},{"damage":0,"enemies":"Cultist","floor":4,"turns":1},{"damage":0,"enemies":"Jaw Worm","floor":5,"turns":1},{"damage":35,"enemies":"3 Sentries","floor":6,"turns":15},{"damage":3,"enemies":"Looter","floor":7,"turns":4},{"damage":1,"enemies":"Gremlin Gang","floor":10,"turns":6},{"damage":4,"enemies":"3 Louse","floor":11,"turns":5},{"damage":11,"enemies":"Gremlin Nob","floor":12,"turns":5},{"damage":2,"enemies":"Looter","floor":13,"turns":2},{"damage":0,"enemies":"Blue Slaver","floor":14,"turns":2},{"damage":56,"enemies":"Slime Boss","floor":16,"turns":12}],"seed_played":"-4262919642332594820","potions_obtained":[{"floor":4,"key":"GhostInAJar"},{"floor":6,"key":"Energy Potion"},{"floor":13,"key":"Ancient Potion"},{"floor":14,"key":"Swift Potion"}],"is_trial":false,"path_per_floor":["M","?","$","M","M","E","M","R","T","M","M","E","M","M","R","B"],"character_chosen":"THE_SILENT","items_purchased":["Flying Knee"],"campfire_rested":2,"item_purchase_floors":[3],"current_hp_per_floor":[70,70,70,70,70,35,32,53,53,52,48,37,35,35,56,0],"gold":239,"neow_bonus":"THREE_ENEMY_KILL","is_prod":false,"is_daily":false,"chose_seed":false,"campfire_upgraded":0,"win_rate":0,"timestamp":1552058882,"path_taken":["M","?","$","?","M","E","M","R","T","M","M","E","M","M","R","BOSS"],"build_version":"2019-01-23","purchased_purges":0,"victory":false,"max_hp_per_floor":[70,70,70,70,70,70,70,70,70,70,70,70,70,70,70,70],"card_choices":[{"not_picked":["Quick Slash","Slice"],"picked":"PiercingWail","floor":1},{"not_picked":["Sucker Punch","Flying Knee"],"picked":"Dodge and Roll","floor":4},{"not_picked":["Poisoned Stab","Dodge and Roll"],"picked":"Backflip","floor":5},{"not_picked":["Underhanded Strike","Dodge and Roll"],"picked":"After Image","floor":6},{"not_picked":["Leg Sweep","Blade Dance"],"picked":"Backstab","floor":7},{"not_picked":["Heel Hook","Finisher","Deflect"],"picked":"SKIP","floor":10},{"not_picked":["Prepared","Choke"],"picked":"Caltrops","floor":11},{"not_picked":["Dagger Spray","Sucker Punch"],"picked":"Adrenaline","floor":12},{"not_picked":["Flying Knee","Bane","Concentrate"],"picked":"SKIP","floor":13},{"not_picked":["Slice","Masterful Stab","Flechettes"],"picked":"SKIP","floor":14}],"player_experience":671789,"relics_obtained":[{"floor":6,"key":"Dream Catcher"},{"floor":9,"key":"Happy Flower"},{"floor":12,"key":"Ninja Scroll"}],"event_choices":[{"cards_removed":["Strike_G"],"damage_healed":0,"gold_gain":0,"player_choice":"Offered Basic","damage_taken":0,"max_hp_gain":0,"max_hp_loss":0,"event_name":"Bonfire Elementals","floor":2,"gold_loss":0}],"is_beta":false,"boss_relics":[],"items_purged_floors":[],"is_endless":false,"potions_floor_spawned":[4,6,13,14],"killed_by":"Slime Boss","ascension_level":2}