{"gold_per_floor":[113,2,13,32,32,32,0,0,72,107,107,121,121,121,121,121],"floor_reached":16,"playtime":467,"items_purged":["Strike_G"],"score":127,"play_id":"cc96fe08-8de4-46d5-a122-f86a277bf5cb","local_time":"20190402110914","is_ascension_mode":true,"campfire_choices":[{"data":"Neutralize","floor":6,"key":"SMITH"},{"data":"Reflex","floor":8,"key":"SMITH"},{"data":"Prepared","floor":11,"key":"SMITH"},{"data":"Dash","floor":15,"key":"SMITH"}],"neow_cost":"NONE","seed_source_timestamp":328701332841633,"circlet_count":0,"master_deck":["Defend_G","Defend_G","Defend_G","Defend_G","Defend_G","Strike_G","Strike_G","Strike_G","Strike_G","Survivor","Neutralize+1","Prepared+1","Dash+1","Cloak And Dagger","Reflex+1","Dagger Throw","PiercingWail"],"relics":["Ring of the Snake","Pantograph","Ninja Scroll","Bottled Flame"],"potions_floor_usage":[10],"damage_taken":[{"damage":0,"enemies":"2 Louse","floor":1,"turns":4},{"damage":3,"enemies":"Jaw Worm","floor":3,"turns":6},{"damage":1,"enemies":"Cultist","floor":4,"turns":5},{"damage":18,"enemies":"Gremlin Nob","floor":10,"turns":5},{"damage":0,"enemies":"Large Slime","floor":12,"turns":5},{"damage":24,"enemies":"Slime Boss","floor":16,"turns":8}],"seed_played":"-6478347828612685950","potions_obtained":[{"floor":1,"key":"Fire Potion"},{"floor":4,"key":"SpeedPotion"}],"is_trial":false,"path_per_floor":["M","$","M","M","?","R","?","R","T","E","R","M","T","$","R","B"],"character_chosen":"THE_SILENT","items_purchased":["Dash"],"campfire_rested":0,"item_purchase_floors":[2],"current_hp_per_floor":[70,70,67,66,66,66,66,66,66,48,48,48,48,48,48,49],"gold":121,"neow_bonus":"TEN_PERCENT_HP_BONUS","is_prod":false,"is_daily":false,"chose_seed":false,"campfire_upgraded":4,"win_rate":0,"timestamp":1554174554,"path_taken":["M","$","M","M","?","R","?","R","T","E","R","M","?","$","R","BOSS"],"build_version":"2019-01-23","purchased_purges":1,"victory":false,"max_hp_per_floor":[77,77,77,77,77,77,77,77,77,77,77,77,77,77,77,77],"card_choices":[{"not_picked":["Calculated Gamble","Flechettes"],"picked":"Prepared","floor":1},{"not_picked":["Dodge and Roll","Flying Knee"],"picked":"Cloak And Dagger","floor":3},{"not_picked":["Venomology","Dodge and Roll"],"picked":"Reflex","floor":4},{"not_picked":["Footwork","Deflect"],"picked":"Dagger Throw","floor":10},{"not_picked":["Backflip","Sucker Punch"],"picked":"PiercingWail","floor":12}],"player_experience":717627,"relics_obtained":[{"floor":9,"key":"Pantograph"},{"floor":10,"key":"Ninja Scroll"},{"floor":13,"key":"Bottled Flame"}],"event_choices":[{"damage_healed":0,"gold_gain":0,"player_choice":"Ignored","damage_taken":0,"max_hp_gain":0,"max_hp_loss":0,"event_name":"Liars Game","floor":5,"gold_loss":0},{"damage_healed":0,"gold_gain":0,"player_choice":"Left Gold","damage_taken":0,"max_hp_gain":0,"max_hp_loss":0,"event_name":"World of Goop","floor":7,"gold_loss":32}],"is_beta":false,"boss_relics":[],"items_purged_floors":[2],"is_endless":false,"potions_floor_spawned":[1,4],"killed_by":"Slime Boss","ascension_level":6}