{"gold_per_floor":[114,189,202,152,170,170,186,218,242,261,261,261,27,27,27,126,126,137,37,37,52,64,64,79,79,79,91,105,137,0,14,14,113,113,132,58,58,72,90,124,124],"floor_reached":41,"playtime":5171,"items_purged":["Strike_G","Bane+1","Strike_G+1"],"score":490,"play_id":"ddb01ea0-dadc-47da-baed-fced42c0429c","local_time":"20181115115928","is_ascension_mode":true,"campfire_choices":[{"data":"Setup","floor":6,"key":"SMITH"},{"data":"Acrobatics","floor":12,"key":"SMITH"},{"floor":15,"key":"REST"},{"floor":23,"key":"REST"},{"data":"Bullet Time","floor":25,"key":"SMITH"},{"floor":32,"key":"REST"}],"neow_cost":"NONE","seed_source_timestamp":60992221324197,"circlet_count":0,"master_deck":["Defend_G+1","Defend_G+1","Defend_G+1","Defend_G+1","Survivor","Neutralize+1","Finisher","Dash","Setup+1","Blade Dance","Acrobatics+1","Distraction","After Image","Bullet Time+1","Tactician+1","Terror+1","Choke","Acrobatics","Leg Sweep","Well Laid Plans","Acrobatics+1","Underhanded Strike+1","Malaise","Noxious Fumes+1","Burst","Predator","Underhanded Strike","Backflip+1","Parasite","PiercingWail+1","Adrenaline"],"relics":["Ring of the Snake","Ancient Tea Set","Snake Skull","Astrolabe","Pantograph","Smiling Mask","White Beast Statue","Letter Opener"],"potions_floor_usage":[8,16,16,16,16,22,33,40],"damage_taken":[{"damage":1,"enemies":"2 Louse","floor":1,"turns":3},{"damage":0,"enemies":"Small Slimes","floor":3,"turns":3},{"damage":0,"enemies":"Jaw Worm","floor":5,"turns":2},{"damage":0,"enemies":"Blue Slaver","floor":7,"turns":5},{"damage":9,"enemies":"3 Sentries","floor":8,"turns":11},{"damage":0,"enemies":"3 Louse","floor":10,"turns":4},{"damage":45,"enemies":"Hexaghost","floor":16,"turns":17},{"damage":17,"enemies":"Spheric Guardian","floor":18,"turns":7},{"damage":0,"enemies":"3 Byrds","floor":21,"turns":6},{"damage":36,"enemies":"Shelled Parasite and Fungi","floor":22,"turns":7},{"damage":0,"enemies":"Centurion and Healer","floor":24,"turns":5},{"damage":0,"enemies":"Snecko","floor":27,"turns":3},{"damage":7,"enemies":"Snake Plant","floor":28,"turns":3},{"damage":2,"enemies":"Book of Stabbing","floor":29,"turns":6},{"damage":16,"enemies":"Shelled Parasite and Fungi","floor":31,"turns":7},{"damage":30,"enemies":"Automaton","floor":33,"turns":11},{"damage":10,"enemies":"Orb Walker","floor":35,"turns":5},{"damage":29,"enemies":"3 Darklings","floor":38,"turns":5},{"damage":1,"enemies":"Writhing Mass","floor":39,"turns":7},{"damage":18,"enemies":"Nemesis","floor":40,"turns":7},{"damage":35,"enemies":"4 Shapes","floor":41,"turns":3}],"seed_played":"-832636949426625829","potions_obtained":[{"floor":1,"key":"SkillPotion"},{"floor":5,"key":"Fire Potion"},{"floor":8,"key":"AttackPotion"},{"floor":10,"key":"EntropicBrew"},{"floor":18,"key":"SkillPotion"},{"floor":24,"key":"LiquidBronze"},{"floor":33,"key":"Fire Potion"},{"floor":39,"key":"EntropicBrew"},{"floor":40,"key":"Poison Potion"}],"is_trial":false,"path_per_floor":["M","?","M","?","M","R","M","E","T","M","?","R","$","?","R","B",null,"M","$","?","M","M","R","M","R","T","M","M","E","?","M","R","B",null,"M","$","?","M","M","E","M"],"character_chosen":"THE_SILENT","items_purchased":["After Image","Underhanded Strike"],"campfire_rested":3,"item_purchase_floors":[13,36],"current_hp_per_floor":[69,58,58,58,58,58,58,49,49,49,35,35,35,35,56,11,70,53,53,53,53,17,38,38,38,38,38,31,29,29,13,34,29,70,60,60,60,31,30,27,0],"gold":124,"neow_bonus":"UPGRADE_CARD","is_prod":false,"is_daily":false,"chose_seed":false,"campfire_upgraded":3,"win_rate":0,"timestamp":1542254368,"path_taken":["M","?","M","?","M","R","M","E","T","M","?","R","?","?","R","BOSS","M","$","?","M","M","R","M","R","T","M","M","E","?","M","R","BOSS","M","$","?","?","M","E","M"],"build_version":"2018-11-08","purchased_purges":3,"victory":false,"max_hp_per_floor":[70,70,70,70,70,70,70,70,70,70,70,70,70,70,70,70,70,70,70,70,70,70,70,70,70,70,70,70,70,70,70,70,70,70,70,70,70,70,70,70,70],"card_choices":[{"not_picked":["PiercingWail","Flying Knee"],"picked":"Finisher","floor":1},{"not_picked":["Outmaneuver","Terror"],"picked":"Dash","floor":3},{"not_picked":["Dagger Spray","Underhanded Strike"],"picked":"Setup","floor":5},{"not_picked":["Poisoned Stab","Prepared"],"picked":"Blade Dance","floor":7},{"not_picked":["Catalyst","Sucker Punch"],"picked":"Acrobatics","floor":8},{"not_picked":["Outmaneuver","Prepared"],"picked":"Distraction","floor":10},{"not_picked":["Tools of the Trade","Adrenaline"],"picked":"Bullet Time","floor":16},{"not_picked":["Quick Slash+1","Infinite Blades+1"],"picked":"Choke","floor":18},{"not_picked":["Catalyst","Dagger Spray"],"picked":"Acrobatics","floor":21},{"not_picked":["Poisoned Stab","Dagger Spray"],"picked":"Leg Sweep","floor":22},{"not_picked":["Backstab","Footwork"],"picked":"Well Laid Plans","floor":24},{"not_picked":["PiercingWail+1","Dagger Spray+1"],"picked":"Acrobatics+1","floor":27},{"not_picked":["Sucker Punch+1","Well Laid Plans"],"picked":"Underhanded Strike+1","floor":28},{"not_picked":["Accuracy","Sucker Punch"],"picked":"Malaise","floor":29},{"not_picked":["Cloak And Dagger","Accuracy"],"picked":"Noxious Fumes+1","floor":31},{"not_picked":["Unload","Venomology"],"picked":"Burst","floor":33},{"not_picked":["Backflip","Dagger Throw+1"],"picked":"Predator","floor":35},{"not_picked":["Dash","Bane+1"],"picked":"Backflip+1","floor":38},{"not_picked":["Backflip","Riddle With Holes+1"],"picked":"PiercingWail+1","floor":39},{"not_picked":["PiercingWail","Reflex"],"picked":"Adrenaline","floor":40}],"player_experience":435295,"relics_obtained":[{"floor":8,"key":"Ancient Tea Set"},{"floor":9,"key":"Snake Skull"},{"floor":26,"key":"Pantograph"},{"floor":29,"key":"Smiling Mask"},{"floor":40,"key":"Letter Opener"}],"event_choices":[{"damage_healed":0,"gold_gain":75,"player_choice":"Gather Gold","damage_taken":11,"max_hp_gain":0,"max_hp_loss":0,"event_name":"World of Goop","floor":2,"gold_loss":0},{"cards_removed":["Strike_G"],"damage_healed":0,"gold_gain":0,"player_choice":"Card Removal","damage_taken":0,"max_hp_gain":0,"max_hp_loss":0,"event_name":"The Cleric","floor":4,"gold_loss":50},{"damage_healed":0,"gold_gain":0,"player_choice":"Entered Light","damage_taken":14,"max_hp_gain":0,"max_hp_loss":0,"event_name":"Shining Light","floor":11,"gold_loss":0,"cards_upgraded":["Defend_G","Strike_G"]},{"damage_healed":0,"gold_gain":0,"player_choice":"Fled","damage_taken":0,"max_hp_gain":0,"max_hp_loss":0,"event_name":"Scrap Ooze","floor":14,"gold_loss":0},{"damage_healed":0,"gold_gain":0,"player_choice":"Simplicity","damage_taken":0,"max_hp_gain":0,"max_hp_loss":0,"event_name":"Back to Basics","floor":20,"gold_loss":0,"cards_upgraded":["Defend_G","Defend_G","Defend_G"]},{"damage_healed":0,"gold_gain":0,"player_choice":"Paid Fearfully","damage_taken":0,"max_hp_gain":0,"max_hp_loss":0,"event_name":"Masked Bandits","floor":30,"gold_loss":137},{"damage_healed":0,"gold_gain":0,"player_choice":"Ignored","damage_taken":0,"max_hp_gain":0,"max_hp_loss":0,"event_name":"Transmorgrifier","floor":37,"gold_loss":0}],"is_beta":false,"boss_relics":[{"not_picked":["Snecko Eye","Ring of the Serpent"],"picked":"Astrolabe"},{"not_picked":["Fusion Hammer","Black Star"],"picked":"White Beast Statue"}],"items_purged_floors":[13,19,36],"is_endless":false,"potions_floor_spawned":[1,5,8,10,18,24,31,33,35,38,39,40],"killed_by":"4 Shapes","ascension_level":2}