{"gold_per_floor":[115,125,0,13,29,29,29,43,66,90,90,90,115,131,131,252,252,272,272,291,64,80,80,104,29,55,55,55],"floor_reached":28,"playtime":5710,"items_purged":["Strike_G"],"score":214,"play_id":"19fcd01a-2b19-493c-a5a4-584a8aa50df4","local_time":"20181009023105","is_ascension_mode":false,"campfire_choices":[{"data":"Strike_G","floor":6.0,"key":"SMITH"},{"floor":11.0,"key":"REST"},{"floor":15.0,"key":"REST"},{"floor":23,"key":"REST"},{"floor":27,"key":"REST"}],"neow_cost":"NONE","seed_source_timestamp":0,"circlet_count":0,"master_deck":["Defend_G","Defend_G","Defend_G+1","Defend_G+1","Strike_G","Strike_G","Strike_G+1","Survivor","Neutralize","Poisoned Stab","Dagger Spray","Footwork","Leg Sweep","Outmaneuver","Blur","Flying Knee","Predator","Dagger Spray","After Image","Riddle With Holes","Deadly Poison","Poisoned Stab","Poisoned Stab","Distraction","Quick Slash","Dash+1","Well Laid Plans","Escape Plan","Outmaneuver+1"],"special_seed":0,"relics":["Ring of the Snake","Golden Idol","Oddly Smooth Stone","Orrery","War Paint","Orichalcum"],"potions_floor_usage":[22,24,28],"damage_taken":[{"damage":2.0,"enemies":"Small Slimes","floor":1.0,"turns":3.0},{"damage":0.0,"enemies":"Jaw Worm","floor":2.0,"turns":4.0},{"damage":0.0,"enemies":"Cultist","floor":4.0,"turns":4.0},{"damage":2.0,"enemies":"Blue Slaver","floor":5.0,"turns":5.0},{"damage":7.0,"enemies":"Large Slime","floor":8.0,"turns":8.0},{"damage":9.0,"enemies":"Gremlin Gang","floor":10.0,"turns":4.0},{"damage":4.0,"enemies":"3 Louse","floor":13.0,"turns":4.0},{"damage":0.0,"enemies":"Large Slime","floor":14.0,"turns":5.0},{"damage":27.0,"enemies":"The Guardian","floor":16.0,"turns":17.0},{"damage":21.0,"enemies":"Spheric Guardian","floor":18.0,"turns":6.0},{"damage":15,"enemies":"3 Byrds","floor":20,"turns":5},{"damage":30,"enemies":"Snake Plant","floor":22,"turns":6},{"damage":32,"enemies":"3 Cultists","floor":24,"turns":9},{"damage":39,"enemies":"Book of Stabbing","floor":28,"turns":9}],"seed_played":"9202411719807864055","potions_obtained":[{"floor":2.0,"key":"SmokeBomb"},{"floor":8.0,"key":"SkillPotion"},{"floor":13.0,"key":"Regen Potion"},{"floor":22,"key":"EssenceOfSteel"},{"floor":24,"key":"Regen Potion"}],"is_trial":false,"path_per_floor":["M","M","$","M","M","R","?","M","T","M","R","$","M","M","R","B",null,"M","?","M","$","M","R","M","?","T","R"],"character_chosen":"THE_SILENT","items_purchased":["PowerPotion","Well Laid Plans","War Paint"],"campfire_rested":4,"item_purchase_floors":[3,21,21],"current_hp_per_floor":[68,68,68,68,66,66,49,42,42,33,54,54,50,50,70,43,70,49,49,34,34,13,34,2,2,2,23,0],"gold":55,"neow_bonus":"TRANSFORM_CARD","is_prod":false,"is_daily":false,"chose_seed":false,"campfire_upgraded":1,"win_rate":0.0,"timestamp":1539041465,"path_taken":["M","M","$","M","M","R","?","M","T","?","R","$","M","M","R","BOSS","M","?","M","$","?","R","M","?","T","R","E"],"build_version":"2018-10-04v2","purchased_purges":1,"victory":false,"max_hp_per_floor":[70,70,70,70,70,70,70,70,70,70,70,70,70,70,70,70,70,70,70,70,70,70,70,70,70,70,70,70],"card_choices":[{"not_picked":["Slice","Outmaneuver"],"picked":"Dagger Spray","floor":1.0},{"not_picked":["Dagger Spray","Dagger Throw"],"picked":"Footwork","floor":2.0},{"not_picked":["Masterful Stab","Prepared"],"picked":"Leg Sweep","floor":4.0},{"not_picked":["Night Terror","Blade Dance"],"picked":"Outmaneuver","floor":5.0},{"not_picked":["Deadly Poison","Deflect"],"picked":"Blur","floor":8.0},{"not_picked":["Skewer","Predator"],"picked":"Flying Knee","floor":10.0},{"not_picked":["Adrenaline","Backflip"],"picked":"Predator","floor":13.0},{"not_picked":["Outmaneuver","Distraction"],"picked":"Dagger Spray","floor":14.0},{"not_picked":["A Thousand Cuts","Venomology"],"picked":"After Image","floor":16.0},{"not_picked":["Bane","Underhanded Strike"],"picked":"Riddle With Holes","floor":17.0},{"not_picked":["PiercingWail","Acrobatics"],"picked":"Deadly Poison","floor":17.0},{"not_picked":["Bane","Endless Agony"],"picked":"Poisoned Stab","floor":17.0},{"not_picked":["Footwork","Backflip"],"picked":"Poisoned Stab","floor":17.0},{"not_picked":["Dagger Throw","Heel Hook"],"picked":"Distraction","floor":17.0},{"not_picked":["Dash","Reflex"],"picked":"Quick Slash","floor":18},{"not_picked":["Acrobatics","Prepared+1"],"picked":"Dash+1","floor":20},{"not_picked":["Reflex","All Out Attack"],"picked":"Escape Plan","floor":22},{"not_picked":["Dagger Spray","Leg Sweep+1"],"picked":"Outmaneuver+1","floor":24}],"player_experience":30303,"relics_obtained":[{"floor":9.0,"key":"Oddly Smooth Stone"},{"floor":26,"key":"Orichalcum"}],"event_choices":[{"event_name":"Golden Idol","player_choice":"Take Damage","floor":7.0,"damage_taken":0.0},{"event_name":"Ghosts","player_choice":"Ignored","floor":19,"damage_taken":0},{"event_name":"Beggar","player_choice":"Gave Gold","floor":25,"damage_taken":0}],"is_beta":false,"boss_relics":[{"not_picked":["Eternal Feather","Velvet Choker"],"picked":"Orrery"}],"items_purged_floors":[3],"is_endless":false,"potions_floor_spawned":[2,4,8,10,13,22,24],"killed_by":"Book of Stabbing","ascension_level":0}