{"gold_per_floor":[112,37,57,68,78,78,110,126,176,45,63,88,88,102,102,198,198,180,180,28,0,0,28,28,59,59,9,9,9,29,41,41,141,141,158,177,193,61,61,61,74,74],"floor_reached":42,"playtime":3034,"items_purged":["Strike_R","Strike_R","Defend_R","Defend_R"],"score":544,"play_id":"701c35e6-0220-45cd-8e28-47e152d43363","local_time":"20190511224552","is_ascension_mode":true,"campfire_choices":[{"data":"Clothesline","floor":6.0,"key":"SMITH"},{"data":"Uppercut","floor":15,"key":"SMITH"},{"data":"Limit Break","floor":24,"key":"SMITH"},{"data":"Disarm","floor":32,"key":"SMITH"},{"floor":40,"key":"RECALL"}],"neow_cost":"NONE","seed_source_timestamp":90738075089900,"circlet_count":0,"master_deck":["Strike_R","Strike_R","Strike_R","Defend_R","Bash","Clothesline+1","Spot Weakness","Shrug It Off","Flex","Bandage Up","Uppercut+1","Rampage","Double Tap","Limit Break+1","Flame Barrier","Disarm+1","Shrug It Off+1","Demon Form","True Grit+1","Heavy Blade+1","Whirlwind","Pain"],"special_seed":0,"relics":["Burning Blood","Red Skull","Smiling Mask","Bottled Flame","NlothsMask","Lizard Tail","MutagenicStrength","Happy Flower","PreservedInsect","Singing Bowl","Gremlin Horn","Cursed Key","WarpedTongs"],"potions_floor_usage":[14,33,41],"damage_taken":[{"damage":6.0,"enemies":"Cultist","floor":1.0,"turns":3.0},{"damage":4.0,"enemies":"Jaw Worm","floor":3.0,"turns":3.0},{"damage":8.0,"enemies":"2 Louse","floor":4.0,"turns":3.0},{"damage":5.0,"enemies":"Blue Slaver","floor":5.0,"turns":5.0},{"damage":36.0,"enemies":"Gremlin Nob","floor":7.0,"turns":5.0},{"damage":9.0,"enemies":"Looter","floor":8.0,"turns":3.0},{"damage":6.0,"enemies":"2 Fungi Beasts","floor":11.0,"turns":4.0},{"damage":39.0,"enemies":"3 Sentries","floor":12.0,"turns":8.0},{"damage":19,"enemies":"Lots of Slimes","floor":14,"turns":4},{"damage":43,"enemies":"Slime Boss","floor":16,"turns":10},{"damage":25,"enemies":"2 Thieves","floor":18,"turns":4},{"damage":85,"enemies":"Slavers","floor":23,"turns":8},{"damage":0,"enemies":"Gremlin Leader","floor":25,"turns":4},{"damage":11,"enemies":"Chosen","floor":30,"turns":5},{"damage":13,"enemies":"Snake Plant","floor":31,"turns":5},{"damage":47,"enemies":"Champ","floor":33,"turns":11},{"damage":9,"enemies":"3 Shapes","floor":35,"turns":6},{"damage":36,"enemies":"3 Darklings","floor":36,"turns":6},{"damage":22,"enemies":"Maw","floor":37,"turns":6},{"damage":44,"enemies":"4 Shapes","floor":41,"turns":6},{"damage":12,"enemies":"3 Darklings","floor":42,"turns":2}],"seed_played":"6739069196097186400","potions_obtained":[{"floor":3.0,"key":"Strength Potion"},{"floor":8.0,"key":"Regen Potion"},{"floor":11.0,"key":"Poison Potion"},{"floor":12,"key":"LiquidBronze"},{"floor":14,"key":"FairyPotion"},{"floor":31,"key":"Strength Potion"},{"floor":33,"key":"Ancient Potion"},{"floor":36,"key":"AttackPotion"}],"is_trial":false,"path_per_floor":["M","$","M","M","M","R","E","M","T","$","M","E","?","M","R","B",null,"M","?","$","?","T","E","R","E","T","$","?","?","M","M","R","B",null,"M","M","M","$","?","R","M","M"],"character_chosen":"IRONCLAD","items_purchased":["Bandage Up","Happy Flower","Whirlwind"],"campfire_rested":0,"item_purchase_floors":[10,20,38],"current_hp_per_floor":[80,80,80,78,79,79,49,46,46,46,50,36,36,27,27,14,80,65,65,65,65,65,38,38,50,50,50,50,50,49,48,48,11,84,83,56,44,44,44,44,12,0],"gold":74,"neow_bonus":"REMOVE_CARD","is_prod":false,"is_daily":false,"chose_seed":false,"campfire_upgraded":4,"win_rate":0,"timestamp":1557629152,"path_taken":["M","?","M","?","M","R","E","?","T","$","M","E","?","?","R","BOSS","M","?","$","?","?","E","R","E","T","$","?","?","M","M","R","BOSS","M","M","M","$","?","R","M","M"],"build_version":"2019-01-23","purchased_purges":4,"victory":false,"max_hp_per_floor":[80,80,80,80,80,80,80,80,80,80,80,80,80,80,80,80,80,80,80,80,80,80,80,80,82,82,82,82,82,82,84,84,84,84,86,86,86,86,86,86,88,88],"card_choices":[{"not_picked":["Pummel","Iron Wave"],"picked":"Clothesline","floor":1.0},{"not_picked":["Twin Strike","Whirlwind"],"picked":"Spot Weakness","floor":3.0},{"not_picked":["Havoc","Infernal Blade"],"picked":"Shrug It Off","floor":4.0},{"not_picked":["Perfected Strike","Wild Strike","Entrench"],"picked":"SKIP","floor":5.0},{"not_picked":["Bloodletting","Entrench","Havoc"],"picked":"SKIP","floor":7.0},{"not_picked":["Combust","Feel No Pain"],"picked":"Flex","floor":8.0},{"not_picked":["Cleave","Inflame"],"picked":"Uppercut","floor":11.0},{"not_picked":["Wild Strike","Searing Blow"],"picked":"Rampage","floor":12},{"not_picked":["Reckless Charge","Flex"],"picked":"Double Tap","floor":14},{"not_picked":["Dark Embrace","Exhume"],"picked":"Limit Break","floor":16},{"not_picked":["Pommel Strike","Cleave"],"picked":"Flame Barrier","floor":18},{"not_picked":["Armaments","Clothesline","Dual Wield+1"],"picked":"SKIP","floor":23},{"not_picked":["Armaments","Clothesline","Dual Wield+1"],"picked":"SKIP","floor":23},{"not_picked":["Sword Boomerang","Power Through","Wild Strike"],"picked":"Singing Bowl","floor":25},{"not_picked":["Reckless Charge","Iron Wave"],"picked":"Shrug It Off+1","floor":30},{"not_picked":["Flex","Rampage","Flame Barrier"],"picked":"Singing Bowl","floor":31},{"not_picked":["Limit Break","Offering"],"picked":"Demon Form","floor":33},{"not_picked":["Shrug It Off+1","Anger+1","Fire Breathing+1"],"picked":"Singing Bowl","floor":35},{"not_picked":["Armaments+1","Wild Strike+1"],"picked":"True Grit+1","floor":36},{"not_picked":["Dual Wield+1","Disarm"],"picked":"Heavy Blade+1","floor":37},{"not_picked":["Power Through","Thunderclap+1","Pummel"],"picked":"Singing Bowl","floor":41}],"player_experience":264585,"relics_obtained":[{"floor":7.0,"key":"Red Skull"},{"floor":9.0,"key":"Smiling Mask"},{"floor":12,"key":"Bottled Flame"},{"floor":23,"key":"PreservedInsect"},{"floor":25,"key":"Singing Bowl"},{"floor":26,"key":"Gremlin Horn"}],"event_choices":[{"damage_healed":0,"gold_gain":0,"player_choice":"Trade","damage_taken":0,"relics_obtained":["NlothsMask"],"max_hp_gain":0,"max_hp_loss":0,"event_name":"FaceTrader","floor":13,"gold_loss":0},{"damage_healed":0,"gold_gain":0,"player_choice":"Inject Mutagens","damage_taken":0,"relics_obtained":["MutagenicStrength"],"max_hp_gain":0,"max_hp_loss":0,"event_name":"Drug Dealer","floor":19,"gold_loss":0},{"damage_healed":0,"gold_gain":0,"player_choice":"Paid Fearfully","damage_taken":0,"max_hp_gain":0,"max_hp_loss":0,"event_name":"Masked Bandits","floor":21,"gold_loss":28},{"damage_healed":0,"gold_gain":0,"player_choice":"Read","damage_taken":0,"max_hp_gain":0,"max_hp_loss":0,"event_name":"The Library","floor":29,"gold_loss":0,"cards_obtained":["Disarm"]},{"damage_healed":0,"gold_gain":0,"player_choice":"Rummage","damage_taken":0,"relics_obtained":["WarpedTongs"],"max_hp_gain":0,"max_hp_loss":0,"event_name":"Accursed Blacksmith","floor":39,"gold_loss":0,"cards_obtained":["Pain"]}],"is_beta":false,"boss_relics":[{"not_picked":["Calling Bell","White Beast Statue"],"picked":"Lizard Tail"},{"not_picked":["Empty Cage","Eternal Feather"],"picked":"Cursed Key"}],"items_purged_floors":[2,10,27,38],"is_endless":false,"potions_floor_spawned":[3,8,11,12,14,31,33,36],"killed_by":"3 Darklings","ascension_level":3}