{"gold_per_floor":[118,118,118,118,132,459,469,469,493,102,122,122,122,134,134,239,239,250,261,271,271,291,291,305,305,305,305,325,325,360,360,360,461,461,479,493,250,264,275,309,309,309,334,334,354,366,366,385,385,385],"floor_reached":51,"playtime":2706,"items_purged":["Strike_B"],"score":676,"play_id":"3123bbd1-7d45-4720-b075-afa958b7027b","local_time":"20190523021441","is_ascension_mode":false,"campfire_choices":[{"floor":8,"key":"REST"},{"data":"Creative AI","floor":13,"key":"SMITH"},{"data":"Zap","floor":15,"key":"SMITH"},{"data":"Dualcast","floor":23,"key":"SMITH"},{"data":"Defragment","floor":27,"key":"SMITH"},{"floor":32,"key":"REST"},{"data":"Storm","floor":41,"key":"SMITH"},{"data":"Buffer","floor":49,"key":"SMITH"}],"neow_cost":"NONE","seed_source_timestamp":276919844449566,"circlet_count":0,"master_deck":["Strike_B+1","Strike_B+1","Defend_B+1","Defend_B+1","Defend_B+1","Defend_B+1","Zap+1","Dualcast+1","Genetic Algorithm+1","White Noise+1","Ball Lightning+1","Creative AI+1","Cold Snap+1","Defragment+1","Gash+1","Coolheaded+1","Storm+1","Reboot+1","Defragment+1","Cold Snap+1","Chill+1","Genetic Algorithm+1","Core Surge+1","Conserve Battery+1","Conserve Battery+1","Self Repair+1","Barrage+1","Skim+1","Buffer+1","Dark Shackles","Lockon+1"],"relics":["Cracked Core","Bag of Preparation","Pen Nib","Old Coin","Centennial Puzzle","Lee\u0027s Waffle","Sozu","Ginger","MutagenicStrength","Ice Cream","Orrery","Mercury Hourglass","Question Card","Mark of the Bloom","Whetstone"],"potions_floor_usage":[22,30,50],"damage_taken":[{"damage":3,"enemies":"Jaw Worm","floor":1,"turns":4},{"damage":0,"enemies":"2 Louse","floor":5,"turns":2},{"damage":21,"enemies":"3 Sentries","floor":6,"turns":6},{"damage":3,"enemies":"Small Slimes","floor":7,"turns":2},{"damage":10,"enemies":"Exordium Thugs","floor":11,"turns":6},{"damage":5,"enemies":"Exordium Wildlife","floor":14,"turns":5},{"damage":20,"enemies":"Hexaghost","floor":16,"turns":7},{"damage":0,"enemies":"Shell Parasite","floor":18,"turns":5},{"damage":0,"enemies":"Spheric Guardian","floor":19,"turns":5},{"damage":8,"enemies":"Centurion and Healer","floor":20,"turns":4},{"damage":6,"enemies":"Snake Plant","floor":22,"turns":3},{"damage":2,"enemies":"Chosen and Byrds","floor":24,"turns":6},{"damage":0,"enemies":"Sentry and Sphere","floor":28,"turns":3},{"damage":25,"enemies":"Slavers","floor":30,"turns":3},{"damage":13,"enemies":"Collector","floor":33,"turns":7},{"damage":0,"enemies":"Orb Walker","floor":35,"turns":5},{"damage":6,"enemies":"3 Darklings","floor":36,"turns":5},{"damage":4,"enemies":"Spire Growth","floor":38,"turns":4},{"damage":0,"enemies":"Maw","floor":39,"turns":7},{"damage":21,"enemies":"Giant Head","floor":40,"turns":10},{"damage":0,"enemies":"4 Shapes","floor":45,"turns":3},{"damage":0,"enemies":"Transient","floor":46,"turns":5},{"damage":0,"enemies":"Writhing Mass","floor":48,"turns":5},{"damage":21,"enemies":"Time Eater","floor":50,"turns":9}],"seed_played":"6380024007151808993","potions_obtained":[{"floor":1,"key":"Swift Potion"},{"floor":5,"key":"Weak Potion"},{"floor":7,"key":"PowerPotion"}],"is_trial":false,"path_per_floor":["M","?","?","?","M","E","M","R","T","$","M","$","R","M","R","B",null,"M","M","M","$","M","R","M","$","T","R","M","?","E","?","R","B",null,"M","M","$","M","M","E","R","?","T","?","M","M","?","M","R","B",null],"character_chosen":"DEFECT","items_purchased":["Lee\u0027s Waffle","Defragment","Gash","Mercury Hourglass"],"campfire_rested":2,"item_purchase_floors":[10,10,10,37],"current_hp_per_floor":[72,72,57,50,50,29,26,48,48,82,72,72,72,67,67,47,82,82,82,74,74,68,68,66,66,66,66,66,66,41,41,65,52,82,82,76,76,82,82,81,81,81,81,78,78,78,78,78,78,57],"gold":385,"neow_bonus":"RANDOM_COMMON_RELIC","is_prod":false,"is_daily":false,"chose_seed":false,"campfire_upgraded":6,"win_rate":0,"timestamp":1558566881,"path_taken":["M","?","?","?","M","E","M","R","T","$","M","?","R","M","R","BOSS","M","M","M","$","M","R","M","$","T","R","M","?","E","?","R","BOSS","M","M","$","M","M","E","R","?","T","?","M","M","?","M","R","BOSS"],"build_version":"2019-01-23","purchased_purges":1,"victory":true,"max_hp_per_floor":[75,75,75,75,75,75,75,75,75,82,82,82,82,82,82,82,82,82,82,82,82,82,82,82,82,82,82,82,82,82,82,82,82,82,82,82,82,82,82,82,82,82,82,78,78,78,78,78,78,78],"card_choices":[{"not_picked":["BootSequence","Conserve Battery"],"picked":"Genetic Algorithm","floor":1},{"not_picked":["Stack","Fusion"],"picked":"Ball Lightning","floor":5},{"not_picked":["Steam","Coolheaded"],"picked":"Creative AI","floor":6},{"not_picked":["Rebound","Sweeping Beam"],"picked":"Cold Snap","floor":7},{"not_picked":["White Noise","Hologram"],"picked":"Coolheaded","floor":11},{"not_picked":["Skim","Genetic Algorithm"],"picked":"Storm","floor":14},{"not_picked":["Biased Cognition","Machine Learning"],"picked":"Reboot","floor":16},{"not_picked":["Blizzard+1","Chaos+1","Compile Driver"],"picked":"SKIP","floor":18},{"not_picked":["Hologram","Auto Shields+1"],"picked":"Defragment+1","floor":19},{"not_picked":["Rainbow","Coolheaded+1"],"picked":"Cold Snap","floor":20},{"not_picked":["Sweeping Beam+1","Steam","Skim+1"],"picked":"SKIP","floor":22},{"not_picked":["Hologram+1","Cold Snap","Gash"],"picked":"SKIP","floor":24},{"not_picked":["Sweeping Beam","Cold Snap+1","Reboot"],"picked":"SKIP","floor":28},{"not_picked":["Steam Power","Loop"],"picked":"Chill+1","floor":30},{"not_picked":["Hyperbeam","Biased Cognition"],"picked":"Core Surge","floor":33},{"not_picked":["Leap","Biased Cognition"],"picked":"Conserve Battery+1","floor":34},{"not_picked":["Ball Lightning","Darkness"],"picked":"Conserve Battery","floor":34},{"not_picked":["Aggregate","Barrage","Streamline+1"],"picked":"SKIP","floor":35},{"not_picked":["Glacier+1","Coolheaded"],"picked":"Self Repair+1","floor":36},{"not_picked":["Stack","Conserve Battery+1","Leap+1"],"picked":"SKIP","floor":38},{"not_picked":["Turbo+1","Conserve Battery+1","Scrape+1"],"picked":"SKIP","floor":39},{"not_picked":["Consume","Hologram+1"],"picked":"Barrage+1","floor":40},{"not_picked":["Ball Lightning+1","BootSequence+1","Cold Snap+1"],"picked":"Skim+1","floor":45},{"not_picked":["Doom and Gloom","Barrage","Hello World+1"],"picked":"Buffer","floor":46},{"not_picked":["Metamorphosis","Discovery","Impatience"],"picked":"Dark Shackles","floor":47},{"not_picked":["Stack+1","Compile Driver+1","Chaos"],"picked":"Lockon+1","floor":48}],"player_experience":807546,"relics_obtained":[{"floor":6,"key":"Old Coin"},{"floor":9,"key":"Centennial Puzzle"},{"floor":26,"key":"Ginger"},{"floor":30,"key":"Ice Cream"},{"floor":40,"key":"Question Card"},{"floor":43,"key":"Whetstone"}],"event_choices":[{"damage_healed":0,"gold_gain":0,"cards_transformed":["Strike_B"],"player_choice":"Change","damage_taken":0,"max_hp_gain":0,"max_hp_loss":0,"event_name":"Living Wall","floor":2,"gold_loss":0,"cards_obtained":["White Noise"]},{"damage_healed":0,"gold_gain":0,"player_choice":"Entered Light","damage_taken":15,"max_hp_gain":0,"max_hp_loss":0,"event_name":"Shining Light","floor":3,"gold_loss":0,"cards_upgraded":["Defend_B","White Noise"]},{"damage_healed":0,"gold_gain":0,"player_choice":"Success","damage_taken":7,"relics_obtained":["Pen Nib"],"max_hp_gain":0,"max_hp_loss":0,"event_name":"Scrap Ooze","floor":4,"gold_loss":0},{"damage_healed":0,"gold_gain":0,"player_choice":"Inject Mutagens","damage_taken":0,"relics_obtained":["MutagenicStrength"],"max_hp_gain":0,"max_hp_loss":0,"event_name":"Drug Dealer","floor":29,"gold_loss":0},{"damage_healed":0,"gold_gain":0,"player_choice":"Copied","damage_taken":0,"max_hp_gain":0,"max_hp_loss":0,"event_name":"Duplicator","floor":31,"gold_loss":0,"cards_obtained":["Genetic Algorithm"]},{"damage_healed":0,"gold_gain":0,"player_choice":"Upgrade","damage_taken":0,"relics_obtained":["Mark of the Bloom"],"max_hp_gain":0,"max_hp_loss":0,"event_name":"MindBloom","floor":42,"gold_loss":0,"cards_upgraded":["Strike_B","Strike_B","Defend_B","Defend_B","Defend_B","Genetic Algorithm","Ball Lightning","Cold Snap","Gash","Coolheaded","Reboot","Cold Snap","Genetic Algorithm","Core Surge","Conserve Battery"]},{"damage_healed":0,"gold_gain":0,"player_choice":"Max HP","damage_taken":0,"max_hp_gain":0,"max_hp_loss":4,"event_name":"Winding Halls","floor":44,"gold_loss":0},{"damage_healed":0,"gold_gain":0,"player_choice":"Memory 1","damage_taken":0,"max_hp_gain":0,"max_hp_loss":0,"event_name":"SensoryStone","floor":47,"gold_loss":0}],"is_beta":false,"boss_relics":[{"not_picked":["Astrolabe","Black Star"],"picked":"Sozu"},{"not_picked":["Runic Dome","Velvet Choker"],"picked":"Orrery"}],"items_purged_floors":[10],"is_endless":false,"potions_floor_spawned":[1,5,7,20,22,28,30,38,40,45,48],"ascension_level":0}