{"gold_per_floor":[112,112,126,145,145,171,171,203,227,227,241,259,259,269,269,341,341,359,378,378,24,34,64,64,83,106,139,155,155,174,184,184,261,261,276,295,295,295,308,308,333,348,374,384,264,264,36,50,50,50],"floor_reached":51,"playtime":4143,"items_purged":["Bludgeon","Strike_R"],"score":1204,"play_id":"d50226a9-6b08-4cfd-ae40-3b92b1c60723","local_time":"20190501202809","is_ascension_mode":true,"campfire_choices":[{"floor":7.0,"key":"REST"},{"data":"Whirlwind","floor":10.0,"key":"SMITH"},{"data":"Pommel Strike","floor":13.0,"key":"SMITH"},{"data":"Double Tap","floor":15.0,"key":"SMITH"},{"floor":24.0,"key":"REST"},{"data":"Limit Break","floor":29,"key":"SMITH"},{"data":"Heavy Blade","floor":32,"key":"SMITH"},{"data":"Heavy Blade","floor":40,"key":"SMITH"},{"data":"Pummel","floor":46,"key":"SMITH"},{"data":"Pommel Strike","floor":49,"key":"SMITH"}],"neow_cost":"NONE","seed_source_timestamp":0,"circlet_count":0,"master_deck":["AscendersBane","Strike_R","Strike_R","Strike_R","Defend_R","Defend_R","Defend_R","Defend_R","Bash","Cleave","Shrug It Off","Pommel Strike+1","Whirlwind+1","Iron Wave","Pommel Strike+1","Double Tap+1","Reaper+1","Headbutt","Reaper","Heavy Blade+1","Heavy Blade+1","Limit Break+1","Cleave+1","Reaper","Heavy Blade+1","Secret Weapon","Pummel+1","Shrug It Off"],"special_seed":0,"relics":["Black Blood","Strawberry","Regal Pillow","Bag of Preparation","Mercury Hourglass","Ancient Tea Set","Velvet Choker","Brimstone","Kunai","Blood Vial","Anchor","Vajra","Smiling Mask","Oddly Smooth Stone"],"potions_floor_usage":[27],"damage_taken":[{"damage":14.0,"enemies":"Small Slimes","floor":1.0,"turns":5.0},{"damage":8.0,"enemies":"2 Louse","floor":3.0,"turns":2.0},{"damage":6.0,"enemies":"Cultist","floor":4.0,"turns":3.0},{"damage":43.0,"enemies":"Gremlin Nob","floor":6.0,"turns":5.0},{"damage":15.0,"enemies":"3 Sentries","floor":8.0,"turns":4.0},{"damage":0.0,"enemies":"Large Slime","floor":11.0,"turns":4.0},{"damage":0.0,"enemies":"3 Louse","floor":12.0,"turns":1.0},{"damage":4.0,"enemies":"Red Slaver","floor":14.0,"turns":3.0},{"damage":20.0,"enemies":"Slime Boss","floor":16.0,"turns":8.0},{"damage":12.0,"enemies":"Chosen","floor":18.0,"turns":4.0},{"damage":29.0,"enemies":"2 Thieves","floor":19.0,"turns":4.0},{"damage":14.0,"enemies":"Cultist and Chosen","floor":22.0,"turns":3.0},{"damage":60.0,"enemies":"Book of Stabbing","floor":23.0,"turns":4.0},{"damage":14,"enemies":"Snake Plant","floor":25,"turns":2},{"damage":20,"enemies":"Gremlin Leader","floor":27,"turns":4},{"damage":0,"enemies":"3 Cultists","floor":28,"turns":2},{"damage":0,"enemies":"Centurion and Healer","floor":30,"turns":3},{"damage":9,"enemies":"Shelled Parasite and Fungi","floor":31,"turns":2},{"damage":63,"enemies":"Collector","floor":33,"turns":6},{"damage":18,"enemies":"Orb Walker","floor":35,"turns":3},{"damage":28,"enemies":"3 Darklings","floor":36,"turns":4},{"damage":65,"enemies":"Writhing Mass","floor":39,"turns":4},{"damage":54,"enemies":"Giant Head","floor":41,"turns":6},{"damage":0,"enemies":"Sphere and 2 Shapes","floor":42,"turns":2},{"damage":44,"enemies":"Maw","floor":44,"turns":5},{"damage":0,"enemies":"Jaw Worm Horde","floor":48,"turns":2},{"damage":65,"enemies":"Time Eater","floor":50,"turns":6}],"seed_played":"3507997013382667556","potions_obtained":[{"floor":3.0,"key":"BloodPotion"},{"floor":6.0,"key":"SteroidPotion"},{"floor":11.0,"key":"Poison Potion"},{"floor":12.0,"key":"Ancient Potion"},{"floor":18.0,"key":"Strength Potion"},{"floor":23.0,"key":"Strength Potion"},{"floor":25,"key":"FairyPotion"},{"floor":31,"key":"Energy Potion"}],"is_trial":false,"path_per_floor":["M","?","M","M","?","E","R","E","T","R","M","M","R","M","R","B",null,"M","M","?","$","M","E","R","M","T","E","M","R","M","M","R","B",null,"M","M","?","?","M","R","E","M","T","M","$","R","$","M","R","B",null],"character_chosen":"IRONCLAD","items_purchased":["Brimstone","Reaper","Pummel","Shrug It Off","Oddly Smooth Stone"],"campfire_rested":2,"item_purchase_floors":[21,21,45,47,47],"current_hp_per_floor":[67,34,32,40,45,8,49,40,40,40,46,52,52,54,54,40,75,77,58,58,58,78,24,65,63,63,87,87,87,87,84,84,68,82,76,87,87,87,44,44,32,57,57,57,57,57,57,76,76,60],"gold":50,"neow_bonus":"RANDOM_COMMON_RELIC","is_prod":false,"is_daily":false,"chose_seed":false,"campfire_upgraded":8,"win_rate":0,"timestamp":1556767689,"path_taken":["M","?","M","M","?","E","R","E","T","R","M","M","R","M","R","BOSS","M","M","?","$","M","E","R","M","T","E","?","R","M","M","R","BOSS","M","M","?","?","?","R","E","M","T","M","?","R","$","M","R","BOSS"],"build_version":"2019-01-23","purchased_purges":2,"victory":true,"max_hp_per_floor":[82,82,82,82,87,87,87,87,87,87,87,87,87,87,87,87,87,87,87,87,87,87,87,87,87,87,87,87,87,87,87,87,87,87,87,87,87,87,87,87,87,87,87,87,87,87,87,87,87,87],"card_choices":[{"not_picked":["Wild Strike","Havoc"],"picked":"Cleave","floor":1.0},{"not_picked":["Hemokinesis","Iron Wave"],"picked":"Shrug It Off","floor":3.0},{"not_picked":["Body Slam","Clash"],"picked":"Pommel Strike","floor":4.0},{"not_picked":["Blood for Blood","Juggernaut"],"picked":"Whirlwind","floor":6.0},{"not_picked":["Twin Strike","Sword Boomerang"],"picked":"Iron Wave","floor":8.0},{"not_picked":["Flex","Fire Breathing","Bloodletting"],"picked":"SKIP","floor":11.0},{"not_picked":["Thunderclap","Clash"],"picked":"Pommel Strike","floor":12.0},{"not_picked":["Heavy Blade","Cleave"],"picked":"Double Tap","floor":14.0},{"not_picked":["Feed","Brutality"],"picked":"Reaper","floor":16.0},{"not_picked":["Dual Wield","Second Wind","Havoc"],"picked":"SKIP","floor":18.0},{"not_picked":["Thunderclap","Shrug It Off"],"picked":"Headbutt","floor":19.0},{"not_picked":["Wild Strike","Sword Boomerang"],"picked":"Heavy Blade","floor":22.0},{"not_picked":["Iron Wave","Combust"],"picked":"Heavy Blade","floor":23.0},{"not_picked":["Combust","Clothesline"],"picked":"Bludgeon","floor":25},{"not_picked":["Twin Strike","Inflame"],"picked":"Limit Break","floor":27},{"not_picked":["Twin Strike","Heavy Blade"],"picked":"Cleave+1","floor":28},{"not_picked":["Dropkick+1","Pommel Strike","Cleave+1"],"picked":"SKIP","floor":30},{"not_picked":["Dropkick+1","Pommel Strike","Cleave+1"],"picked":"SKIP","floor":30},{"not_picked":["Dropkick+1","Pommel Strike","Cleave+1"],"picked":"SKIP","floor":30},{"not_picked":["Dropkick+1","Pommel Strike","Cleave+1"],"picked":"SKIP","floor":30},{"not_picked":["Thunderclap","Clash+1","Anger"],"picked":"SKIP","floor":31},{"not_picked":["Impervious","Double Tap"],"picked":"Reaper","floor":33},{"not_picked":["Pommel Strike","Sever Soul","Clothesline"],"picked":"SKIP","floor":35},{"not_picked":["Feel No Pain+1","Hemokinesis"],"picked":"Heavy Blade+1","floor":36},{"not_picked":["Trip","Apotheosis"],"picked":"Secret Weapon","floor":37},{"not_picked":["Armaments","Power Through","Wild Strike+1"],"picked":"SKIP","floor":39},{"not_picked":["Pommel Strike","Headbutt","Thunderclap"],"picked":"SKIP","floor":41},{"not_picked":["Rage+1","Clash","Metallicize"],"picked":"SKIP","floor":42},{"not_picked":["Flex","Hemokinesis","Wild Strike"],"picked":"SKIP","floor":44},{"not_picked":["Anger+1","Iron Wave+1","Flex+1"],"picked":"SKIP","floor":48}],"player_experience":440668,"relics_obtained":[{"floor":6.0,"key":"Bag of Preparation"},{"floor":8.0,"key":"Mercury Hourglass"},{"floor":9.0,"key":"Ancient Tea Set"},{"floor":23.0,"key":"Kunai"},{"floor":26,"key":"Blood Vial"},{"floor":27,"key":"Anchor"},{"floor":41,"key":"Vajra"},{"floor":43,"key":"Smiling Mask"}],"event_choices":[{"damage_healed":0.0,"max_hp_gain":0.0,"max_hp_loss":0.0,"gold_gain":0.0,"event_name":"Scrap Ooze","player_choice":"Success","floor":2.0,"gold_loss":0.0,"damage_taken":33.0,"relics_obtained":["Regal Pillow"]},{"damage_healed":0.0,"max_hp_gain":5.0,"max_hp_loss":0.0,"gold_gain":0.0,"event_name":"Big Fish","player_choice":"Donut","floor":5.0,"gold_loss":0.0,"damage_taken":0.0},{"damage_healed":0.0,"max_hp_gain":0.0,"max_hp_loss":0.0,"gold_gain":0.0,"event_name":"Upgrade Shrine","player_choice":"Upgraded","floor":20.0,"gold_loss":0.0,"damage_taken":0.0,"cards_upgraded":["Reaper"]},{"damage_healed":0,"gold_gain":0,"player_choice":"Memory 1","damage_taken":0,"max_hp_gain":0,"max_hp_loss":0,"event_name":"SensoryStone","floor":37,"gold_loss":0},{"cards_removed":["Strike_R"],"damage_healed":0,"gold_gain":0,"player_choice":"Purged","damage_taken":0,"max_hp_gain":0,"max_hp_loss":0,"event_name":"Purifier","floor":38,"gold_loss":0}],"is_beta":false,"boss_relics":[{"not_picked":["Coffee Dripper","Eternal Feather"],"picked":"Velvet Choker"},{"not_picked":["Astrolabe","White Beast Statue"],"picked":"Black Blood"}],"items_purged_floors":[45,47],"is_endless":false,"potions_floor_spawned":[3,6,11,12,18,23,25,31,33,35,39,48],"ascension_level":14}