{"gold_per_floor":[214,214,24,24,40,40,68,68,68,87,87,103,115,5,5,103,103,121,139,139,158,158,158,185,185,185,211,261,261,292,312,312,409,409,426,438,68,123,49,49,78,89,138,158,173,191,191,224,224,224,224,224,20,48,48],"floor_reached":56,"playtime":3706,"items_purged":["Strike_B","Decay"],"score":1240,"play_id":"b478ec53-5b7a-473d-a040-07b988f0a147","local_time":"20190205204742","is_ascension_mode":false,"campfire_choices":[{"data":"Lockon","floor":6.0,"key":"SMITH"},{"data":"Dualcast","floor":8.0,"key":"SMITH"},{"data":"Capacitor","floor":11.0,"key":"SMITH"},{"data":"Defragment","floor":15.0,"key":"SMITH"},{"floor":23.0,"key":"REST"},{"floor":25.0,"key":"REST"},{"floor":29.0,"key":"REST"},{"data":"Seek","floor":32.0,"key":"SMITH"},{"floor":40.0,"key":"REST"},{"floor":47.0,"key":"REST"},{"floor":49,"key":"RECALL"},{"data":"Defragment","floor":52,"key":"SMITH"}],"neow_cost":"NONE","seed_source_timestamp":291612840698100,"circlet_count":0,"master_deck":["Defend_B","Defend_B","Defend_B","Zap+1","Dualcast+1","Sweeping Beam","Lockon+1","Capacitor+1","Rebound","Cold Snap+1","Core Surge","Leap","Conserve Battery","Defragment+1","BootSequence","Seek+1","Leap+1","Cold Snap","Chill+1","Darkness","Meteor Strike+1","Leap","Glacier","Static Discharge+1","Amplify","Glacier","BootSequence","Loop+1","Defragment+1","Storm+1","Coolheaded+1"],"special_seed":0,"relics":["Cracked Core","Vajra","Shuriken","Black Star","Nilry\u0027s Codex","Regal Pillow","DataDisk","Mercury Hourglass","Dream Catcher","Bottled Tornado","Whetstone","Centennial Puzzle","Empty Cage","ClockworkSouvenir","Girya","Potion Belt","Dead Branch","Oddly Smooth Stone","PreservedInsect","Runic Capacitor","Bag of Preparation","Letter Opener"],"potions_floor_usage":[54],"damage_taken":[{"damage":0.0,"enemies":"2 Louse","floor":1.0,"turns":3.0},{"damage":8.0,"enemies":"Small Slimes","floor":5.0,"turns":2.0},{"damage":16.0,"enemies":"Gremlin Nob","floor":7.0,"turns":3.0},{"damage":0.0,"enemies":"Cultist","floor":10.0,"turns":3.0},{"damage":1.0,"enemies":"Exordium Thugs","floor":12.0,"turns":3.0},{"damage":2.0,"enemies":"Large Slime","floor":13.0,"turns":4.0},{"damage":18.0,"enemies":"Hexaghost","floor":16.0,"turns":9.0},{"damage":17.0,"enemies":"Shell Parasite","floor":18.0,"turns":6.0},{"damage":4.0,"enemies":"3 Byrds","floor":19.0,"turns":5.0},{"damage":21.0,"enemies":"Snake Plant","floor":21.0,"turns":6.0},{"damage":24.0,"enemies":"Book of Stabbing","floor":24.0,"turns":8.0},{"damage":14.0,"enemies":"Slavers","floor":27.0,"turns":5.0},{"damage":3.0,"enemies":"Gremlin Leader","floor":30.0,"turns":8.0},{"damage":6.0,"enemies":"Cultist and Chosen","floor":31.0,"turns":6.0},{"damage":12.0,"enemies":"Collector","floor":33.0,"turns":11.0},{"damage":0.0,"enemies":"3 Shapes","floor":35.0,"turns":8.0},{"damage":2.0,"enemies":"3 Darklings","floor":36.0,"turns":7.0},{"damage":19.0,"enemies":"2 Orb Walkers","floor":38.0,"turns":6.0},{"damage":12.0,"enemies":"Reptomancer","floor":41.0,"turns":11.0},{"damage":23.0,"enemies":"Sphere and 2 Shapes","floor":42.0,"turns":6.0},{"damage":9.0,"enemies":"Maw","floor":44.0,"turns":8.0},{"damage":0.0,"enemies":"Transient","floor":45.0,"turns":5.0},{"damage":0.0,"enemies":"Jaw Worm Horde","floor":46.0,"turns":6.0},{"damage":0.0,"enemies":"Giant Head","floor":48.0,"turns":12.0},{"damage":41,"enemies":"Donu and Deca","floor":50,"turns":11},{"damage":22,"enemies":"Shield and Spear","floor":54,"turns":6},{"damage":28,"enemies":"The Heart","floor":55,"turns":11}],"seed_played":"4254780166497656960","potions_obtained":[{"floor":5.0,"key":"FearPotion"},{"floor":10.0,"key":"LiquidBronze"},{"floor":16.0,"key":"EntropicBrew"},{"floor":18.0,"key":"FearPotion"},{"floor":21.0,"key":"Explosive Potion"},{"floor":30.0,"key":"SpeedPotion"},{"floor":31.0,"key":"Block Potion"},{"floor":41.0,"key":"Regen Potion"},{"floor":42.0,"key":"GamblersBrew"},{"floor":44.0,"key":"SneckoOil"},{"floor":46.0,"key":"Block Potion"}],"is_trial":false,"path_per_floor":["M","?","$","?","M","R","E","R","T","M","R","M","M","$","R","B",null,"M","M","?","M","?","R","E","R","T","E","?","R","E","M","R","B",null,"M","M","$","?","$","R","E","M","T","M","M","M","R","E","R","B",null,"R","$","E","B",null],"character_chosen":"DEFECT","items_purchased":["Lockon","Capacitor","Defragment","BootSequence","ClockworkSouvenir","Glacier","LiquidBronze","Runic Capacitor"],"campfire_rested":5,"item_purchase_floors":[3,3,14,14,37,37,39,53],"current_hp_per_floor":[75,75,75,75,67,67,51,51,51,51,51,50,48,48,48,30,75,58,54,38,17,17,39,15,52,52,38,38,75,72,66,66,54,75,75,73,73,54,54,75,63,45,45,36,36,36,73,73,73,32,75,75,75,53,25],"gold":48,"neow_bonus":"HUNDRED_GOLD","is_prod":false,"is_daily":false,"chose_seed":false,"campfire_upgraded":6,"win_rate":0,"timestamp":1549417662,"path_taken":["M","?","$","?","M","R","E","R","T","M","R","?","M","$","R","BOSS","M","M","?","M","?","R","E","R","T","E","?","R","E","?","R","BOSS","M","M","?","?","$","R","E","M","T","M","M","M","R","E","R","BOSS","R","$","E","BOSS"],"build_version":"2019-01-23","purchased_purges":2,"victory":true,"max_hp_per_floor":[75,75,75,75,75,75,75,75,75,75,75,75,75,75,75,75,75,75,75,75,75,75,75,75,75,75,75,75,75,75,75,75,75,75,75,75,75,75,75,75,75,75,75,75,75,75,75,75,75,75,75,75,75,75,75],"card_choices":[{"not_picked":["Gash","Cold Snap"],"picked":"Sweeping Beam","floor":1.0},{"not_picked":["Aggregate","Redo"],"picked":"Rebound","floor":5.0},{"not_picked":["Recycle","White Noise"],"picked":"Cold Snap","floor":7.0},{"not_picked":["Melter","Fusion"],"picked":"Core Surge","floor":10.0},{"not_picked":["Stack","Turbo"],"picked":"Leap","floor":12.0},{"not_picked":["Lockon","Beam Cell"],"picked":"Conserve Battery","floor":13.0},{"not_picked":["All For One","Reboot"],"picked":"Seek","floor":16.0},{"not_picked":["Steam Power","Undo"],"picked":"Leap+1","floor":18.0},{"not_picked":["Barrage","Blizzard"],"picked":"Cold Snap","floor":19.0},{"not_picked":["Steam+1","Genetic Algorithm"],"picked":"Chill+1","floor":21.0},{"not_picked":["Reprogram","Sweeping Beam"],"picked":"Leap","floor":24.0},{"not_picked":["Redo","Leap"],"picked":"Glacier","floor":27.0},{"not_picked":["Seek","Steam Power"],"picked":"Static Discharge+1","floor":30.0},{"not_picked":["Sunder","Conserve Battery","Recycle"],"picked":"SKIP","floor":31.0},{"not_picked":["Thunder Strike","Core Surge"],"picked":"Amplify","floor":33.0},{"not_picked":["Stack+1","Ball Lightning+1","Compile Driver"],"picked":"SKIP","floor":35.0},{"not_picked":["Stack+1","Steam","Auto Shields"],"picked":"SKIP","floor":36.0},{"not_picked":["Steam+1","Scrape+1"],"picked":"BootSequence","floor":40.0},{"not_picked":["Lockon","Gash+1","Beam Cell+1"],"picked":"SKIP","floor":41.0},{"not_picked":["Chill","Stack","Turbo+1"],"picked":"SKIP","floor":42.0},{"not_picked":["Cold Snap+1","Compile Driver"],"picked":"Loop+1","floor":44.0},{"not_picked":["Blizzard+1","Beam Cell+1"],"picked":"Defragment","floor":45.0},{"not_picked":["Multi-Cast","Steam+1","Rebound"],"picked":"SKIP","floor":46.0},{"not_picked":["Tempest+1","Chaos"],"picked":"Storm+1","floor":48.0},{"not_picked":["Hello World","Steam"],"picked":"Coolheaded+1","floor":54}],"player_experience":575754,"relics_obtained":[{"floor":7.0,"key":"Vajra"},{"floor":9.0,"key":"Shuriken"},{"floor":20.0,"key":"Nilry\u0027s Codex"},{"floor":24.0,"key":"Regal Pillow"},{"floor":24.0,"key":"DataDisk"},{"floor":26.0,"key":"Mercury Hourglass"},{"floor":27.0,"key":"Dream Catcher"},{"floor":27.0,"key":"Bottled Tornado"},{"floor":30.0,"key":"Whetstone"},{"floor":30.0,"key":"Centennial Puzzle"},{"floor":38.0,"key":"Girya"},{"floor":41.0,"key":"Potion Belt"},{"floor":41.0,"key":"Dead Branch"},{"floor":48.0,"key":"Oddly Smooth Stone"},{"floor":48.0,"key":"PreservedInsect"},{"floor":54,"key":"Bag of Preparation"},{"floor":54,"key":"Letter Opener"}],"event_choices":[{"damage_healed":0.0,"max_hp_gain":0.0,"max_hp_loss":0.0,"gold_gain":0.0,"event_name":"Living Wall","player_choice":"Grow","floor":2.0,"gold_loss":0.0,"damage_taken":0.0,"cards_upgraded":["Zap"]},{"damage_healed":0.0,"max_hp_gain":0.0,"max_hp_loss":0.0,"gold_gain":0.0,"event_name":"Wheel of Change","player_choice":"Cursed","floor":4.0,"gold_loss":0.0,"damage_taken":0.0,"cards_obtained":["Decay"]},{"damage_healed":0.0,"max_hp_gain":0.0,"max_hp_loss":0.0,"gold_gain":0.0,"event_name":"Cursed Tome","player_choice":"Obtained Book","floor":20.0,"gold_loss":0.0,"damage_taken":16.0},{"damage_healed":0.0,"max_hp_gain":0.0,"max_hp_loss":0.0,"gold_gain":0.0,"cards_transformed":["Strike_B","Strike_B"],"event_name":"Drug Dealer","player_choice":"Became Test Subject","floor":22.0,"gold_loss":0.0,"damage_taken":0.0,"cards_obtained":["Darkness","Meteor Strike"]},{"damage_healed":0.0,"max_hp_gain":0.0,"max_hp_loss":0.0,"gold_gain":100.0,"event_name":"The Joust","player_choice":"Bet on Murderer","floor":28.0,"gold_loss":50.0,"damage_taken":0.0},{"damage_healed":0.0,"max_hp_gain":0.0,"max_hp_loss":0.0,"gold_gain":0.0,"event_name":"Mysterious Sphere","player_choice":"Fight","floor":38.0,"gold_loss":0.0,"damage_taken":0.0}],"is_beta":true,"boss_relics":[{"not_picked":["Runic Pyramid","Runic Dome"],"picked":"Black Star"},{"not_picked":["Calling Bell","White Beast Statue"],"picked":"Empty Cage"}],"items_purged_floors":[3,37],"is_endless":false,"potions_floor_spawned":[5,10,16,18,21,30,31,41,42,44,46],"ascension_level":0}