{"gold_per_floor":[110,110,110,129,54,79,90,109,160,235,135,135,63,80,80,80],"floor_reached":16,"playtime":536,"items_purged":["Strike_R","Strike_R"],"score":144,"play_id":"2b0d8efb-3615-4772-99bf-63f3c5708244","local_time":"20190501202940","is_ascension_mode":true,"campfire_choices":[{"data":"Entrench","floor":12,"key":"SMITH"},{"data":"Dual Wield","floor":15,"key":"SMITH"}],"neow_cost":"NONE","seed_source_timestamp":765521404427400,"circlet_count":0,"master_deck":["Strike_R","Strike_R","Strike_R","Defend_R","Defend_R","Defend_R","Bash","Entrench+1","Pommel Strike","Dual Wield+1","Metallicize"],"special_seed":0,"relics":["Burning Blood","NeowsBlessing","Pear","Art of War"],"potions_floor_usage":[14,16],"damage_taken":[{"damage":0.0,"enemies":"Jaw Worm","floor":1.0,"turns":1.0},{"damage":0,"enemies":"Small Slimes","floor":4,"turns":1},{"damage":0,"enemies":"Lagavulin","floor":6,"turns":1},{"damage":1,"enemies":"Cultist","floor":7,"turns":4},{"damage":12,"enemies":"Looter","floor":8,"turns":3},{"damage":14,"enemies":"Exordium Thugs","floor":14,"turns":4},{"damage":81,"enemies":"Hexaghost","floor":16,"turns":11}],"seed_played":"-1690568663052691180","potions_obtained":[{"floor":1.0,"key":"GamblersBrew"},{"floor":4,"key":"FairyPotion"},{"floor":8,"key":"AttackPotion"}],"is_trial":false,"path_per_floor":["M","?","?","M","$","E","M","M","T","?","$","R","$","M","R","B"],"character_chosen":"IRONCLAD","items_purchased":["Metallicize"],"campfire_rested":0,"item_purchase_floors":[13],"current_hp_per_floor":[80,83,83,89,89,90,90,84,84,73,73,73,73,65,65,0],"gold":80,"neow_bonus":"THREE_ENEMY_KILL","is_prod":false,"is_daily":false,"chose_seed":false,"campfire_upgraded":2,"win_rate":0,"timestamp":1556756980,"path_taken":["M","?","?","M","$","E","?","M","T","?","?","R","$","M","R","BOSS"],"build_version":"2019-01-23","purchased_purges":2,"victory":false,"max_hp_per_floor":[80,90,90,90,90,90,90,90,90,90,90,90,90,90,90,90],"card_choices":[{"not_picked":["Hemokinesis","True Grit","Burning Pact"],"picked":"SKIP","floor":1.0},{"not_picked":["True Grit","Fire Breathing","Pummel"],"picked":"SKIP","floor":4},{"not_picked":["Havoc","Clothesline","Second Wind"],"picked":"SKIP","floor":6},{"not_picked":["Infernal Blade","Cleave"],"picked":"Pommel Strike","floor":7},{"not_picked":["Body Slam","Juggernaut"],"picked":"Dual Wield","floor":8},{"not_picked":["Perfected Strike","Pommel Strike","Flex"],"picked":"SKIP","floor":14}],"player_experience":223655,"relics_obtained":[{"floor":6,"key":"Art of War"}],"event_choices":[{"damage_healed":0.0,"max_hp_gain":0.0,"max_hp_loss":0.0,"gold_gain":0.0,"event_name":"Scrap Ooze","player_choice":"Success","floor":2.0,"gold_loss":0.0,"damage_taken":7.0,"relics_obtained":["Pear"]},{"damage_healed":0,"gold_gain":0,"cards_transformed":["Defend_R"],"player_choice":"Transformed","damage_taken":0,"max_hp_gain":0,"max_hp_loss":0,"event_name":"Transmorgrifier","floor":3,"gold_loss":0,"cards_obtained":["Entrench"]},{"damage_healed":0,"gold_gain":75,"player_choice":"Gather Gold","damage_taken":11,"max_hp_gain":0,"max_hp_loss":0,"event_name":"World of Goop","floor":10,"gold_loss":0}],"is_beta":false,"boss_relics":[],"items_purged_floors":[5,11],"is_endless":false,"potions_floor_spawned":[1,4,8],"killed_by":"Hexaghost","ascension_level":3}