{"gold_per_floor":[117,5,23,23,33,33,62,62,62,62,62,77,77,112,112,207,207,222,147,158,172,186,219,219,18,68,95,115,115,125,138,138,243,243,258,268,118,118,118,146,156,156,156,85,119,119,29,44,44,44],"floor_reached":51,"playtime":3781,"items_purged":["Doubt","Pain"],"score":906,"play_id":"8f12d834-7981-4286-a1c7-e5f3ef6248b0","local_time":"20190528010745","is_ascension_mode":true,"campfire_choices":[{"data":"Neutralize","floor":6.0,"key":"SMITH"},{"data":"Noxious Fumes","floor":8.0,"key":"SMITH"},{"floor":11.0,"key":"REST"},{"data":"Sucker Punch","floor":15.0,"key":"SMITH"},{"floor":29.0,"key":"REST"},{"floor":32.0,"key":"REST"},{"data":"After Image","floor":42.0,"key":"SMITH"},{"data":"Adrenaline","floor":46,"key":"SMITH"},{"floor":49,"key":"REST"}],"neow_cost":"CURSE","seed_source_timestamp":9207509419478,"circlet_count":0,"master_deck":["Defend_G","Defend_G","Defend_G","Defend_G","Defend_G","Survivor","Neutralize+1","Adrenaline","Blade Dance","Noxious Fumes+1","Skewer","Leg Sweep","Sucker Punch+1","Cloak And Dagger","Malaise","Caltrops","Deflect","Bouncing Flask","Dodge and Roll","Crippling Poison","Well Laid Plans","Backstab","Escape Plan","Catalyst","PiercingWail+1","Noxious Fumes+1","Noxious Fumes+1","PiercingWail+1","Adrenaline+1","After Image+1","Escape Plan","Backflip+1","Footwork"],"special_seed":0,"relics":["Ring of the Serpent","Pocketwatch","Prayer Wheel","Bag of Preparation","Cursed Key","Potion Belt","OrangePellets","Oddly Smooth Stone","Nunchaku","Du-Vu Doll","Anchor"],"potions_floor_usage":[48,50,50,50],"damage_taken":[{"damage":4.0,"enemies":"Small Slimes","floor":1.0,"turns":4.0},{"damage":1.0,"enemies":"2 Louse","floor":3.0,"turns":4.0},{"damage":0.0,"enemies":"Jaw Worm","floor":5.0,"turns":4.0},{"damage":23.0,"enemies":"Lagavulin","floor":7.0,"turns":9.0},{"damage":0.0,"enemies":"3 Louse","floor":12.0,"turns":3.0},{"damage":15.0,"enemies":"Gremlin Nob","floor":14.0,"turns":4.0},{"damage":24.0,"enemies":"Hexaghost","floor":16.0,"turns":11.0},{"damage":1.0,"enemies":"Shell Parasite","floor":18.0,"turns":7.0},{"damage":7.0,"enemies":"Spheric Guardian","floor":20.0,"turns":4.0},{"damage":1.0,"enemies":"Snecko","floor":21.0,"turns":5.0},{"damage":3.0,"enemies":"Centurion and Healer","floor":22.0,"turns":7.0},{"damage":7.0,"enemies":"Book of Stabbing","floor":23.0,"turns":7.0},{"damage":24.0,"enemies":"Slavers","floor":27.0,"turns":5.0},{"damage":5.0,"enemies":"Shelled Parasite and Fungi","floor":28.0,"turns":5.0},{"damage":15.0,"enemies":"Chosen and Byrds","floor":30.0,"turns":7.0},{"damage":1.0,"enemies":"Snecko","floor":31.0,"turns":5.0},{"damage":39.0,"enemies":"Collector","floor":33.0,"turns":9.0},{"damage":2.0,"enemies":"Orb Walker","floor":35.0,"turns":5.0},{"damage":1.0,"enemies":"3 Darklings","floor":36.0,"turns":5.0},{"damage":0.0,"enemies":"Nemesis","floor":40.0,"turns":7.0},{"damage":2.0,"enemies":"Writhing Mass","floor":41.0,"turns":7.0},{"damage":2,"enemies":"Giant Head","floor":45,"turns":8},{"damage":19,"enemies":"Transient","floor":48,"turns":5},{"damage":29,"enemies":"Donu and Deca","floor":50,"turns":9}],"seed_played":"9196867985711329103","potions_obtained":[{"floor":3.0,"key":"Block Potion"},{"floor":12.0,"key":"Swift Potion"},{"floor":14.0,"key":"SkillPotion"},{"floor":16.0,"key":"Ancient Potion"},{"floor":20.0,"key":"Swift Potion"},{"floor":23.0,"key":"Poison Potion"},{"floor":28.0,"key":"Explosive Potion"},{"floor":33.0,"key":"PowerPotion"},{"floor":36.0,"key":"Energy Potion"},{"floor":40.0,"key":"Block Potion"}],"is_trial":false,"path_per_floor":["M","$","M","?","M","R","E","R","T","?","R","M","$","E","R","B",null,"M","?","M","M","M","E","?","$","T","E","M","R","M","M","R","B",null,"M","M","$","?","?","E","M","R","T","$","E","R","?","M","R","B",null],"character_chosen":"THE_SILENT","items_purchased":["Noxious Fumes","OrangePellets","PowerPotion","Footwork"],"campfire_rested":4,"item_purchase_floors":[2,25,37,44],"current_hp_per_floor":[66,66,65,70,70,70,47,47,47,40,62,62,62,47,47,23,75,74,74,67,66,63,56,56,56,56,32,27,49,34,33,55,16,75,73,72,72,72,72,72,70,70,70,70,68,68,68,49,71,42],"gold":44,"neow_bonus":"THREE_RARE_CARDS","is_prod":false,"is_daily":false,"chose_seed":false,"campfire_upgraded":5,"win_rate":0,"timestamp":1558994865,"path_taken":["M","$","M","?","M","R","E","R","T","?","R","M","?","E","R","BOSS","M","?","M","M","M","E","?","$","T","E","M","R","?","M","R","BOSS","M","?","$","?","?","E","M","R","T","$","E","R","?","M","R","BOSS"],"build_version":"2019-01-23","purchased_purges":2,"victory":true,"max_hp_per_floor":[70,70,70,75,75,75,75,75,75,75,75,75,75,75,75,75,75,75,75,75,75,75,75,75,75,75,75,75,75,75,75,75,75,75,75,75,75,75,75,75,75,75,75,75,75,75,75,75,75,75],"card_choices":[{"not_picked":["Malaise","Unload"],"picked":"Adrenaline","floor":0.0},{"not_picked":["Quick Slash","Sucker Punch"],"picked":"Blade Dance","floor":1.0},{"not_picked":["Underhanded Strike","Deadly Poison"],"picked":"Skewer","floor":3.0},{"not_picked":["Infinite Blades","Finisher","Heel Hook"],"picked":"SKIP","floor":5.0},{"not_picked":["Storm of Steel","Cloak And Dagger"],"picked":"Leg Sweep","floor":7.0},{"not_picked":["Heel Hook","Flechettes"],"picked":"Sucker Punch","floor":12.0},{"not_picked":["Deadly Poison","Bane","Reflex"],"picked":"SKIP","floor":12.0},{"not_picked":["Flying Knee","Concentrate"],"picked":"Cloak And Dagger","floor":14.0},{"not_picked":["Glass Knife","Storm of Steel"],"picked":"Malaise","floor":16.0},{"not_picked":["Slice","Prepared"],"picked":"Caltrops","floor":18.0},{"not_picked":["Dagger Spray","Terror+1","Slice"],"picked":"SKIP","floor":18.0},{"not_picked":["Flying Knee","Underhanded Strike+1"],"picked":"Deflect","floor":20.0},{"not_picked":["Prepared+1","Caltrops"],"picked":"Bouncing Flask","floor":20.0},{"not_picked":["Predator","Prepared"],"picked":"Dodge and Roll","floor":21.0},{"not_picked":["Underhanded Strike+1","Dagger Throw","Accuracy+1"],"picked":"SKIP","floor":21.0},{"not_picked":["Dagger Throw","Poisoned Stab"],"picked":"Crippling Poison","floor":22.0},{"not_picked":["Deflect","Sucker Punch"],"picked":"Well Laid Plans","floor":22.0},{"not_picked":["Endless Agony","Infinite Blades"],"picked":"Backstab","floor":23.0},{"not_picked":["Backstab+1","Blade Dance+1"],"picked":"Escape Plan","floor":27.0},{"not_picked":["A Thousand Cuts","Prepared"],"picked":"Catalyst","floor":28.0},{"not_picked":["Prepared","Cloak And Dagger"],"picked":"PiercingWail","floor":28.0},{"not_picked":["Flying Knee","Blade Dance"],"picked":"Noxious Fumes+1","floor":30.0},{"not_picked":["Flechettes","Outmaneuver+1"],"picked":"Noxious Fumes+1","floor":30.0},{"not_picked":["Skewer","Poisoned Stab"],"picked":"PiercingWail+1","floor":31.0},{"not_picked":["Sucker Punch","Deflect"],"picked":"Adrenaline","floor":31.0},{"not_picked":["Bullet Time","Venomology"],"picked":"After Image","floor":33.0},{"not_picked":["Noxious Fumes","Accuracy"],"picked":"Escape Plan","floor":35.0},{"not_picked":["Poisoned Stab","Outmaneuver","Caltrops"],"picked":"SKIP","floor":35.0},{"not_picked":["Quick Slash+1","Terror+1"],"picked":"Backflip+1","floor":36.0},{"not_picked":["Sucker Punch+1","A Thousand Cuts","Accuracy"],"picked":"SKIP","floor":36.0},{"not_picked":["Dagger Throw","Dagger Spray","Prepared"],"picked":"SKIP","floor":40.0},{"not_picked":["Bane","Blade Dance+1","Underhanded Strike+1"],"picked":"SKIP","floor":41.0},{"not_picked":["Distraction+1","Dodge and Roll","Cloak And Dagger"],"picked":"SKIP","floor":41.0},{"not_picked":["Riddle With Holes","Glass Knife","A Thousand Cuts"],"picked":"SKIP","floor":45},{"not_picked":["Slice+1","Eviscerate+1","Well Laid Plans+1"],"picked":"SKIP","floor":48},{"not_picked":["Flying Knee","Sucker Punch+1","Dagger Spray+1"],"picked":"SKIP","floor":48}],"player_experience":848586,"relics_obtained":[{"floor":7.0,"key":"Pocketwatch"},{"floor":9.0,"key":"Prayer Wheel"},{"floor":14.0,"key":"Bag of Preparation"},{"floor":23.0,"key":"Potion Belt"},{"floor":26.0,"key":"Oddly Smooth Stone"},{"floor":27.0,"key":"Nunchaku"},{"floor":40.0,"key":"Du-Vu Doll"},{"floor":45,"key":"Anchor"}],"event_choices":[{"damage_healed":0.0,"max_hp_gain":5.0,"max_hp_loss":0.0,"gold_gain":0.0,"event_name":"Big Fish","player_choice":"Donut","floor":4.0,"gold_loss":0.0,"damage_taken":0.0},{"cards_removed":["Strike_G"],"damage_healed":0.0,"max_hp_gain":0.0,"max_hp_loss":0.0,"gold_gain":0.0,"event_name":"Golden Wing","player_choice":"Card Removal","floor":10.0,"gold_loss":0.0,"damage_taken":7.0},{"cards_removed":["Strike_G"],"damage_healed":0.0,"max_hp_gain":0.0,"max_hp_loss":0.0,"gold_gain":0.0,"event_name":"Beggar","player_choice":"Gave Gold","floor":19.0,"gold_loss":75.0,"damage_taken":0.0},{"cards_removed":["Strike_G"],"damage_healed":0.0,"max_hp_gain":0.0,"max_hp_loss":0.0,"gold_gain":0.0,"event_name":"Bonfire Elementals","player_choice":"Offered Basic","floor":24.0,"gold_loss":0.0,"damage_taken":0.0},{"damage_healed":0.0,"max_hp_gain":0.0,"max_hp_loss":0.0,"gold_gain":0.0,"event_name":"Mysterious Sphere","player_choice":"Ignored","floor":38.0,"gold_loss":0.0,"damage_taken":0.0},{"cards_removed":["Strike_G"],"damage_healed":0.0,"max_hp_gain":0.0,"max_hp_loss":0.0,"gold_gain":0.0,"event_name":"Falling","player_choice":"Removed Attack","floor":39.0,"gold_loss":0.0,"damage_taken":0.0},{"cards_removed":["Strike_G"],"damage_healed":0,"gold_gain":0,"player_choice":"Upgrade and Remove","damage_taken":0,"max_hp_gain":0,"max_hp_loss":0,"event_name":"Designer","floor":47,"gold_loss":90,"cards_upgraded":["PiercingWail"]}],"is_beta":false,"boss_relics":[{"not_picked":["Empty Cage","Coffee Dripper"],"picked":"Cursed Key"},{"not_picked":["Runic Pyramid","Calling Bell"],"picked":"Ring of the Serpent"}],"items_purged_floors":[2,37],"is_endless":false,"potions_floor_spawned":[3,12,14,16,18,20,23,28,33,36,40],"ascension_level":4}