{"gold_per_floor":[117,42,53,53,77,77,120,120,197,212,212,287,306,330,330,330],"floor_reached":16,"playtime":568,"items_purged":["Defend_R"],"score":112,"play_id":"b7610fa9-bb29-4b02-b373-b4d882c5197e","local_time":"20190429121529","is_ascension_mode":true,"campfire_choices":[{"data":"Bash","floor":6,"key":"SMITH"},{"data":"Pommel Strike","floor":8,"key":"SMITH"},{"floor":15,"key":"REST"}],"neow_cost":"NONE","seed_source_timestamp":0,"circlet_count":0,"master_deck":["Strike_R","Strike_R","Strike_R","Strike_R","Strike_R","Defend_R","Defend_R","Defend_R","Bash+1","Shrug It Off","Dual Wield","Pommel Strike+1","Rampage","Parasite","Rage","Barricade"],"special_seed":0,"relics":["Burning Blood","NeowsBlessing","Golden Idol","Potion Belt","Lantern"],"potions_floor_usage":[1,12,16],"damage_taken":[{"damage":0,"enemies":"Jaw Worm","floor":1,"turns":1},{"damage":0,"enemies":"2 Louse","floor":3,"turns":1},{"damage":0,"enemies":"Cultist","floor":5,"turns":1},{"damage":32,"enemies":"Gremlin Nob","floor":7,"turns":5},{"damage":26,"enemies":"3 Louse","floor":10,"turns":6},{"damage":25,"enemies":"Lagavulin Event","floor":12,"turns":5},{"damage":5,"enemies":"Looter","floor":13,"turns":4},{"damage":4,"enemies":"2 Fungi Beasts","floor":14,"turns":4},{"damage":59,"enemies":"Slime Boss","floor":16,"turns":8}],"seed_played":"879387549894055044","potions_obtained":[{"floor":1,"key":"Fruit Juice"},{"floor":5,"key":"Energy Potion"},{"floor":10,"key":"GamblersBrew"}],"is_trial":false,"path_per_floor":["M","$","M","?","M","R","E","R","T","M","?","?","M","M","R","B"],"character_chosen":"IRONCLAD","items_purchased":[],"campfire_rested":1,"item_purchase_floors":[],"current_hp_per_floor":[85,85,85,64,70,70,44,44,44,24,45,26,27,29,54,0],"gold":330,"neow_bonus":"THREE_ENEMY_KILL","is_prod":false,"is_daily":false,"chose_seed":false,"campfire_upgraded":2,"win_rate":0,"timestamp":1556554529,"path_taken":["M","$","M","?","M","R","E","R","T","M","?","?","?","M","R","BOSS"],"build_version":"2019-01-23","purchased_purges":1,"victory":false,"max_hp_per_floor":[85,85,85,85,85,85,85,85,85,85,85,85,85,85,85,85],"card_choices":[{"not_picked":["Dropkick","Heavy Blade"],"picked":"Shrug It Off","floor":1},{"not_picked":["Shockwave","Body Slam"],"picked":"Dual Wield","floor":3},{"not_picked":["Perfected Strike","Thunderclap","Heavy Blade"],"picked":"SKIP","floor":5},{"not_picked":["Perfected Strike","Thunderclap","Heavy Blade"],"picked":"SKIP","floor":5},{"not_picked":["Warcry","Second Wind"],"picked":"Pommel Strike","floor":7},{"not_picked":["Iron Wave","Power Through"],"picked":"Rampage","floor":10},{"not_picked":["Reckless Charge","Ghostly Armor"],"picked":"Rage","floor":13},{"not_picked":["Rampage","Power Through"],"picked":"Barricade","floor":14}],"player_experience":212808,"relics_obtained":[{"floor":7,"key":"Potion Belt"},{"floor":12,"key":"Lantern"}],"event_choices":[{"damage_healed":0,"gold_gain":0,"player_choice":"Take Damage","damage_taken":21,"relics_obtained":["Golden Idol"],"max_hp_gain":0,"max_hp_loss":0,"event_name":"Golden Idol","floor":4,"gold_loss":0},{"damage_healed":21,"gold_gain":0,"player_choice":"Healed and dodged fight","damage_taken":0,"max_hp_gain":0,"max_hp_loss":0,"event_name":"Mushrooms","floor":11,"gold_loss":0,"cards_obtained":["Parasite"]},{"damage_healed":0,"gold_gain":0,"player_choice":"Searched \u00272\u0027 times","damage_taken":0,"max_hp_gain":0,"max_hp_loss":0,"event_name":"Dead Adventurer","floor":12,"gold_loss":0}],"is_beta":false,"boss_relics":[],"items_purged_floors":[2],"is_endless":false,"potions_floor_spawned":[1,5,10],"killed_by":"Slime Boss","ascension_level":2}