{"gold_per_floor":[119,119,133,133,148,148,166,178,257,290,290,316,333,54,54,126,126,26,26,26,26,26,26,26,26,26,26,26,26,26,26,26,26,26,26,0,0,0,0,0,0,0,0,0,0,0,0,0,0,0],"floor_reached":51,"playtime":2254,"items_purged":[],"score":1293,"play_id":"f8cdd703-97ba-4646-9d3e-72b65926e084","local_time":"20190522202033","is_ascension_mode":true,"campfire_choices":[{"data":"Zap","floor":6.0,"key":"SMITH"},{"data":"Beam Cell","floor":11.0,"key":"SMITH"},{"data":"Creative AI","floor":15.0,"key":"SMITH"},{"floor":23.0,"key":"REST"},{"floor":25.0,"key":"REST"},{"data":"Chill","floor":30.0,"key":"SMITH"},{"data":"Conserve Battery","floor":32.0,"key":"SMITH"},{"data":"Amplify","floor":49.0,"key":"SMITH"}],"neow_cost":"PERCENT_DAMAGE","seed_source_timestamp":178215070829000,"circlet_count":0,"master_deck":["AscendersBane","Strike_B","Defend_B","Defend_B","Defend_B","Zap+1","Dualcast","Beam Cell+1","Cold Snap","Reboot","Ball Lightning","Steam","Biased Cognition","Seek+1","Chill","Creative AI+1","Amplify+1","Conserve Battery+1","Coolheaded+1","Conserve Battery","White Noise+1","Chill+1","Coolheaded","Coolheaded+1"],"special_seed":0,"relics":["Cracked Core","Mercury Hourglass","Unceasing Top","Dream Catcher","Frozen Egg 2","Ectoplasm","Oddly Smooth Stone","Pantograph","War Paint","Inserter","Red Mask","Torii","Ornamental Fan","Incense Burner"],"potions_floor_usage":[50],"damage_taken":[{"damage":2.0,"enemies":"Jaw Worm","floor":1.0,"turns":4.0},{"damage":0.0,"enemies":"Cultist","floor":3.0,"turns":3.0},{"damage":0.0,"enemies":"2 Louse","floor":5.0,"turns":3.0},{"damage":0.0,"enemies":"Red Slaver","floor":7.0,"turns":3.0},{"damage":0.0,"enemies":"Large Slime","floor":8.0,"turns":4.0},{"damage":1.0,"enemies":"Lagavulin","floor":10.0,"turns":4.0},{"damage":2.0,"enemies":"Gremlin Nob","floor":12.0,"turns":3.0},{"damage":0.0,"enemies":"2 Fungi Beasts","floor":13.0,"turns":2.0},{"damage":16.0,"enemies":"The Guardian","floor":16.0,"turns":9.0},{"damage":13.0,"enemies":"2 Thieves","floor":18.0,"turns":5.0},{"damage":24.0,"enemies":"3 Byrds","floor":20.0,"turns":4.0},{"damage":4.0,"enemies":"Snecko","floor":21.0,"turns":7.0},{"damage":19.0,"enemies":"Shelled Parasite and Fungi","floor":24.0,"turns":4.0},{"damage":5.0,"enemies":"Centurion and Healer","floor":27.0,"turns":6.0},{"damage":0.0,"enemies":"Book of Stabbing","floor":28.0,"turns":4.0},{"damage":22.0,"enemies":"Champ","floor":33.0,"turns":12.0},{"damage":0.0,"enemies":"3 Darklings","floor":35.0,"turns":7.0},{"damage":0.0,"enemies":"Mind Bloom Boss Battle","floor":37.0,"turns":7.0},{"damage":0.0,"enemies":"3 Shapes","floor":40.0,"turns":3.0},{"damage":0.0,"enemies":"Jaw Worm Horde","floor":42.0,"turns":6.0},{"damage":0.0,"enemies":"Spire Growth","floor":45.0,"turns":2.0},{"damage":0.0,"enemies":"3 Darklings","floor":46.0,"turns":5.0},{"damage":18.0,"enemies":"Transient","floor":47.0,"turns":6.0},{"damage":44,"enemies":"Time Eater","floor":50,"turns":10}],"seed_played":"2994678877356026667","potions_obtained":[{"floor":3.0,"key":"SmokeBomb"},{"floor":5.0,"key":"Dexterity Potion"},{"floor":16.0,"key":"GamblersBrew"},{"floor":21.0,"key":"Poison Potion"},{"floor":27.0,"key":"Weak Potion"},{"floor":40.0,"key":"Dexterity Potion"},{"floor":42.0,"key":"Fire Potion"},{"floor":46.0,"key":"Strength Potion"}],"is_trial":false,"path_per_floor":["M","?","M","?","M","R","M","M","T","E","R","E","M","$","R","B",null,"M","?","M","M","?","R","M","R","T","M","E","?","R","$","R","B",null,"M","?","?","?","T","M","$","M","T","$","M","M","M","?","R","B",null],"character_chosen":"DEFECT","items_purchased":["Frozen Egg 2"],"campfire_rested":2,"item_purchase_floors":[14],"current_hp_per_floor":[44,44,44,44,44,44,44,44,44,43,43,41,41,41,41,25,60,47,47,23,19,19,40,21,42,42,37,37,37,37,37,37,40,63,63,63,71,71,71,71,71,71,71,71,71,71,53,53,53,23],"gold":0,"neow_bonus":"REMOVE_TWO","is_prod":false,"is_daily":false,"chose_seed":false,"campfire_upgraded":6,"win_rate":0,"timestamp":1558570833,"path_taken":["M","?","?","?","?","R","M","M","T","E","R","E","M","$","R","BOSS","M","?","M","M","?","R","M","R","T","M","E","?","R","$","R","BOSS","M","?","?","?","?","?","$","M","T","$","M","M","M","?","R","BOSS"],"build_version":"2019-05-07","purchased_purges":0,"victory":true,"max_hp_per_floor":[71,71,71,71,71,71,71,71,71,71,71,71,71,71,71,71,71,71,71,71,71,71,71,71,71,71,71,71,71,71,71,71,71,71,71,71,71,71,71,71,71,71,71,71,71,71,71,67,67,67],"card_choices":[{"not_picked":["Rebound","Streamline"],"picked":"Beam Cell","floor":1.0},{"not_picked":["Coolheaded","Sweeping Beam"],"picked":"Cold Snap","floor":3.0},{"not_picked":["Rip and Tear","Skim"],"picked":"Ball Lightning","floor":5.0},{"not_picked":["Go for the Eyes","Darkness"],"picked":"Steam","floor":7.0},{"not_picked":["Redo","Hologram"],"picked":"Biased Cognition","floor":8.0},{"not_picked":["Coolheaded","Static Discharge"],"picked":"Seek","floor":10.0},{"not_picked":["Beam Cell","Leap"],"picked":"Chill","floor":12.0},{"not_picked":["Ball Lightning","Sweeping Beam"],"picked":"Creative AI","floor":13.0},{"not_picked":["Biased Cognition+1","Creative AI+1"],"picked":"Amplify","floor":16.0},{"not_picked":["Undo","Static Discharge+1"],"picked":"Conserve Battery","floor":18.0},{"not_picked":["Stack","Cold Snap"],"picked":"Coolheaded","floor":20.0},{"not_picked":["Sunder","Redo"],"picked":"Conserve Battery","floor":21.0},{"not_picked":["Chaos","Compile Driver"],"picked":"White Noise+1","floor":23.0},{"not_picked":["White Noise","Go for the Eyes","Force Field"],"picked":"SKIP","floor":24.0},{"not_picked":["Turbo","Rebound","Sweeping Beam"],"picked":"SKIP","floor":27.0},{"not_picked":["Steam Power","Stack"],"picked":"Chill","floor":28.0},{"not_picked":["Barrage","Ball Lightning","Auto Shields"],"picked":"SKIP","floor":35.0},{"not_picked":["Reprogram+1","Conserve Battery","Streamline"],"picked":"SKIP","floor":40.0},{"not_picked":["Sunder+1","Steam Power"],"picked":"Coolheaded","floor":42.0},{"not_picked":["Steam","Rainbow","Sweeping Beam"],"picked":"SKIP","floor":46.0},{"not_picked":["Conserve Battery","BootSequence"],"picked":"Coolheaded+1","floor":47.0}],"player_experience":711563,"relics_obtained":[{"floor":9.0,"key":"Mercury Hourglass"},{"floor":10.0,"key":"Unceasing Top"},{"floor":12.0,"key":"Dream Catcher"},{"floor":26.0,"key":"Pantograph"},{"floor":28.0,"key":"War Paint"},{"floor":37.0,"key":"Torii"},{"floor":39.0,"key":"Ornamental Fan"},{"floor":43.0,"key":"Incense Burner"}],"event_choices":[{"cards_removed":["Defend_B"],"damage_healed":0.0,"max_hp_gain":0.0,"max_hp_loss":0.0,"gold_gain":0.0,"event_name":"Bonfire Elementals","player_choice":"Offered Basic","floor":2.0,"gold_loss":0.0,"damage_taken":0.0},{"damage_healed":0.0,"max_hp_gain":0.0,"max_hp_loss":0.0,"gold_gain":0.0,"cards_transformed":["Strike_B"],"event_name":"Transmorgrifier","player_choice":"Transformed","floor":4.0,"gold_loss":0.0,"damage_taken":0.0,"cards_obtained":["Reboot"]},{"damage_healed":0.0,"max_hp_gain":0.0,"max_hp_loss":0.0,"gold_gain":0.0,"event_name":"The Mausoleum","player_choice":"Opened","floor":19.0,"gold_loss":0.0,"damage_taken":0.0,"relics_obtained":["Oddly Smooth Stone"],"cards_obtained":["Writhe"]},{"cards_removed":["Writhe"],"damage_healed":0.0,"max_hp_gain":0.0,"max_hp_loss":0.0,"gold_gain":0.0,"event_name":"Back to Basics","player_choice":"Elegance","floor":22.0,"gold_loss":0.0,"damage_taken":0.0},{"damage_healed":0.0,"max_hp_gain":0.0,"max_hp_loss":0.0,"gold_gain":50.0,"event_name":"Nest","player_choice":"Stole From Cult","floor":29.0,"gold_loss":0.0,"damage_taken":0.0},{"damage_healed":0.0,"max_hp_gain":0.0,"max_hp_loss":0.0,"gold_gain":0.0,"event_name":"Tomb of Lord Red Mask","player_choice":"Paid","floor":36.0,"gold_loss":26.0,"damage_taken":0.0,"relics_obtained":["Red Mask"]},{"damage_healed":0.0,"max_hp_gain":0.0,"max_hp_loss":0.0,"gold_gain":0.0,"event_name":"MindBloom","player_choice":"Fight","floor":37.0,"gold_loss":0.0,"damage_taken":0.0},{"damage_healed":0.0,"max_hp_gain":0.0,"max_hp_loss":0.0,"gold_gain":0.0,"event_name":"Mysterious Sphere","player_choice":"Ignored","floor":38.0,"gold_loss":0.0,"damage_taken":0.0},{"damage_healed":0.0,"max_hp_gain":0.0,"max_hp_loss":4.0,"gold_gain":0.0,"event_name":"Winding Halls","player_choice":"Max HP","floor":48.0,"gold_loss":0.0,"damage_taken":0.0}],"is_beta":true,"boss_relics":[{"not_picked":["Busted Crown","Lizard Tail"],"picked":"Ectoplasm"},{"not_picked":["Black Star","Runic Pyramid"],"picked":"Inserter"}],"items_purged_floors":[],"is_endless":false,"potions_floor_spawned":[3,5,16,21,27,40,42,45,46],"ascension_level":18}