{"gold_per_floor":[113,125,125,139,150,150,162,178,178,178,328,328,342,369,369,369],"floor_reached":16,"playtime":1033,"items_purged":[],"score":270,"play_id":"f82e6886-ddf7-40a5-a7c1-daefc0f0a369","local_time":"20190412212811","is_ascension_mode":true,"campfire_choices":[{"data":"Skewer","floor":6.0,"key":"SMITH"},{"data":"Neutralize","floor":10.0,"key":"SMITH"},{"data":"Die Die Die","floor":12.0,"key":"SMITH"},{"data":"Noxious Fumes","floor":15.0,"key":"SMITH"}],"neow_cost":"NONE","seed_source_timestamp":455256730667900,"circlet_count":0,"master_deck":["AscendersBane","Defend_G","Defend_G","Defend_G","Defend_G","Defend_G","Strike_G","Strike_G","Strike_G","Strike_G","Strike_G+1","Survivor","Neutralize+1","Dagger Spray+1","All Out Attack","Skewer+1","Cloak And Dagger","PiercingWail","Die Die Die+1","Doubt","PiercingWail","Noxious Fumes+1"],"special_seed":0,"relics":["Ring of the Snake","Whetstone","Mummified Hand"],"potions_floor_usage":[16],"damage_taken":[{"damage":1.0,"enemies":"Small Slimes","floor":1.0,"turns":5.0},{"damage":5.0,"enemies":"Cultist","floor":2.0,"turns":4.0},{"damage":1.0,"enemies":"Jaw Worm","floor":4.0,"turns":3.0},{"damage":5.0,"enemies":"Large Slime","floor":5.0,"turns":7.0},{"damage":9.0,"enemies":"Gremlin Gang","floor":7.0,"turns":4.0},{"damage":4.0,"enemies":"Blue Slaver","floor":8.0,"turns":4.0},{"damage":0.0,"enemies":"2 Fungi Beasts","floor":13.0,"turns":1.0},{"damage":25.0,"enemies":"3 Sentries","floor":14.0,"turns":4.0},{"damage":22,"enemies":"Hexaghost","floor":16,"turns":9}],"seed_played":"5450791467386656464","potions_obtained":[{"floor":1.0,"key":"GamblersBrew"},{"floor":4.0,"key":"Energy Potion"},{"floor":5.0,"key":"Ancient Potion"}],"is_trial":false,"path_per_floor":["M","M","?","M","M","R","M","M","T","R","?","R","M","E","R","B"],"character_chosen":"THE_SILENT","items_purchased":[],"campfire_rested":0,"item_purchase_floors":[],"current_hp_per_floor":[58,53,66,65,60,60,51,47,47,47,47,47,47,22,22,0],"gold":369,"neow_bonus":"RANDOM_COLORLESS","is_prod":false,"is_daily":false,"chose_seed":false,"campfire_upgraded":4,"win_rate":0,"timestamp":1555118891,"path_taken":["M","M","?","?","M","R","M","?","T","R","?","R","M","E","R","BOSS"],"build_version":"2019-04-04","purchased_purges":0,"victory":false,"max_hp_per_floor":[66,66,66,66,66,66,66,66,66,66,66,66,66,66,66,66],"card_choices":[{"not_picked":["Bane","Quick Slash"],"picked":"Dagger Spray","floor":1.0},{"not_picked":["Distraction","Blade Dance"],"picked":"All Out Attack","floor":2.0},{"not_picked":["Caltrops","Dagger Throw"],"picked":"Skewer","floor":4.0},{"not_picked":["Dagger Spray","Distraction"],"picked":"Cloak And Dagger","floor":5.0},{"not_picked":["Flechettes","Sucker Punch"],"picked":"PiercingWail","floor":7.0},{"not_picked":["Setup","Dagger Throw"],"picked":"Die Die Die","floor":8.0},{"not_picked":["Acrobatics","Backflip"],"picked":"PiercingWail","floor":13.0},{"not_picked":["Dagger Spray","Masterful Stab"],"picked":"Noxious Fumes","floor":14.0}],"player_experience":681441,"relics_obtained":[{"floor":9.0,"key":"Whetstone"},{"floor":14.0,"key":"Mummified Hand"}],"event_choices":[{"cards_removed":["Forethought"],"damage_healed":13.0,"max_hp_gain":0.0,"max_hp_loss":0.0,"gold_gain":0.0,"event_name":"Bonfire Elementals","player_choice":"Offered Uncommon","floor":3.0,"gold_loss":0.0,"damage_taken":0.0},{"damage_healed":0.0,"max_hp_gain":0.0,"max_hp_loss":0.0,"gold_gain":150.0,"event_name":"Liars Game","player_choice":"AGREE","floor":11.0,"gold_loss":0.0,"damage_taken":0.0,"cards_obtained":["Doubt"]}],"is_beta":true,"boss_relics":[],"items_purged_floors":[],"is_endless":false,"potions_floor_spawned":[1,4,5,8],"killed_by":"Hexaghost","ascension_level":15}