{"gold_per_floor":[114,114,133,58,58,87,105,119,119,119,119,94,119,138,138,239,239,258,271,119,135,153,153,165,165,165,15,15,15,15,27,27,125,125,144,0,100,76,76,76],"floor_reached":40,"playtime":2106,"items_purged":["Strike_G","Strike_G"],"score":667,"play_id":"0a463d21-2784-4810-b800-288727ced4ee","local_time":"20190417203549","is_ascension_mode":true,"campfire_choices":[{"data":"Setup","floor":10,"key":"SMITH"},{"floor":15,"key":"REST"},{"data":"Deflect","floor":23,"key":"SMITH"},{"floor":32,"key":"REST"}],"neow_cost":"NONE","seed_source_timestamp":493176916341530,"circlet_count":0,"master_deck":["Defend_G+1","Defend_G+1","Defend_G","Defend_G","Defend_G","Strike_G","Strike_G","Survivor","Neutralize","Quick Slash","Setup+1","Dagger Throw","Sucker Punch+1","Terror","Backflip","Corpse Explosion","Acrobatics","Burst+1","PiercingWail","Deflect+1","Caltrops","Adrenaline","Dagger Spray"],"relics":["Ring of the Snake","NeowsBlessing","Regal Pillow","Meat on the Bone","Ninja Scroll","Busted Crown","Juzu Bracelet","Bronze Scales","Fusion Hammer","Red Mask","Girya"],"potions_floor_usage":[13,14,14,16,16,31,33,33,40],"damage_taken":[{"damage":0,"enemies":"Small Slimes","floor":1,"turns":1},{"damage":0,"enemies":"Cultist","floor":3,"turns":1},{"damage":0,"enemies":"Lagavulin","floor":6,"turns":1},{"damage":0,"enemies":"Jaw Worm","floor":7,"turns":6},{"damage":24,"enemies":"Large Slime","floor":8,"turns":9},{"damage":15,"enemies":"3 Sentries","floor":13,"turns":14},{"damage":1,"enemies":"Exordium Thugs","floor":14,"turns":6},{"damage":0,"enemies":"Slime Boss","floor":16,"turns":2},{"damage":12,"enemies":"2 Thieves","floor":18,"turns":3},{"damage":5,"enemies":"Chosen","floor":19,"turns":5},{"damage":15,"enemies":"Snecko","floor":21,"turns":5},{"damage":9,"enemies":"Snake Plant","floor":22,"turns":6},{"damage":1,"enemies":"Centurion and Healer","floor":24,"turns":7},{"damage":10,"enemies":"Shelled Parasite and Fungi","floor":31,"turns":6},{"damage":21,"enemies":"Automaton","floor":33,"turns":11},{"damage":0,"enemies":"Orb Walker","floor":35,"turns":4},{"damage":10,"enemies":"Mind Bloom Boss Battle","floor":37,"turns":13},{"damage":72,"enemies":"Giant Head","floor":40,"turns":9}],"seed_played":"-5666311064060555999","potions_obtained":[{"floor":7,"key":"FearPotion"},{"floor":13,"key":"EntropicBrew"},{"floor":14,"key":"Strength Potion"},{"floor":16,"key":"Dexterity Potion"},{"floor":22,"key":"SkillPotion"},{"floor":31,"key":"SpeedPotion"},{"floor":33,"key":"SteroidPotion"},{"floor":35,"key":"SteroidPotion"}],"is_trial":false,"path_per_floor":["M","?","M","$","?","E","M","M","T","R","?","$","E","M","R","B",null,"M","M","$","M","M","R","M","?","T","$","?","?","$","M","R","B",null,"M","?","?","$","?","E"],"character_chosen":"THE_SILENT","items_purchased":["Backflip","Deflect","Bronze Scales","Dagger Spray"],"campfire_rested":2,"item_purchase_floors":[12,20,27,38],"current_hp_per_floor":[63,63,63,63,49,49,49,25,25,25,25,25,22,33,69,69,70,58,53,53,38,41,41,40,40,40,40,40,40,40,42,70,49,65,65,65,55,55,55,0],"gold":76,"neow_bonus":"THREE_ENEMY_KILL","is_prod":false,"is_daily":false,"chose_seed":false,"campfire_upgraded":2,"win_rate":0,"timestamp":1555504549,"path_taken":["M","?","?","$","?","E","M","M","T","R","?","$","E","?","R","BOSS","M","M","$","M","M","R","M","?","T","?","?","?","$","M","R","BOSS","M","?","?","$","?","E"],"build_version":"2019-01-23","purchased_purges":2,"victory":false,"max_hp_per_floor":[70,70,70,70,70,70,70,70,70,70,70,70,70,70,70,70,70,70,70,70,70,70,70,70,70,70,70,70,70,70,70,70,70,70,70,70,70,70,70,70],"card_choices":[{"not_picked":["Underhanded Strike","Expertise"],"picked":"Quick Slash","floor":1},{"not_picked":["Deflect","Underhanded Strike"],"picked":"Setup","floor":3},{"not_picked":["Deadly Poison","Riddle With Holes"],"picked":"Dagger Throw","floor":6},{"not_picked":["Slice","Bouncing Flask"],"picked":"Sucker Punch","floor":7},{"not_picked":["Backflip","Infinite Blades"],"picked":"Terror","floor":8},{"not_picked":["Flechettes","Bouncing Flask"],"picked":"Corpse Explosion","floor":13},{"not_picked":["PiercingWail","Bane"],"picked":"Acrobatics","floor":14},{"not_picked":["Tools of the Trade","Corpse Explosion"],"picked":"Burst","floor":16},{"not_picked":[],"picked":"PiercingWail","floor":18},{"not_picked":["PiercingWail+1"],"picked":"SKIP","floor":19},{"not_picked":["Backflip+1"],"picked":"SKIP","floor":21},{"not_picked":["Acrobatics"],"picked":"SKIP","floor":22},{"not_picked":[],"picked":"Caltrops","floor":24},{"not_picked":["Masterful Stab+1"],"picked":"SKIP","floor":31},{"not_picked":[],"picked":"Adrenaline","floor":33},{"not_picked":["Sucker Punch"],"picked":"SKIP","floor":35}],"player_experience":792870,"relics_obtained":[{"floor":6,"key":"Regal Pillow"},{"floor":9,"key":"Meat on the Bone"},{"floor":13,"key":"Ninja Scroll"},{"floor":26,"key":"Juzu Bracelet"},{"floor":37,"key":"Girya"}],"event_choices":[{"cards_removed":["Strike_G"],"damage_healed":0,"gold_gain":0,"player_choice":"Card Removal","damage_taken":0,"max_hp_gain":0,"max_hp_loss":0,"event_name":"Wheel of Change","floor":2,"gold_loss":0},{"damage_healed":0,"gold_gain":0,"player_choice":"Entered Light","damage_taken":14,"max_hp_gain":0,"max_hp_loss":0,"event_name":"Shining Light","floor":5,"gold_loss":0,"cards_upgraded":["Defend_G","Defend_G"]},{"damage_healed":0,"gold_gain":0,"player_choice":"Upgraded","damage_taken":0,"max_hp_gain":0,"max_hp_loss":0,"event_name":"Upgrade Shrine","floor":11,"gold_loss":0,"cards_upgraded":["Sucker Punch"]},{"damage_healed":0,"gold_gain":0,"player_choice":"Bought 0 Potions","damage_taken":0,"max_hp_gain":0,"max_hp_loss":0,"event_name":"The Woman in Blue","floor":25,"gold_loss":0},{"damage_healed":0,"gold_gain":0,"player_choice":"Ignored","damage_taken":0,"max_hp_gain":0,"max_hp_loss":0,"event_name":"Ghosts","floor":28,"gold_loss":0},{"damage_healed":0,"gold_gain":0,"player_choice":"Upgraded","damage_taken":0,"max_hp_gain":0,"max_hp_loss":0,"event_name":"Upgrade Shrine","floor":29,"gold_loss":0,"cards_upgraded":["Burst"]},{"damage_healed":0,"gold_gain":0,"player_choice":"Paid","damage_taken":0,"relics_obtained":["Red Mask"],"max_hp_gain":0,"max_hp_loss":0,"event_name":"Tomb of Lord Red Mask","floor":36,"gold_loss":144},{"damage_healed":0,"gold_gain":0,"player_choice":"Fight","damage_taken":0,"max_hp_gain":0,"max_hp_loss":0,"event_name":"MindBloom","floor":37,"gold_loss":0},{"damage_healed":0,"gold_gain":0,"player_choice":"Ignored","damage_taken":0,"max_hp_gain":0,"max_hp_loss":0,"event_name":"Mysterious Sphere","floor":39,"gold_loss":0}],"is_beta":false,"boss_relics":[{"not_picked":["Black Star","Tiny House"],"picked":"Busted Crown"},{"not_picked":["Snecko Eye","Runic Dome"],"picked":"Fusion Hammer"}],"items_purged_floors":[4,20],"is_endless":false,"potions_floor_spawned":[7,13,14,16,22,24,31,33,35],"killed_by":"Giant Head","ascension_level":7}