{"gold_per_floor":[119,131,4,16,16,16,16,16,71,105,5,5,32,52,52,147,147,161,161,171,26,26,26,58,58,58,58,58,58],"floor_reached":29,"playtime":1428,"items_purged":["Strike_G","Strike_G"],"score":284,"play_id":"60316a0a-58fe-4f09-98bb-062784a13224","local_time":"20181209225351","is_ascension_mode":true,"campfire_choices":[{"data":"Prepared","floor":6,"key":"SMITH"},{"data":"Neutralize","floor":8,"key":"SMITH"},{"floor":15,"key":"REST"},{"floor":23,"key":"REST"},{"floor":28,"key":"REST"}],"neow_cost":"NONE","seed_source_timestamp":7605189501978,"circlet_count":0,"master_deck":["Defend_G+1","Defend_G+1","Defend_G+1","Defend_G+1","Defend_G+1","Strike_G+1","Strike_G+1","Survivor","Neutralize+1","Deflect","Tactician","Slice","Prepared+1","Slice","Skewer","Blur","Distraction","Tools of the Trade+1","Corpse Explosion","Poisoned Stab","Quick Slash","Infinite Blades+1"],"relics":["Ring of the Snake","Snake Skull","Frozen Egg 2","Potion Belt","WristBlade","Blood Vial","Sundial","Gremlin Horn"],"potions_floor_usage":[10,16],"damage_taken":[{"damage":2,"enemies":"2 Louse","floor":1,"turns":4},{"damage":2,"enemies":"Cultist","floor":2,"turns":6},{"damage":1,"enemies":"Small Slimes","floor":4,"turns":5},{"damage":30,"enemies":"Gremlin Nob","floor":10,"turns":6},{"damage":16,"enemies":"Lagavulin","floor":13,"turns":11},{"damage":0,"enemies":"Blue Slaver","floor":14,"turns":4},{"damage":32,"enemies":"The Guardian","floor":16,"turns":30},{"damage":44,"enemies":"Spheric Guardian","floor":18,"turns":10},{"damage":29,"enemies":"Shell Parasite","floor":20,"turns":8},{"damage":39,"enemies":"Slavers","floor":24,"turns":4},{"damage":27,"enemies":"Shelled Parasite and Fungi","floor":29,"turns":2}],"seed_played":"-7123129998587008299","potions_obtained":[{"floor":4,"key":"Block Potion"},{"floor":14,"key":"GamblersBrew"},{"floor":24,"key":"SpeedPotion"}],"is_trial":false,"path_per_floor":["M","M","$","M","?","R","$","R","T","E","$","?","E","M","R","B",null,"M","?","M","$","?","R","E","$","T","$","R","M"],"character_chosen":"THE_SILENT","items_purchased":["Prepared","Blood Vial"],"campfire_rested":3,"item_purchase_floors":[3,21],"current_hp_per_floor":[68,66,66,65,65,65,65,65,65,35,35,35,19,19,40,8,70,26,49,20,20,20,41,4,4,4,4,25,0],"gold":58,"neow_bonus":"THREE_CARDS","is_prod":false,"is_daily":false,"chose_seed":false,"campfire_upgraded":2,"win_rate":0,"timestamp":1544424831,"path_taken":["M","M","$","M","?","R","$","R","T","E","?","?","E","M","R","BOSS","M","?","M","$","?","R","E","$","T","$","R","M"],"build_version":"2018-12-06","purchased_purges":2,"victory":false,"max_hp_per_floor":[70,70,70,70,70,70,70,70,70,70,70,70,70,70,70,70,70,70,70,70,70,70,70,70,70,70,70,70,70],"card_choices":[{"not_picked":["Slice","Underhanded Strike"],"picked":"Deflect","floor":0},{"not_picked":["Prepared","Eviscerate"],"picked":"Tactician","floor":1},{"not_picked":["Underhanded Strike","Poisoned Stab"],"picked":"Slice","floor":2},{"not_picked":["Catalyst","Deadly Poison"],"picked":"Slice","floor":4},{"not_picked":["Sucker Punch","Eviscerate"],"picked":"Blur","floor":10},{"not_picked":["Blade Dance","Catalyst"],"picked":"Distraction","floor":13},{"not_picked":["Bane","Finisher"],"picked":"Tools of the Trade+1","floor":14},{"not_picked":["Wraith Form v2+1","Storm of Steel"],"picked":"Corpse Explosion","floor":16},{"not_picked":["Outmaneuver","Riddle With Holes"],"picked":"Poisoned Stab","floor":18},{"not_picked":["Skewer","Dagger Spray+1"],"picked":"Quick Slash","floor":20},{"not_picked":["Cloak And Dagger","Slice"],"picked":"Infinite Blades+1","floor":24}],"player_experience":540386,"relics_obtained":[{"floor":9,"key":"Snake Skull"},{"floor":10,"key":"Frozen Egg 2"},{"floor":13,"key":"Potion Belt"},{"floor":24,"key":"Sundial"},{"floor":26,"key":"Gremlin Horn"}],"event_choices":[{"damage_healed":0,"gold_gain":0,"cards_transformed":["Strike_G"],"player_choice":"Transformed","damage_taken":0,"max_hp_gain":0,"max_hp_loss":0,"event_name":"Transmorgrifier","floor":5,"gold_loss":0,"cards_obtained":["Skewer"]},{"damage_healed":0,"gold_gain":0,"player_choice":"Searched \u00270\u0027 times","damage_taken":0,"max_hp_gain":0,"max_hp_loss":0,"event_name":"Dead Adventurer","floor":12,"gold_loss":0},{"damage_healed":23,"gold_gain":0,"player_choice":"Heal","damage_taken":0,"max_hp_gain":0,"max_hp_loss":0,"event_name":"The Library","floor":19,"gold_loss":0},{"damage_healed":0,"gold_gain":0,"player_choice":"Simplicity","damage_taken":0,"max_hp_gain":0,"max_hp_loss":0,"event_name":"Back to Basics","floor":22,"gold_loss":0,"cards_upgraded":["Defend_G","Defend_G","Defend_G","Defend_G","Defend_G","Strike_G","Strike_G"]}],"is_beta":false,"boss_relics":[{"not_picked":["Black Star","Coffee Dripper"],"picked":"WristBlade"}],"items_purged_floors":[3,11],"is_endless":false,"potions_floor_spawned":[4,14,24],"killed_by":"Shelled Parasite and Fungi","ascension_level":3}