{"gold_per_floor":[109,119,119,133,11,11,50,50,50,50,75,35,71,98,110,252,264,297,309,321,353,385,397,409],"floor_reached":24,"playtime":2352,"items_purged":[],"score":206,"play_id":"3c2f1355-e85c-4603-b965-2b082a01608c","local_time":"20181013011830","is_ascension_mode":false,"campfire_choices":[{"data":"Zap","floor":6.0,"key":"SMITH"},{"floor":8,"key":"REST"},{"data":"Cold Snap","floor":10,"key":"SMITH"},{"floor":15,"key":"REST"},{"floor":23,"key":"REST"}],"neow_cost":"","seed_source_timestamp":0,"circlet_count":0,"master_deck":["Strike_B","Strike_B","Strike_B","Strike_B","Defend_B","Defend_B","Defend_B","Defend_B","Zap+1","Dualcast","Cold Snap+1","Chaos","Self Repair","Leap","Steam","Undo","Capacitor","Glacier","Go for the Eyes","Echo Form","BootSequence","Writhe","Chill","Ball Lightning"],"special_seed":0,"relics":["Cracked Core","Golden Idol","FossilizedHelix","StoneCalendar","MawBank","Sozu","Gremlin Horn"],"potions_floor_usage":[7,16,24],"damage_taken":[{"damage":1.0,"enemies":"Jaw Worm","floor":1.0,"turns":4.0},{"damage":1.0,"enemies":"Cultist","floor":2.0,"turns":4.0},{"damage":0.0,"enemies":"2 Louse","floor":4.0,"turns":3.0},{"damage":21,"enemies":"Lagavulin","floor":7,"turns":8},{"damage":10,"enemies":"Exordium Thugs","floor":11,"turns":4},{"damage":14,"enemies":"3 Sentries","floor":13,"turns":7},{"damage":0,"enemies":"Looter","floor":14,"turns":3},{"damage":12,"enemies":"The Guardian","floor":16,"turns":15},{"damage":10,"enemies":"Chosen","floor":18,"turns":6},{"damage":34,"enemies":"3 Byrds","floor":21,"turns":7},{"damage":4,"enemies":"Sentry and Sphere","floor":22,"turns":7},{"damage":54,"enemies":"Gremlin Leader","floor":24,"turns":9}],"seed_played":"2071756735318533146","potions_obtained":[{"floor":1.0,"key":"SkillPotion"},{"floor":13,"key":"Block Potion"},{"floor":16,"key":"Block Potion"}],"is_trial":false,"path_per_floor":["M","M","?","M","$","R","E","R","T","R","M","$","E","M","R","B",null,"M","?","?","M","M","R"],"character_chosen":"DEFECT","items_purchased":["Self Repair","Leap","Capacitor"],"campfire_rested":3,"item_purchase_floors":[5,5,12],"current_hp_per_floor":[74,73,55,55,55,55,41,63,63,63,60,60,53,53,75,70,75,72,56,56,29,32,54,0],"gold":409,"neow_bonus":"","is_prod":false,"is_daily":false,"chose_seed":false,"campfire_upgraded":2,"win_rate":0,"timestamp":1539382710,"path_taken":["M","M","?","M","$","R","E","R","T","R","M","$","E","M","R","BOSS","M","?","?","?","M","R","E"],"build_version":"2018-10-11","purchased_purges":0,"victory":false,"max_hp_per_floor":[75,75,75,75,75,75,75,75,75,75,75,75,75,75,75,75,75,75,75,75,75,75,75,75],"card_choices":[{"not_picked":["Sweeping Beam","Redo","Barrage"],"picked":"SKIP","floor":1.0},{"not_picked":["Rebound","Reboot"],"picked":"Cold Snap","floor":2.0},{"not_picked":["FTL","Hologram"],"picked":"Chaos","floor":4.0},{"not_picked":["Chaos","Sweeping Beam"],"picked":"Steam","floor":7},{"not_picked":["Leap","Doom and Gloom"],"picked":"Undo","floor":11},{"not_picked":["Reinforced Body","Hologram"],"picked":"Glacier","floor":13},{"not_picked":["Conserve Battery","Biased Cognition"],"picked":"Go for the Eyes","floor":14},{"not_picked":["Core Surge","Machine Learning"],"picked":"Echo Form","floor":16},{"not_picked":["Redo+1","Stack"],"picked":"BootSequence","floor":18},{"not_picked":["Turbo","Hello World"],"picked":"Chill","floor":21},{"not_picked":["Stack","Beam Cell"],"picked":"Ball Lightning","floor":22}],"player_experience":83282,"relics_obtained":[{"floor":7,"key":"FossilizedHelix"},{"floor":9,"key":"StoneCalendar"},{"floor":13,"key":"MawBank"}],"event_choices":[{"event_name":"Golden Idol","player_choice":"Take Damage","floor":3.0,"damage_taken":0.0},{"event_name":"Cursed Tome","player_choice":"Obtained Book","floor":19,"damage_taken":0},{"event_name":"The Mausoleum","player_choice":"Yes","floor":20,"damage_taken":0}],"is_beta":false,"boss_relics":[{"not_picked":["Coffee Dripper","Ectoplasm"],"picked":"Sozu"}],"items_purged_floors":[],"is_endless":false,"potions_floor_spawned":[1,13,16,21,22],"killed_by":"Gremlin Leader","ascension_level":0}