{"gold_per_floor":[112,112,6,21,36,36,70,70,70,70,105,123,123,141,141,213,213,224,235,255,272,322,322,337,337,361,372,372,67,67,94,94,170,170,184,184,184,200,210,210,221,221,248,248,248,263,263,273,273,273,273],"floor_reached":52,"playtime":3420,"items_purged":["Defend_B"],"score":1853,"play_id":"250a8a6b-ffc2-42c6-9875-6ecc63511782","local_time":"20190531202538","is_ascension_mode":true,"campfire_choices":[{"data":"Zap","floor":6.0,"key":"SMITH"},{"data":"Buffer","floor":8.0,"key":"SMITH"},{"data":"Auto Shields","floor":10.0,"key":"SMITH"},{"data":"Ball Lightning","floor":13.0,"key":"SMITH"},{"data":"Glacier","floor":15.0,"key":"SMITH"},{"data":"Capacitor","floor":23.0,"key":"SMITH"},{"data":"Consume","floor":25.0,"key":"SMITH"},{"data":"Loop","floor":28.0,"key":"SMITH"},{"data":"Coolheaded","floor":32.0,"key":"SMITH"},{"data":"Defragment","floor":40.0,"key":"SMITH"},{"data":"Glacier","floor":42.0,"key":"SMITH"},{"data":"Secret Technique","floor":45.0,"key":"SMITH"},{"data":"Blizzard","floor":47.0,"key":"SMITH"},{"data":"Glacier","floor":49.0,"key":"SMITH"}],"neow_cost":"NONE","seed_source_timestamp":337801165234600,"circlet_count":0,"master_deck":["AscendersBane","Strike_B+1","Defend_B","Defend_B","Zap+1","Dualcast","Cold Snap+1","Auto Shields+1","Capacitor+1","Buffer+1","Sweeping Beam","Ball Lightning+1","Glacier+1","Biased Cognition","Static Discharge+1","Self Repair+1","Machine Learning+1","Coolheaded+1","Blizzard+1","Consume+1","Loop+1","Capacitor+1","Glacier+1","Defragment+1","Secret Technique+1","Glacier+1"],"special_seed":0,"relics":["Cracked Core","NeowsBlessing","Matryoshka","Ancient Tea Set","Whetstone","Happy Flower","Gambling Chip","Astrolabe","Singing Bowl","Pen Nib","DollysMirror","Bag of Preparation","Sozu","Anchor"],"potions_floor_usage":[],"damage_taken":[{"damage":0.0,"enemies":"2 Louse","floor":1.0,"turns":1.0},{"damage":0.0,"enemies":"Cultist","floor":4.0,"turns":1.0},{"damage":0.0,"enemies":"Small Slimes","floor":5.0,"turns":1.0},{"damage":24.0,"enemies":"Lagavulin","floor":7.0,"turns":9.0},{"damage":0.0,"enemies":"Gremlin Nob","floor":11.0,"turns":4.0},{"damage":0.0,"enemies":"Exordium Thugs","floor":12.0,"turns":4.0},{"damage":0.0,"enemies":"Looter","floor":14.0,"turns":2.0},{"damage":0.0,"enemies":"Slime Boss","floor":16.0,"turns":10.0},{"damage":0.0,"enemies":"Chosen","floor":18.0,"turns":5.0},{"damage":6.0,"enemies":"3 Byrds","floor":19.0,"turns":4.0},{"damage":10.0,"enemies":"Snake Plant","floor":20.0,"turns":7.0},{"damage":7.0,"enemies":"Centurion and Healer","floor":21.0,"turns":11.0},{"damage":0.0,"enemies":"3 Cultists","floor":24.0,"turns":7.0},{"damage":0.0,"enemies":"Chosen and Byrds","floor":27.0,"turns":6.0},{"damage":7.0,"enemies":"Champ","floor":33.0,"turns":10.0},{"damage":0.0,"enemies":"Orb Walker","floor":35.0,"turns":5.0},{"damage":9.0,"enemies":"3 Shapes","floor":38.0,"turns":10.0},{"damage":44.0,"enemies":"Jaw Worm Horde","floor":39.0,"turns":7.0},{"damage":0.0,"enemies":"4 Shapes","floor":41.0,"turns":7.0},{"damage":0.0,"enemies":"3 Darklings","floor":46.0,"turns":7.0},{"damage":0.0,"enemies":"Sphere and 2 Shapes","floor":48.0,"turns":7.0},{"damage":3.0,"enemies":"Time Eater","floor":50.0,"turns":15.0},{"damage":39,"enemies":"Awakened One","floor":51,"turns":19}],"seed_played":"5657251359902856864","potions_obtained":[{"floor":4.0,"key":"Dexterity Potion"},{"floor":5.0,"key":"Regen Potion"},{"floor":7.0,"key":"AttackPotion"},{"floor":11.0,"key":"Explosive Potion"},{"floor":14.0,"key":"GamblersBrew"},{"floor":19.0,"key":"Weak Potion"},{"floor":24.0,"key":"Swift Potion"}],"is_trial":false,"path_per_floor":["M","?","?","M","M","R","E","R","T","R","E","M","R","M","R","B",null,"M","M","M","M","?","R","M","R","T","M","R","$","?","T","R","B",null,"M","?","?","M","M","R","M","R","T","?","R","M","R","M","R","B","B",null],"character_chosen":"DEFECT","items_purchased":["DollysMirror"],"campfire_rested":0,"item_purchase_floors":[29],"current_hp_per_floor":[64,57,57,57,57,57,48,48,48,48,48,48,48,48,48,48,65,71,71,71,71,71,71,71,71,71,71,71,71,71,71,71,73,73,73,73,69,71,37,37,49,49,49,49,49,59,59,71,71,75,46],"gold":273,"neow_bonus":"THREE_ENEMY_KILL","is_prod":false,"is_daily":false,"chose_seed":false,"campfire_upgraded":14,"win_rate":0,"timestamp":1559348738,"path_taken":["M","?","?","?","M","R","E","R","T","R","E","M","R","M","R","BOSS","M","M","M","M","?","R","M","R","T","M","R","?","?","?","R","BOSS","M","?","?","M","M","R","M","R","T","?","R","M","R","M","R","BOSS","BOSS"],"build_version":"2019-05-28","purchased_purges":1,"victory":true,"max_hp_per_floor":[71,71,71,71,71,71,71,71,71,71,71,71,71,71,71,71,71,71,71,71,71,71,71,71,71,71,71,71,71,71,71,71,73,73,73,73,69,71,71,71,73,73,73,73,73,73,73,75,75,75,75],"card_choices":[{"not_picked":["Sweeping Beam","Streamline"],"picked":"Cold Snap","floor":1.0},{"not_picked":["Capacitor","Self Repair"],"picked":"Auto Shields","floor":4.0},{"not_picked":["Tempest","Gash"],"picked":"Capacitor","floor":5.0},{"not_picked":["Rebound","Stack"],"picked":"Buffer","floor":7.0},{"not_picked":["Redo","Streamline"],"picked":"Sweeping Beam","floor":11.0},{"not_picked":["Gash","Hologram"],"picked":"Ball Lightning","floor":12.0},{"not_picked":["Rebound","Fission"],"picked":"Glacier","floor":14.0},{"not_picked":["Fission","Buffer"],"picked":"Biased Cognition","floor":16.0},{"not_picked":["Gash","Cold Snap"],"picked":"Coolheaded","floor":18.0},{"not_picked":["BootSequence","Gash+1"],"picked":"Blizzard","floor":19.0},{"not_picked":["Streamline","Gash","Rebound"],"picked":"SKIP","floor":20.0},{"not_picked":["Redo","Streamline"],"picked":"Consume","floor":21.0},{"not_picked":["Rebound","Scrape+1","BootSequence"],"picked":"SKIP","floor":24.0},{"not_picked":["Compile Driver","Amplify"],"picked":"Loop","floor":27.0},{"not_picked":["Rainbow","All For One","Hyperbeam"],"picked":"Singing Bowl","floor":33.0},{"not_picked":["Loop","Redo"],"picked":"Glacier","floor":35.0},{"not_picked":["Tempest","Sweeping Beam","Redo"],"picked":"Singing Bowl","floor":38.0},{"not_picked":["Stack+1","Beam Cell"],"picked":"Defragment","floor":39.0},{"not_picked":["Cold Snap","Ball Lightning","Gash+1"],"picked":"Singing Bowl","floor":41.0},{"not_picked":["Mind Blast","Dramatic Entrance"],"picked":"Secret Technique","floor":44.0},{"not_picked":["Ball Lightning","Fusion"],"picked":"Glacier","floor":46.0},{"not_picked":["Compile Driver","Barrage+1","Chaos"],"picked":"Singing Bowl","floor":48.0}],"player_experience":730516,"relics_obtained":[{"floor":7.0,"key":"Ancient Tea Set"},{"floor":9.0,"key":"Whetstone"},{"floor":9.0,"key":"Happy Flower"},{"floor":11.0,"key":"Gambling Chip"},{"floor":26.0,"key":"Singing Bowl"},{"floor":26.0,"key":"Pen Nib"},{"floor":31.0,"key":"Bag of Preparation"},{"floor":43.0,"key":"Anchor"}],"event_choices":[{"cards_removed":["Strike_B"],"damage_healed":0.0,"max_hp_gain":0.0,"max_hp_loss":0.0,"gold_gain":0.0,"event_name":"Golden Wing","player_choice":"Card Removal","floor":2.0,"gold_loss":0.0,"damage_taken":7.0},{"damage_healed":0.0,"max_hp_gain":0.0,"max_hp_loss":0.0,"gold_gain":0.0,"event_name":"WeMeetAgain","player_choice":"Paid Gold","floor":3.0,"gold_loss":106.0,"damage_taken":0.0,"relics_obtained":["Matryoshka"]},{"damage_healed":0.0,"max_hp_gain":0.0,"max_hp_loss":0.0,"gold_gain":50.0,"event_name":"Nest","player_choice":"Stole From Cult","floor":22.0,"gold_loss":0.0,"damage_taken":0.0},{"damage_healed":0.0,"max_hp_gain":0.0,"max_hp_loss":0.0,"gold_gain":0.0,"event_name":"Vampires","player_choice":"Ignored","floor":30.0,"gold_loss":0.0,"damage_taken":0.0},{"damage_healed":0.0,"max_hp_gain":0.0,"max_hp_loss":0.0,"gold_gain":0.0,"event_name":"Mysterious Sphere","player_choice":"Ignored","floor":36.0,"gold_loss":0.0,"damage_taken":0.0},{"damage_healed":0.0,"max_hp_gain":0.0,"max_hp_loss":4.0,"gold_gain":0.0,"event_name":"Winding Halls","player_choice":"Max HP","floor":37.0,"gold_loss":0.0,"damage_taken":0.0},{"damage_healed":0.0,"max_hp_gain":0.0,"max_hp_loss":0.0,"gold_gain":0.0,"event_name":"SensoryStone","player_choice":"Memory 1","floor":44.0,"gold_loss":0.0,"damage_taken":0.0}],"is_beta":true,"boss_relics":[{"not_picked":["Tiny House","Nuclear Battery"],"picked":"Astrolabe"},{"not_picked":["Philosopher\u0027s Stone","Busted Crown"],"picked":"Sozu"}],"items_purged_floors":[29],"is_endless":false,"potions_floor_spawned":[4,5,7,11,14,19,24,38,39,48],"ascension_level":20}