{"gold_per_floor":[117,133,18,34,46,46,71,71,71,405,417,417,434,434,434,511,511,524,536,547,547,557,557,568,568,598,153,168,83,95,124,136,148],"floor_reached":33,"playtime":1471,"items_purged":["Writhe","Strike_R"],"score":496,"play_id":"11158743-719b-4595-b33f-c06c8f01098e","local_time":"20190523220137","is_ascension_mode":true,"campfire_choices":[{"data":"Uppercut","floor":6.0,"key":"SMITH"},{"data":"Havoc","floor":8.0,"key":"SMITH"},{"data":"Hemokinesis","floor":12.0,"key":"SMITH"},{"data":"Shrug It Off","floor":15.0,"key":"SMITH"},{"floor":23.0,"key":"REST"},{"floor":30.0,"key":"REST"},{"floor":32.0,"key":"REST"}],"neow_cost":"CURSE","seed_source_timestamp":271327937325500,"circlet_count":0,"master_deck":["AscendersBane","Strike_R","Strike_R","Strike_R","Strike_R","Defend_R","Defend_R","Defend_R","Defend_R","Bash","Pommel Strike","Havoc+1","Uppercut+1","Rage","Hemokinesis+1","Juggernaut","Iron Wave","Shrug It Off+1","Immolate","Disarm+1","Necronomicurse"],"special_seed":0,"relics":["Burning Blood","Bag of Preparation","Sundial","Old Coin","Sozu","Necronomicon","Tiny Chest","Ice Cream","MawBank"],"potions_floor_usage":[],"damage_taken":[{"damage":13.0,"enemies":"Small Slimes","floor":1.0,"turns":5.0},{"damage":2.0,"enemies":"Jaw Worm","floor":2.0,"turns":3.0},{"damage":0.0,"enemies":"Cultist","floor":4.0,"turns":3.0},{"damage":6.0,"enemies":"Exordium Wildlife","floor":5.0,"turns":5.0},{"damage":21.0,"enemies":"Gremlin Nob","floor":7.0,"turns":4.0},{"damage":23.0,"enemies":"3 Sentries","floor":10.0,"turns":8.0},{"damage":19.0,"enemies":"Exordium Thugs","floor":11.0,"turns":4.0},{"damage":9.0,"enemies":"Red Slaver","floor":13.0,"turns":3.0},{"damage":33.0,"enemies":"The Guardian","floor":16.0,"turns":10.0},{"damage":16.0,"enemies":"Shell Parasite","floor":18.0,"turns":4.0},{"damage":6.0,"enemies":"Chosen","floor":19.0,"turns":3.0},{"damage":26.0,"enemies":"Snake Plant","floor":20.0,"turns":4.0},{"damage":21.0,"enemies":"Cultist and Chosen","floor":22.0,"turns":6.0},{"damage":23.0,"enemies":"Snecko","floor":24.0,"turns":5.0},{"damage":0.0,"enemies":"Centurion and Healer","floor":28.0,"turns":4.0},{"damage":26.0,"enemies":"Shelled Parasite and Fungi","floor":31.0,"turns":3.0},{"damage":51,"enemies":"Champ","floor":33,"turns":8}],"seed_played":"1604719070630098079","potions_obtained":[{"floor":2.0,"key":"PowerPotion"},{"floor":4.0,"key":"EssenceOfSteel"},{"floor":13.0,"key":"Explosive Potion"},{"floor":16.0,"key":"SpeedPotion"}],"is_trial":false,"path_per_floor":["M","M","$","M","M","R","E","R","T","E","M","R","M","?","R","B",null,"M","M","M","?","M","R","M","?","T","$","M","?","R","M","R","B"],"character_chosen":"IRONCLAD","items_purchased":["Uppercut","Ice Cream"],"campfire_rested":3,"item_purchase_floors":[3,27],"current_hp_per_floor":[75,79,79,85,85,85,70,70,70,53,40,40,37,37,37,10,69,59,59,39,39,24,50,33,12,12,12,18,18,44,24,50,0],"gold":148,"neow_bonus":"TWENTY_PERCENT_HP_BONUS","is_prod":false,"is_daily":false,"chose_seed":false,"campfire_upgraded":4,"win_rate":0,"timestamp":1558663297,"path_taken":["M","M","$","M","M","R","E","R","T","E","M","R","M","?","R","BOSS","M","M","M","?","?","R","M","?","T","?","?","?","R","M","R","BOSS"],"build_version":"2019-05-22","purchased_purges":2,"victory":false,"max_hp_per_floor":[89,89,89,89,89,89,89,89,89,89,89,89,89,89,89,89,89,89,89,89,89,89,89,89,89,89,89,89,89,89,89,89,89],"card_choices":[{"not_picked":["Searing Blow","Intimidate"],"picked":"Pommel Strike","floor":1.0},{"not_picked":["Corruption","Wild Strike"],"picked":"Havoc","floor":2.0},{"not_picked":["Seeing Red","Headbutt"],"picked":"Rage","floor":4.0},{"not_picked":["Pommel Strike","Clash","Dual Wield"],"picked":"SKIP","floor":5.0},{"not_picked":["Clash","Pummel"],"picked":"Hemokinesis","floor":7.0},{"not_picked":["Clash","Rupture"],"picked":"Juggernaut","floor":10.0},{"not_picked":["Wild Strike","Cleave"],"picked":"Iron Wave","floor":11.0},{"not_picked":["Armaments","Uppercut"],"picked":"Shrug It Off","floor":13.0},{"not_picked":["Double Tap","Berserk"],"picked":"Immolate","floor":16.0},{"not_picked":["Anger+1","Spot Weakness","Shockwave"],"picked":"SKIP","floor":18.0},{"not_picked":["Perfected Strike","Twin Strike","Cleave+1"],"picked":"SKIP","floor":19.0},{"not_picked":["Armaments","Rupture","Heavy Blade+1"],"picked":"SKIP","floor":20.0},{"not_picked":["Clash","Anger"],"picked":"Disarm+1","floor":22.0},{"not_picked":["Headbutt","Perfected Strike","Shrug It Off"],"picked":"SKIP","floor":24.0},{"not_picked":["Combust","True Grit","Pummel"],"picked":"SKIP","floor":28.0},{"not_picked":["Thunderclap","Warcry","Shockwave"],"picked":"SKIP","floor":31.0},{"not_picked":["Thunderclap","Warcry","Shockwave"],"picked":"SKIP","floor":31.0}],"player_experience":715351,"relics_obtained":[{"floor":7.0,"key":"Bag of Preparation"},{"floor":9.0,"key":"Sundial"},{"floor":10.0,"key":"Old Coin"},{"floor":25.0,"key":"Necronomicon"},{"floor":26.0,"key":"Tiny Chest"}],"event_choices":[{"damage_healed":0.0,"max_hp_gain":0.0,"max_hp_loss":0.0,"gold_gain":0.0,"event_name":"Liars Game","player_choice":"Ignored","floor":14.0,"gold_loss":0.0,"damage_taken":0.0},{"damage_healed":0.0,"max_hp_gain":0.0,"max_hp_loss":0.0,"gold_gain":0.0,"event_name":"Lab","player_choice":"Got Potions","floor":21.0,"gold_loss":0.0,"damage_taken":0.0},{"damage_healed":0.0,"max_hp_gain":0.0,"max_hp_loss":0.0,"gold_gain":0.0,"event_name":"Cursed Tome","player_choice":"Obtained Book","floor":25.0,"gold_loss":0.0,"damage_taken":21.0},{"damage_healed":0.0,"max_hp_gain":0.0,"max_hp_loss":0.0,"gold_gain":0.0,"event_name":"Addict","player_choice":"Obtained Relic","floor":29.0,"gold_loss":85.0,"damage_taken":0.0,"relics_obtained":["MawBank"]}],"is_beta":true,"boss_relics":[{"not_picked":["Tiny House","Black Blood"],"picked":"Sozu"}],"items_purged_floors":[3,27],"is_endless":false,"potions_floor_spawned":[2,4,13,16,19,20],"killed_by":"Champ","ascension_level":18}