{"gold_per_floor":[116,127,77,90,110,140,140,168,194,269,293,19,19,34,34,134,134],"floor_reached":17,"playtime":1809,"items_purged":[],"score":165,"play_id":"87f6e279-64bc-4b80-9c58-34190928dc2c","local_time":"20190531174353","is_ascension_mode":false,"campfire_choices":[{"data":"Strike_R","floor":7,"key":"PURGE"},{"data":"Strike_R","floor":13,"key":"PURGE"},{"data":"Strike_R","floor":15,"key":"PURGE"}],"neow_cost":"CURSE","seed_source_timestamp":1151543072965297,"circlet_count":0,"master_deck":["Strike_R","Strike_R","Defend_R","Defend_R","Defend_R","Defend_R","Bash","Ghostly Armor","Metallicize","Sword Boomerang","Iron Wave","Metallicize","Offering","Twin Strike","Inflame","Immolate"],"relics":["Burning Blood","Peace Pipe","Bird Faced Urn","Happy Flower","PreservedInsect","Odd Mushroom","ClockworkSouvenir"],"potions_floor_usage":[5,6,8,11],"damage_taken":[{"damage":3,"enemies":"2 Louse","floor":1,"turns":3},{"damage":5,"enemies":"Small Slimes","floor":2,"turns":5},{"damage":0,"enemies":"Jaw Worm","floor":4,"turns":4},{"damage":33,"enemies":"Exordium Wildlife","floor":5,"turns":8},{"damage":22,"enemies":"Gremlin Nob","floor":6,"turns":4},{"damage":10,"enemies":"3 Sentries","floor":8,"turns":10},{"damage":6,"enemies":"The Mushroom Lair","floor":11,"turns":6},{"damage":8,"enemies":"Exordium Thugs","floor":14,"turns":5},{"damage":35,"enemies":"Hexaghost","floor":16,"turns":14}],"seed_played":"-4477853275111908523","potions_obtained":[{"floor":2,"key":"Strength Potion"},{"floor":4,"key":"EssenceOfSteel"},{"floor":6,"key":"AttackPotion"},{"floor":8,"key":"SkillPotion"}],"is_trial":false,"path_per_floor":["M","M","?","M","M","E","R","E","T","?","?","$","R","M","R","B",null],"character_chosen":"IRONCLAD","items_purchased":["Inflame","ClockworkSouvenir"],"campfire_rested":0,"item_purchase_floors":[12,12],"current_hp_per_floor":[80,80,80,80,53,37,37,37,37,26,30,30,30,32,32,9,9],"gold":134,"neow_bonus":"ONE_RARE_RELIC","is_prod":false,"is_daily":false,"chose_seed":false,"campfire_upgraded":0,"win_rate":0,"timestamp":1559349833,"path_taken":["M","M","?","M","M","E","R","E","T","?","?","$","R","M","R","BOSS"],"build_version":"2019-01-23","purchased_purges":0,"victory":false,"max_hp_per_floor":[80,80,80,80,80,80,80,80,80,80,80,80,80,80,80,80,80],"card_choices":[{"not_picked":["Pummel","Thunderclap"],"picked":"Ghostly Armor","floor":1},{"not_picked":["Heavy Blade","Wild Strike"],"picked":"Metallicize","floor":2},{"not_picked":["Heavy Blade","True Grit"],"picked":"Sword Boomerang","floor":4},{"not_picked":["Thunderclap","Perfected Strike"],"picked":"Iron Wave","floor":5},{"not_picked":["Heavy Blade","Ghostly Armor"],"picked":"Metallicize","floor":6},{"not_picked":["Evolve","Entrench"],"picked":"Offering","floor":8},{"not_picked":["Sword Boomerang","Iron Wave"],"picked":"Twin Strike","floor":11},{"not_picked":["Clash","Sentinel","Blood for Blood"],"picked":"SKIP","floor":14},{"not_picked":["Double Tap","Berserk"],"picked":"Immolate","floor":16}],"player_experience":145007,"relics_obtained":[{"floor":6,"key":"Bird Faced Urn"},{"floor":8,"key":"Happy Flower"},{"floor":9,"key":"PreservedInsect"},{"floor":11,"key":"Odd Mushroom"}],"event_choices":[{"cards_removed":["Injury"],"damage_healed":0,"gold_gain":0,"player_choice":"Card Removal","damage_taken":0,"max_hp_gain":0,"max_hp_loss":0,"event_name":"The Cleric","floor":3,"gold_loss":50},{"damage_healed":0,"gold_gain":75,"player_choice":"Gather Gold","damage_taken":11,"max_hp_gain":0,"max_hp_loss":0,"event_name":"World of Goop","floor":10,"gold_loss":0},{"damage_healed":0,"gold_gain":0,"player_choice":"Fought Mushrooms","damage_taken":0,"max_hp_gain":0,"max_hp_loss":0,"event_name":"Mushrooms","floor":11,"gold_loss":0}],"is_beta":false,"boss_relics":[],"items_purged_floors":[],"is_endless":false,"potions_floor_spawned":[2,4,6,8],"ascension_level":0}