{"gold_per_floor":[112,187,187,40,215,215,243,243,243,243,271,289,289,40,40,145,145,165,165,177,197,210,210,210],"floor_reached":24,"playtime":1033,"items_purged":["Strike_B"],"score":253,"play_id":"68df3dab-b93b-419e-b140-05b71155de39","local_time":"20180921002038","is_ascension_mode":true,"campfire_choices":[{"data":"Zap","floor":6,"key":"SMITH"},{"data":"Dualcast","floor":8,"key":"SMITH"},{"data":"Conserve Battery","floor":10,"key":"SMITH"},{"data":"Defragment","floor":15,"key":"SMITH"},{"data":"Magnetism","floor":23,"key":"SMITH"}],"neow_cost":"CURSE","seed_source_timestamp":476106522708942,"circlet_count":0,"master_deck":["Strike_B","Strike_B","Strike_B","Defend_B","Defend_B","Defend_B","Defend_B","Zap+1","Dualcast+1","Gash","Doubt","Conserve Battery+1","Conserve Battery","Electrodynamics","Defragment+1","Magnetism+1","Hologram","Defragment+1","Coolheaded+1"],"relics":["Cracked Core","StoneCalendar","Dream Catcher","Meat on the Bone","Letter Opener","PrismaticShard","Philosopher\u0027s Stone"],"potions_floor_usage":[7,11,11,14,16,21,21,22],"damage_taken":[{"damage":5,"enemies":"2 Louse","floor":1,"turns":2},{"damage":46,"enemies":"Gremlin Nob","floor":7,"turns":5},{"damage":25,"enemies":"3 Sentries","floor":11,"turns":7},{"damage":5,"enemies":"Jaw Worm","floor":12,"turns":3},{"damage":22,"enemies":"Hexaghost","floor":16,"turns":8},{"damage":8,"enemies":"Shell Parasite","floor":18,"turns":5},{"damage":6,"enemies":"Spheric Guardian","floor":20,"turns":3},{"damage":23,"enemies":"Snake Plant","floor":21,"turns":4},{"damage":2,"enemies":"Centurion and Healer","floor":22,"turns":7},{"damage":56,"enemies":"Book of Stabbing","floor":24,"turns":4}],"seed_played":"3310282045186095413","potions_obtained":[{"floor":1,"key":"Regen Potion"},{"floor":7,"key":"Regen Potion"},{"floor":13,"key":"Fruit Juice"},{"floor":13,"key":"SneckoOil"},{"floor":13,"key":"AttackPotion"},{"floor":16,"key":"FearPotion"},{"floor":18,"key":"Regen Potion"},{"floor":21,"key":"Poison Potion"}],"is_trial":false,"path_per_floor":["M","?","?","$","?","R","E","R","T","R","E","M","?","$","R","B",null,"M","?","M","M","M","R"],"character_chosen":"DEFECT","items_purchased":["Regen Potion","PrismaticShard","Defragment"],"campfire_rested":0,"item_purchase_floors":[4,14,14],"current_hp_per_floor":[70,59,59,59,59,59,27,27,27,27,47,42,42,47,47,37,69,61,61,55,41,51,51,0],"gold":210,"neow_bonus":"ONE_RARE_RELIC","is_prod":false,"is_daily":false,"chose_seed":false,"campfire_upgraded":5,"win_rate":0,"timestamp":1537503638,"path_taken":["M","?","?","$","?","R","E","R","T","R","E","M","?","?","R","BOSS","M","?","M","M","M","R","E"],"build_version":"2018-09-20","purchased_purges":1,"victory":false,"max_hp_per_floor":[75,75,75,75,75,75,75,75,75,75,75,75,75,80,80,80,80,80,80,80,80,80,80,80],"card_choices":[{"not_picked":["FTL","Sweeping Beam"],"picked":"Gash","floor":1},{"not_picked":["Cold Snap","Consume"],"picked":"Conserve Battery","floor":7},{"not_picked":["Tempest","Compile Driver"],"picked":"Conserve Battery","floor":11},{"not_picked":["Turbo","BootSequence"],"picked":"Electrodynamics","floor":12},{"not_picked":["Unload","Immolate"],"picked":"Magnetism","floor":16},{"not_picked":["Dagger Throw","Coolheaded"],"picked":"Hologram","floor":18},{"not_picked":["Cloak And Dagger","Quick Slash"],"picked":"Coolheaded+1","floor":20},{"not_picked":["Sword Boomerang","Cleave+1","Ball Lightning"],"picked":"SKIP","floor":21},{"not_picked":["Coolheaded","Perfected Strike","Go for the Eyes"],"picked":"SKIP","floor":22}],"player_experience":307637,"relics_obtained":[{"floor":7,"key":"Dream Catcher"},{"floor":9,"key":"Meat on the Bone"},{"floor":11,"key":"Letter Opener"}],"event_choices":[{"event_name":"World of Goop","player_choice":"Gather Gold","floor":2,"damage_taken":0},{"event_name":"Living Wall","player_choice":"Forget","floor":3,"damage_taken":0},{"event_name":"Liars Game","player_choice":"agreed","floor":5,"damage_taken":0},{"event_name":"The Lab","player_choice":"Got Potions","floor":13,"damage_taken":0},{"event_name":"Duplicator","player_choice":"One dupe","floor":19,"damage_taken":0}],"is_beta":true,"boss_relics":[{"not_picked":["FrozenCore","Calling Bell"],"picked":"Philosopher\u0027s Stone"}],"items_purged_floors":[4],"is_endless":false,"potions_floor_spawned":[1,7,16,18,21],"killed_by":"Book of Stabbing","ascension_level":5}