{"gold_per_floor":[215,215,231,29,29,372,372,393,393,432,452,491,512,546,546,666,666,689,275,268,303,354,392,392,435,435,466,75,75,88,108,108,236,236,257,357,370,73,96,127,143,143,168,184,34,55,70,70,70,70,70,70,0,35,35],"floor_reached":55,"playtime":5560,"items_purged":["Strike_G","Strike_G","Prepared+1"],"score":994,"play_id":"48144e3e-96d7-446a-a166-21fbed2a8910","local_time":"20190513195204","is_ascension_mode":true,"campfire_choices":[{"data":"Neutralize","floor":7,"key":"SMITH"},{"floor":15,"key":"REST"},{"floor":24,"key":"REST"},{"floor":32,"key":"REST"},{"floor":42,"key":"RECALL"},{"floor":49,"key":"REST"},{"data":"Strike_G","floor":52,"key":"PURGE"}],"neow_cost":"NONE","seed_source_timestamp":606288278888200,"circlet_count":0,"master_deck":["Defend_G","Defend_G","Defend_G","Defend_G+1","Survivor","Neutralize+1","Infinite Blades","PiercingWail","Slice","After Image","Deflect","Dodge and Roll","Cloak And Dagger","A Thousand Cuts","Backflip","Leg Sweep","Backflip","Burst","Flying Knee+1","Apotheosis+1","Glass Knife","Dagger Spray+1","Noxious Fumes+1","Sucker Punch+1","Adrenaline","Footwork","Expertise","Blade Dance","Flying Knee+1","Crippling Poison+1","Terror","PiercingWail+1"],"relics":["Ring of the Snake","Golden Idol","Old Coin","Ice Cream","Pear","Peace Pipe","The Specimen","Fusion Hammer","Tiny Chest","Happy Flower","Red Mask","Anchor","Snake Skull","Bronze Scales","Ninja Scroll","Strawberry","War Paint","Astrolabe","Vajra","Ancient Tea Set","Gremlin Horn","Dodecahedron"],"potions_floor_usage":[10,12,14,16,20,23,25,27,27,54,54,55,55],"damage_taken":[{"damage":1,"enemies":"Small Slimes","floor":1,"turns":4},{"damage":5,"enemies":"2 Louse","floor":3,"turns":4},{"damage":24,"enemies":"3 Sentries","floor":6,"turns":10},{"damage":0,"enemies":"Cultist","floor":8,"turns":4},{"damage":16,"enemies":"Lagavulin","floor":10,"turns":12},{"damage":16,"enemies":"2 Fungi Beasts","floor":11,"turns":4},{"damage":11,"enemies":"Gremlin Nob","floor":12,"turns":5},{"damage":0,"enemies":"Blue Slaver","floor":13,"turns":5},{"damage":0,"enemies":"Lagavulin","floor":14,"turns":12},{"damage":12,"enemies":"Slime Boss","floor":16,"turns":12},{"damage":0,"enemies":"3 Byrds","floor":18,"turns":8},{"damage":7,"enemies":"2 Thieves","floor":20,"turns":4},{"damage":20,"enemies":"Masked Bandits","floor":21,"turns":7},{"damage":43,"enemies":"Gremlin Leader","floor":23,"turns":11},{"damage":7,"enemies":"Book of Stabbing","floor":25,"turns":11},{"damage":0,"enemies":"Gremlin Leader","floor":27,"turns":10},{"damage":0,"enemies":"Centurion and Healer","floor":30,"turns":4},{"damage":1,"enemies":"Snecko","floor":31,"turns":6},{"damage":31,"enemies":"Champ","floor":33,"turns":15},{"damage":14,"enemies":"3 Darklings","floor":35,"turns":4},{"damage":5,"enemies":"Orb Walker","floor":37,"turns":3},{"damage":18,"enemies":"4 Shapes","floor":39,"turns":5},{"damage":6,"enemies":"Reptomancer","floor":40,"turns":5},{"damage":22,"enemies":"Transient","floor":41,"turns":5},{"damage":0,"enemies":"Jaw Worm Horde","floor":44,"turns":4},{"damage":6,"enemies":"Maw","floor":46,"turns":7},{"damage":0,"enemies":"3 Darklings","floor":47,"turns":3},{"damage":14,"enemies":"Donu and Deca","floor":50,"turns":9},{"damage":14,"enemies":"Shield and Spear","floor":54,"turns":7},{"damage":76,"enemies":"The Heart","floor":55,"turns":9}],"seed_played":"931215925002825489","potions_obtained":[{"floor":8,"key":"Fire Potion"},{"floor":12,"key":"SpeedPotion"},{"floor":13,"key":"EssenceOfSteel"},{"floor":14,"key":"SteroidPotion"},{"floor":16,"key":"Poison Potion"},{"floor":20,"key":"FearPotion"},{"floor":23,"key":"Block Potion"},{"floor":25,"key":"AttackPotion"},{"floor":30,"key":"Poison Potion"},{"floor":35,"key":"Energy Potion"},{"floor":54,"key":"Fire Potion"}],"is_trial":false,"path_per_floor":["M","?","M","$","?","E","R","M","T","E","M","E","M","E","R","B",null,"M","$","M","?","T","E","R","E","T","E","$","?","M","M","R","B",null,"M","?","M","$","M","E","M","R","T","M","$","M","M","?","R","B",null,"R","$","E","B"],"character_chosen":"THE_SILENT","items_purchased":["Fire Potion","GhostInAJar","Leg Sweep","Tiny Chest","Happy Flower","Apotheosis","War Paint","Energy Potion","Vajra","Ancient Tea Set","Blade Dance","Terror"],"campfire_rested":4,"item_purchase_floors":[4,4,19,19,19,28,28,28,38,38,45,53],"current_hp_per_floor":[69,52,47,47,70,46,46,46,46,40,24,13,13,13,37,25,80,80,80,73,53,53,10,34,27,27,34,34,34,34,33,59,28,87,73,73,68,68,50,44,22,22,22,22,22,16,16,16,42,28,87,87,87,73,0],"gold":35,"neow_bonus":"HUNDRED_GOLD","is_prod":false,"is_daily":false,"chose_seed":false,"campfire_upgraded":1,"win_rate":0,"timestamp":1557757324,"path_taken":["M","?","M","$","?","E","R","M","T","E","?","E","M","E","R","BOSS","M","$","M","?","?","E","R","E","T","E","$","?","M","M","R","BOSS","M","?","?","$","M","E","M","R","T","M","?","M","M","?","R","BOSS","R","$","E","BOSS"],"build_version":"2019-01-23","purchased_purges":3,"victory":false,"max_hp_per_floor":[70,70,70,70,70,70,70,70,70,80,80,80,80,80,80,80,80,80,80,80,80,80,80,80,80,80,87,87,87,87,87,87,87,87,87,87,87,87,87,87,87,87,87,87,87,87,87,87,87,87,87,87,87,87,87],"card_choices":[{"not_picked":["Sucker Punch","Backflip"],"picked":"Blur","floor":1},{"not_picked":["Bouncing Flask","Bane"],"picked":"Infinite Blades","floor":3},{"not_picked":["Cloak And Dagger","Deadly Poison"],"picked":"PiercingWail","floor":6},{"not_picked":["Predator","PiercingWail"],"picked":"Slice","floor":8},{"not_picked":["Eviscerate","Accuracy","Acrobatics"],"picked":"SKIP","floor":10},{"not_picked":["Underhanded Strike","Bouncing Flask"],"picked":"After Image","floor":11},{"not_picked":["Tactician","Sucker Punch"],"picked":"Deflect","floor":12},{"not_picked":["Heel Hook","Concentrate"],"picked":"Dodge and Roll","floor":13},{"not_picked":["Underhanded Strike","Accuracy"],"picked":"Cloak And Dagger","floor":14},{"not_picked":["Die Die Die","Storm of Steel"],"picked":"A Thousand Cuts","floor":16},{"not_picked":["Dagger Spray","Acrobatics"],"picked":"Backflip","floor":18},{"not_picked":["Escape Plan","Tactician+1","Blur"],"picked":"SKIP","floor":20},{"not_picked":["Choke","Underhanded Strike+1"],"picked":"Backflip","floor":21},{"not_picked":["Dodge and Roll","Cloak And Dagger"],"picked":"Burst","floor":23},{"not_picked":["Outmaneuver","Acrobatics"],"picked":"Flying Knee+1","floor":25},{"not_picked":["Concentrate","A Thousand Cuts","Slice"],"picked":"SKIP","floor":27},{"not_picked":["Dagger Spray+1","Outmaneuver","Sucker Punch"],"picked":"SKIP","floor":30},{"not_picked":["Reflex","Cloak And Dagger","Blade Dance"],"picked":"SKIP","floor":31},{"not_picked":["Phantasmal Killer","Doppelganger"],"picked":"Glass Knife","floor":33},{"not_picked":["Sucker Punch","Catalyst","Leg Sweep"],"picked":"SKIP","floor":35},{"not_picked":["Dagger Spray","Acrobatics","Reflex"],"picked":"SKIP","floor":37},{"not_picked":["Calculated Gamble","Dagger Spray+1"],"picked":"Sucker Punch+1","floor":39},{"not_picked":["Calculated Gamble+1","Escape Plan+1"],"picked":"Adrenaline","floor":40},{"not_picked":["Bane+1","Underhanded Strike"],"picked":"Footwork","floor":41},{"not_picked":["Slice","Backstab+1"],"picked":"Expertise","floor":44},{"not_picked":["Escape Plan+1","Underhanded Strike"],"picked":"Flying Knee+1","floor":46},{"not_picked":["Bane","Leg Sweep+1"],"picked":"Crippling Poison+1","floor":47},{"not_picked":["Choke","Outmaneuver"],"picked":"PiercingWail+1","floor":54}],"player_experience":182009,"relics_obtained":[{"floor":6,"key":"Old Coin"},{"floor":9,"key":"Ice Cream"},{"floor":10,"key":"Pear"},{"floor":12,"key":"Peace Pipe"},{"floor":14,"key":"The Specimen"},{"floor":21,"key":"Red Mask"},{"floor":22,"key":"Anchor"},{"floor":23,"key":"Snake Skull"},{"floor":25,"key":"Bronze Scales"},{"floor":26,"key":"Ninja Scroll"},{"floor":27,"key":"Strawberry"},{"floor":40,"key":"Gremlin Horn"},{"floor":54,"key":"Dodecahedron"}],"event_choices":[{"damage_healed":0,"gold_gain":0,"player_choice":"Take Damage","damage_taken":17,"relics_obtained":["Golden Idol"],"max_hp_gain":0,"max_hp_loss":0,"event_name":"Golden Idol","floor":2,"gold_loss":0},{"cards_removed":["Blur"],"damage_healed":23,"gold_gain":0,"player_choice":"Offered Uncommon","damage_taken":0,"max_hp_gain":0,"max_hp_loss":0,"event_name":"Bonfire Elementals","floor":5,"gold_loss":0},{"damage_healed":0,"gold_gain":0,"player_choice":"Fought Bandits","damage_taken":0,"max_hp_gain":0,"max_hp_loss":0,"event_name":"Masked Bandits","floor":21,"gold_loss":0},{"damage_healed":0,"gold_gain":100,"player_choice":"Pray","damage_taken":0,"max_hp_gain":0,"max_hp_loss":0,"event_name":"Golden Shrine","floor":36,"gold_loss":0},{"damage_healed":0,"gold_gain":0,"player_choice":"Ignored","damage_taken":0,"max_hp_gain":0,"max_hp_loss":0,"event_name":"Mysterious Sphere","floor":48,"gold_loss":0}],"is_beta":false,"boss_relics":[{"not_picked":["Runic Dome","Pandora\u0027s Box"],"picked":"Fusion Hammer"},{"not_picked":["Runic Pyramid","Calling Bell"],"picked":"Astrolabe"}],"items_purged_floors":[4,19,45],"is_endless":false,"potions_floor_spawned":[8,12,13,14,16,20,23,25,30,33,35,41,44,47,54],"killed_by":"The Heart","ascension_level":4}