{"gold_per_floor":[111,125,125,141,141,141,166,177,177,177],"floor_reached":10,"playtime":633,"items_purged":[],"score":71,"play_id":"0fd4e9e5-a24e-4ef2-beb8-2135627ea80a","local_time":"20190108162319","is_ascension_mode":true,"campfire_choices":[{"floor":6,"key":"REST"}],"neow_cost":"CURSE","seed_source_timestamp":348598235338350,"circlet_count":0,"master_deck":["Strike_B","Strike_B","Strike_B","Strike_B","Defend_B","Defend_B","Defend_B","Defend_B","Zap","Dualcast","Decay","Creative AI","Go for the Eyes","Melter","Conserve Battery","Recycle","Leap"],"relics":["Cracked Core","Frozen Egg 2","Blue Candle","Toxic Egg 2"],"potions_floor_usage":[4],"damage_taken":[{"damage":24,"enemies":"2 Louse","floor":1,"turns":4},{"damage":5,"enemies":"Cultist","floor":2,"turns":5},{"damage":4,"enemies":"Small Slimes","floor":4,"turns":6},{"damage":31,"enemies":"Lagavulin","floor":7,"turns":8},{"damage":23,"enemies":"Gremlin Gang","floor":8,"turns":4},{"damage":18,"enemies":"3 Sentries","floor":10,"turns":2}],"seed_played":"-910016562524095711","potions_obtained":[{"floor":2,"key":"Block Potion"},{"floor":4,"key":"GamblersBrew"}],"is_trial":false,"path_per_floor":["M","M","?","M","?","R","E","M","T","E"],"character_chosen":"DEFECT","items_purchased":[],"campfire_rested":1,"item_purchase_floors":[],"current_hp_per_floor":[51,46,46,42,42,64,33,10,10,0],"gold":177,"neow_bonus":"THREE_RARE_CARDS","is_prod":false,"is_daily":false,"chose_seed":false,"campfire_upgraded":0,"win_rate":0,"timestamp":1546953799,"path_taken":["M","M","?","M","?","R","E","M","T","E"],"build_version":"2019-01-03v4","purchased_purges":0,"victory":false,"max_hp_per_floor":[75,75,75,75,75,75,75,75,75,75],"card_choices":[{"not_picked":["Thunder Strike","Rainbow"],"picked":"Creative AI","floor":0},{"not_picked":["Beam Cell","Ball Lightning"],"picked":"Go for the Eyes","floor":1},{"not_picked":["Sweeping Beam","Stack"],"picked":"Melter","floor":2},{"not_picked":["Hologram","Scrape"],"picked":"Conserve Battery","floor":4},{"not_picked":["Gash","Melter"],"picked":"Recycle","floor":7},{"not_picked":["Static Discharge+1","Ball Lightning"],"picked":"Leap","floor":8}],"player_experience":541916,"relics_obtained":[{"floor":5,"key":"Frozen Egg 2"},{"floor":7,"key":"Blue Candle"},{"floor":9,"key":"Toxic Egg 2"}],"event_choices":[{"damage_healed":0,"gold_gain":0,"player_choice":"Ignored","damage_taken":0,"max_hp_gain":0,"max_hp_loss":0,"event_name":"Liars Game","floor":3,"gold_loss":0},{"damage_healed":0,"gold_gain":0,"player_choice":"Relic","damage_taken":0,"max_hp_gain":0,"max_hp_loss":0,"event_name":"Wheel of Change","floor":5,"gold_loss":0}],"is_beta":false,"boss_relics":[],"items_purged_floors":[],"is_endless":false,"potions_floor_spawned":[2,4],"killed_by":"3 Sentries","ascension_level":1}