{"gold_per_floor":[211,24,24,43,55,81,81,81,108,9,9,35,35,35,35,35],"floor_reached":16,"playtime":671,"items_purged":["Parasite"],"score":122,"play_id":"8606c905-8d9c-4129-8bae-9dc24d0723cf","local_time":"20181208220516","is_ascension_mode":true,"campfire_choices":[{"data":"Reflex","floor":7,"key":"SMITH"},{"data":"Neutralize","floor":13,"key":"SMITH"},{"data":"Cloak And Dagger","floor":15,"key":"SMITH"}],"neow_cost":"NONE","seed_source_timestamp":5763949473632,"circlet_count":0,"master_deck":["Defend_G","Defend_G","Defend_G","Defend_G","Defend_G","Strike_G","Strike_G","Strike_G","Strike_G","Survivor","Neutralize+1","Dodge and Roll","Accuracy","Reflex+1","Concentrate","Cloak And Dagger+1","Acrobatics"],"relics":["Ring of the Snake","Oddly Smooth Stone","Smiling Mask","Blood Vial","Art of War"],"potions_floor_usage":[6,12],"damage_taken":[{"damage":6,"enemies":"Jaw Worm","floor":1,"turns":7},{"damage":0,"enemies":"2 Louse","floor":4,"turns":4},{"damage":1,"enemies":"Small Slimes","floor":5,"turns":5},{"damage":13,"enemies":"3 Sentries","floor":6,"turns":16},{"damage":18,"enemies":"Lagavulin","floor":12,"turns":11},{"damage":53,"enemies":"Slime Boss","floor":16,"turns":12}],"seed_played":"6826333132859671654","potions_obtained":[{"floor":5,"key":"Fire Potion"},{"floor":6,"key":"Strength Potion"}],"is_trial":false,"path_per_floor":["M","$","?","M","M","E","R","?","T","$","?","E","R","?","R","B"],"character_chosen":"THE_SILENT","items_purchased":["Oddly Smooth Stone","Accuracy","Cloak And Dagger"],"campfire_rested":0,"item_purchase_floors":[2,2,10],"current_hp_per_floor":[64,64,64,64,63,50,50,67,67,67,67,49,49,42,42,0],"gold":35,"neow_bonus":"HUNDRED_GOLD","is_prod":false,"is_daily":false,"chose_seed":false,"campfire_upgraded":3,"win_rate":0,"timestamp":1544335516,"path_taken":["M","$","?","M","M","E","R","?","T","$","?","E","R","?","R","BOSS"],"build_version":"2018-12-06","purchased_purges":1,"victory":false,"max_hp_per_floor":[70,70,70,70,70,70,70,70,70,67,67,67,67,67,67,67],"card_choices":[{"not_picked":["PiercingWail","Deadly Poison"],"picked":"Dodge and Roll","floor":1},{"not_picked":["Backflip","Dagger Spray"],"picked":"Reflex","floor":4},{"not_picked":["Dodge and Roll","Sucker Punch","Caltrops"],"picked":"SKIP","floor":5},{"not_picked":["Flechettes","Outmaneuver"],"picked":"Concentrate","floor":6},{"not_picked":["Escape Plan","Tactician"],"picked":"Acrobatics","floor":12}],"player_experience":535609,"relics_obtained":[{"floor":6,"key":"Smiling Mask"},{"floor":9,"key":"Blood Vial"},{"floor":12,"key":"Art of War"}],"event_choices":[{"damage_healed":0,"gold_gain":0,"player_choice":"Leave","damage_taken":0,"max_hp_gain":0,"max_hp_loss":0,"event_name":"The Cleric","floor":3,"gold_loss":0},{"damage_healed":17,"gold_gain":0,"player_choice":"Healed and dodged fight","damage_taken":0,"max_hp_gain":0,"max_hp_loss":0,"event_name":"Mushrooms","floor":8,"gold_loss":0,"cards_obtained":["Parasite"]},{"damage_healed":0,"gold_gain":0,"player_choice":"Ignored","damage_taken":0,"max_hp_gain":0,"max_hp_loss":0,"event_name":"Liars Game","floor":11,"gold_loss":0},{"cards_removed":["Strike_G"],"damage_healed":0,"gold_gain":0,"player_choice":"Card Removal","damage_taken":7,"max_hp_gain":0,"max_hp_loss":0,"event_name":"Golden Wing","floor":14,"gold_loss":0}],"is_beta":false,"boss_relics":[],"items_purged_floors":[10],"is_endless":false,"potions_floor_spawned":[5,6],"killed_by":"Slime Boss","ascension_level":3}