{"gold_per_floor":[119,139,214,230,245,245,257,257,306,306,163,163,63,75,75,172,172,190,190,173,190,190,190,65,77,101,116,116,130,141,174,174,275,275,289,389,403,414,264,292,292,309,390,409,409,409,409,35,35,35,35,35,35,70,70],"floor_reached":55,"playtime":2700,"items_purged":["Defend_B","Strike_B","Strike_B","Parasite","Pain"],"score":818,"play_id":"2aac70f8-50dc-49f3-9e4f-dc23197de556","local_time":"20190504155017","is_ascension_mode":true,"campfire_choices":[{"data":"Loop","floor":6,"key":"SMITH"},{"data":"Chaos","floor":8,"key":"SMITH"},{"data":"Zap","floor":10,"key":"SMITH"},{"data":"Defragment","floor":15,"key":"SMITH"},{"floor":23,"key":"REST"},{"floor":28,"key":"REST"},{"floor":32,"key":"REST"},{"floor":41,"key":"RECALL"},{"data":"Dualcast","floor":49,"key":"SMITH"},{"data":"Creative AI","floor":52,"key":"SMITH"}],"neow_cost":"NONE","seed_source_timestamp":1005809814171000,"circlet_count":0,"master_deck":["Defend_B","Defend_B","Zap+1","Dualcast+1","Cold Snap","Loop+1","Conserve Battery","Chaos+1","Defragment+1","Buffer","Defragment+1","Coolheaded+1","Ball Lightning+1","Creative AI+1","Chill+1","Cold Snap+1","Storm+1","White Noise+1","Shame","Capacitor","Double Energy","Dramatic Entrance","Glacier+1"],"relics":["Cracked Core","Oddly Smooth Stone","Question Card","Cursed Key","GremlinMask","Regal Pillow","Anchor","Astrolabe","Strawberry","Mummified Hand","Bag of Preparation","StoneCalendar"],"potions_floor_usage":[16,22,27,27,31,40,50,54,55],"damage_taken":[{"damage":2,"enemies":"2 Louse","floor":1,"turns":3},{"damage":6,"enemies":"Jaw Worm","floor":2,"turns":3},{"damage":0,"enemies":"Cultist","floor":4,"turns":3},{"damage":20,"enemies":"Lots of Slimes","floor":5,"turns":4},{"damage":0,"enemies":"Large Slime","floor":7,"turns":6},{"damage":0,"enemies":"Exordium Wildlife","floor":14,"turns":3},{"damage":0,"enemies":"The Guardian","floor":16,"turns":8},{"damage":0,"enemies":"Spheric Guardian","floor":18,"turns":5},{"damage":27,"enemies":"2 Thieves","floor":20,"turns":4},{"damage":20,"enemies":"Snake Plant","floor":21,"turns":4},{"damage":19,"enemies":"Colosseum Slavers","floor":22,"turns":5},{"damage":10,"enemies":"Centurion and Healer","floor":25,"turns":7},{"damage":8,"enemies":"Cultist and Chosen","floor":27,"turns":5},{"damage":8,"enemies":"Snake Plant","floor":29,"turns":4},{"damage":15,"enemies":"Centurion and Healer","floor":30,"turns":5},{"damage":25,"enemies":"Book of Stabbing","floor":31,"turns":5},{"damage":33,"enemies":"Champ","floor":33,"turns":12},{"damage":0,"enemies":"3 Shapes","floor":35,"turns":4},{"damage":0,"enemies":"Orb Walker","floor":37,"turns":3},{"damage":28,"enemies":"Writhing Mass","floor":38,"turns":5},{"damage":3,"enemies":"Giant Head","floor":40,"turns":9},{"damage":3,"enemies":"Maw","floor":42,"turns":7},{"damage":6,"enemies":"Spire Growth","floor":44,"turns":4},{"damage":32,"enemies":"Time Eater","floor":50,"turns":8},{"damage":45,"enemies":"Shield and Spear","floor":54,"turns":4},{"damage":56,"enemies":"The Heart","floor":55,"turns":5}],"seed_played":"6501616556651400626","potions_obtained":[{"floor":2,"key":"Energy Potion"},{"floor":5,"key":"SpeedPotion"},{"floor":14,"key":"Weak Potion"},{"floor":21,"key":"AttackPotion"},{"floor":25,"key":"AttackPotion"},{"floor":30,"key":"LiquidBronze"},{"floor":33,"key":"Fire Potion"},{"floor":37,"key":"Swift Potion"},{"floor":40,"key":"Dexterity Potion"}],"is_trial":false,"path_per_floor":["M","M","?","M","M","R","M","R","T","R","$","?","$","M","R","B",null,"M","?","M","M","?","R","$","M","T","M","R","M","M","E","R","B",null,"M","?","M","M","$","E","R","M","T","M","?","T","?","$","R","B",null,"R","$","E","B"],"character_chosen":"DEFECT","items_purchased":["Defragment","Capacitor","Double Energy","Dramatic Entrance"],"campfire_rested":3,"item_purchase_floors":[11,48,48,48],"current_hp_per_floor":[73,67,56,56,36,36,36,36,36,36,36,36,36,36,36,36,75,75,75,48,28,9,31,31,21,21,13,50,42,27,2,39,6,75,75,75,75,47,47,51,51,48,48,42,42,42,42,42,42,10,79,79,79,34,0],"gold":70,"neow_bonus":"RANDOM_COMMON_RELIC","is_prod":false,"is_daily":false,"chose_seed":false,"campfire_upgraded":6,"win_rate":0,"timestamp":1556999417,"path_taken":["M","M","?","M","M","R","M","R","T","R","$","?","$","M","R","BOSS","M","?","?","?","?","R","?","M","T","M","R","M","M","E","R","BOSS","M","?","?","M","$","E","R","M","T","M","?","?","?","$","R","BOSS","R","$","E","BOSS"],"build_version":"2019-01-23","purchased_purges":5,"victory":false,"max_hp_per_floor":[75,75,75,75,75,75,75,75,75,75,75,75,75,75,75,75,75,75,75,75,75,75,75,75,75,75,75,75,75,75,75,75,75,75,75,75,75,75,72,79,79,79,79,79,79,79,79,79,79,79,79,79,79,79,79],"card_choices":[{"not_picked":["Turbo","Static Discharge"],"picked":"Cold Snap","floor":1},{"not_picked":["Go for the Eyes","Steam"],"picked":"Loop","floor":2},{"not_picked":["Sweeping Beam","Turbo"],"picked":"Conserve Battery","floor":4},{"not_picked":["Recycle","Aggregate","Stack"],"picked":"SKIP","floor":5},{"not_picked":["Turbo","Chaos","Gash"],"picked":"SKIP","floor":7},{"not_picked":["Turbo","Gash"],"picked":"Chaos","floor":7},{"not_picked":["Leap","Heatsinks","Gash","Streamline"],"picked":"SKIP","floor":14},{"not_picked":["Amplify","Thunder Strike","Seek"],"picked":"Buffer","floor":16},{"not_picked":["Double Energy","Sunder","Sweeping Beam+1"],"picked":"Defragment+1","floor":18},{"not_picked":["Hologram","Steam","Redo"],"picked":"Coolheaded+1","floor":20},{"not_picked":["Coolheaded","Force Field","Leap","Rainbow"],"picked":"SKIP","floor":21},{"not_picked":["Gash","Steam","Scrape"],"picked":"Ball Lightning+1","floor":25},{"not_picked":["Stack","Tempest","Hello World","Go for the Eyes"],"picked":"SKIP","floor":27},{"not_picked":["Hologram","Sunder","Redo","Steam"],"picked":"SKIP","floor":29},{"not_picked":["Rebound","Beam Cell+1","Hello World+1","Coolheaded"],"picked":"SKIP","floor":30},{"not_picked":["Multi-Cast","Double Energy","Lockon","Sweeping Beam"],"picked":"SKIP","floor":31},{"not_picked":["Amplify","Core Surge","Meteor Strike"],"picked":"Creative AI","floor":33},{"not_picked":["Ball Lightning","Compile Driver","Conserve Battery+1","Streamline"],"picked":"SKIP","floor":35},{"not_picked":["Leap+1","Stack+1","Ball Lightning","Steam"],"picked":"SKIP","floor":37},{"not_picked":["Barrage+1","Melter+1","Compile Driver+1","Sweeping Beam"],"picked":"SKIP","floor":38},{"not_picked":["Auto Shields","Heatsinks","Rainbow"],"picked":"Redo+1","floor":40},{"not_picked":["Barrage+1","Steam","Rip and Tear"],"picked":"White Noise+1","floor":42},{"not_picked":["Conserve Battery+1","Ball Lightning+1","Compile Driver+1","Steam"],"picked":"SKIP","floor":44},{"not_picked":["Ball Lightning+1","Chill","Beam Cell"],"picked":"Glacier+1","floor":54}],"player_experience":243128,"relics_obtained":[{"floor":26,"key":"Regal Pillow"},{"floor":31,"key":"Anchor"},{"floor":40,"key":"Strawberry"},{"floor":43,"key":"Mummified Hand"},{"floor":46,"key":"Bag of Preparation"},{"floor":54,"key":"StoneCalendar"}],"event_choices":[{"damage_healed":0,"gold_gain":75,"player_choice":"Gather Gold","damage_taken":11,"max_hp_gain":0,"max_hp_loss":0,"event_name":"World of Goop","floor":3,"gold_loss":0},{"damage_healed":0,"gold_gain":0,"player_choice":"Searched \u00271\u0027 times","damage_taken":0,"relics_obtained":["Question Card"],"max_hp_gain":0,"max_hp_loss":0,"event_name":"Dead Adventurer","floor":12,"gold_loss":0},{"damage_healed":0,"gold_gain":0,"player_choice":"Trade","damage_taken":0,"relics_obtained":["GremlinMask"],"max_hp_gain":0,"max_hp_loss":0,"event_name":"FaceTrader","floor":19,"gold_loss":0},{"damage_healed":0,"gold_gain":0,"player_choice":"Fight","damage_taken":0,"max_hp_gain":0,"max_hp_loss":0,"event_name":"Colosseum","floor":22,"gold_loss":0},{"damage_healed":0,"gold_gain":0,"player_choice":"Fled From Nobs","damage_taken":0,"max_hp_gain":0,"max_hp_loss":0,"event_name":"Colosseum","floor":22,"gold_loss":0},{"damage_healed":0,"gold_gain":100,"player_choice":"Pray","damage_taken":0,"max_hp_gain":0,"max_hp_loss":0,"event_name":"Golden Shrine","floor":36,"gold_loss":0},{"cards_removed":["Redo"],"damage_healed":0,"gold_gain":0,"player_choice":"Removed Skill","damage_taken":0,"max_hp_gain":0,"max_hp_loss":0,"event_name":"Falling","floor":45,"gold_loss":0},{"damage_healed":0,"gold_gain":0,"player_choice":"Ignored","damage_taken":0,"max_hp_gain":0,"max_hp_loss":0,"event_name":"Tomb of Lord Red Mask","floor":47,"gold_loss":0}],"is_beta":false,"boss_relics":[{"not_picked":["Tiny House","Snecko Eye"],"picked":"Cursed Key"},{"not_picked":["Coffee Dripper","Runic Pyramid"],"picked":"Astrolabe"}],"items_purged_floors":[11,13,24,39,48],"is_endless":false,"potions_floor_spawned":[2,5,14,21,25,30,33,37,38,40],"killed_by":"The Heart","ascension_level":3}