{"gold_per_floor":[114,124,137,151,151,151,184,184,184,204,234,234,234,259,259,331,331,341,361,10,26,46,73,73,105,132,194,219,231,277,289,301,389,401,432,444,13,31,46,81,31,56,56,90,104,115,115,145,145,145],"floor_reached":51,"playtime":4990,"items_purged":["Strike_R","Decay"],"score":1526,"play_id":"ffbf9bf6-9784-4fde-aa4a-872af21dd05e","local_time":"20190525111327","is_ascension_mode":true,"campfire_choices":[{"data":"Carnage","floor":6.0,"key":"SMITH"},{"floor":8.0,"key":"REST"},{"data":"Bash","floor":12.0,"key":"SMITH"},{"data":"Metallicize","floor":15.0,"key":"SMITH"},{"floor":24.0,"key":"REST"},{"data":"Shockwave","floor":29.0,"key":"SMITH"},{"floor":32.0,"key":"REST"},{"data":"Heavy Blade","floor":47,"key":"SMITH"},{"floor":49,"key":"REST"}],"neow_cost":"NONE","seed_source_timestamp":0,"circlet_count":0,"master_deck":["AscendersBane","Strike_R","Strike_R","Strike_R","Strike_R","Defend_R","Defend_R","Defend_R","Defend_R","Bash+1","Twin Strike","Iron Wave","Seeing Red","Clothesline+1","Carnage+1","Metallicize+1","Shrug It Off","Corruption+1","Dark Embrace+1","Demon Form+1","Entrench","Shrug It Off","Feel No Pain+1","Shockwave+1","Heavy Blade+1","Heavy Blade","Shrug It Off","Flame Barrier","Heavy Blade","Feed+1","Corruption+1","Shrug It Off+1","Immolate"],"special_seed":0,"relics":["Burning Blood","Blood Vial","Smiling Mask","Frozen Egg 2","Art of War","Shuriken","Snecko Eye","Bottled Lightning","Question Card","MawBank","Lantern","Cursed Key","Strawberry","Kunai","The Courier","Ancient Tea Set","FossilizedHelix","Dream Catcher"],"potions_floor_usage":[48,50],"damage_taken":[{"damage":7.0,"enemies":"Small Slimes","floor":1.0,"turns":4.0},{"damage":10.0,"enemies":"Cultist","floor":2.0,"turns":4.0},{"damage":13.0,"enemies":"Jaw Worm","floor":3.0,"turns":4.0},{"damage":7.0,"enemies":"Looter","floor":4.0,"turns":4.0},{"damage":25.0,"enemies":"3 Sentries","floor":7.0,"turns":7.0},{"damage":9.0,"enemies":"Red Slaver","floor":10.0,"turns":2.0},{"damage":28.0,"enemies":"Lagavulin","floor":11.0,"turns":8.0},{"damage":21.0,"enemies":"3 Sentries","floor":14.0,"turns":8.0},{"damage":40.0,"enemies":"Hexaghost","floor":16.0,"turns":12.0},{"damage":0.0,"enemies":"Chosen","floor":18.0,"turns":4.0},{"damage":17.0,"enemies":"3 Byrds","floor":19.0,"turns":5.0},{"damage":16.0,"enemies":"Centurion and Healer","floor":21.0,"turns":5.0},{"damage":22.0,"enemies":"Snake Plant","floor":22.0,"turns":4.0},{"damage":27.0,"enemies":"Gremlin Leader","floor":23.0,"turns":6.0},{"damage":15.0,"enemies":"Book of Stabbing","floor":25.0,"turns":4.0},{"damage":3.0,"enemies":"3 Cultists","floor":28.0,"turns":3.0},{"damage":31.0,"enemies":"Slavers","floor":30.0,"turns":4.0},{"damage":36.0,"enemies":"Collector","floor":33.0,"turns":7.0},{"damage":8.0,"enemies":"Orb Walker","floor":35.0,"turns":4.0},{"damage":15.0,"enemies":"3 Darklings","floor":38.0,"turns":6.0},{"damage":2.0,"enemies":"Writhing Mass","floor":39.0,"turns":7.0},{"damage":18.0,"enemies":"Giant Head","floor":40.0,"turns":9.0},{"damage":8.0,"enemies":"Reptomancer","floor":42.0,"turns":5.0},{"damage":12.0,"enemies":"Giant Head","floor":44.0,"turns":7.0},{"damage":0.0,"enemies":"Transient","floor":45.0,"turns":5.0},{"damage":21,"enemies":"Sphere and 2 Shapes","floor":46,"turns":5},{"damage":34,"enemies":"Reptomancer","floor":48,"turns":7},{"damage":36,"enemies":"Donu and Deca","floor":50,"turns":7}],"seed_played":"7165182708062440738","potions_obtained":[{"floor":2.0,"key":"Weak Potion"},{"floor":3.0,"key":"Dexterity Potion"},{"floor":11.0,"key":"Regen Potion"},{"floor":14.0,"key":"SkillPotion"},{"floor":21.0,"key":"AttackPotion"},{"floor":28.0,"key":"Poison Potion"},{"floor":33.0,"key":"SkillPotion"},{"floor":38.0,"key":"SteroidPotion"},{"floor":46,"key":"Dexterity Potion"},{"floor":48,"key":"SpeedPotion"}],"is_trial":false,"path_per_floor":["M","M","M","M","?","R","E","R","T","M","E","R","?","E","R","B",null,"M","M","$","M","M","E","R","E","T","?","M","R","E","?","R","B",null,"M","?","$","M","M","E","$","E","T","E","M","M","R","E","R","B",null],"character_chosen":"IRONCLAD","items_purchased":["Entrench","Shrug It Off","Feel No Pain+1","Fruit Juice","Strawberry","Kunai"],"campfire_rested":4,"item_purchase_floors":[20,20,20,20,37,37],"current_hp_per_floor":[67,63,56,55,55,55,36,58,58,57,37,37,37,39,39,7,58,66,57,62,54,40,21,45,38,38,38,43,43,20,20,44,16,64,67,67,74,67,73,67,67,71,71,71,79,70,70,44,75,47],"gold":145,"neow_bonus":"THREE_CARDS","is_prod":false,"is_daily":false,"chose_seed":false,"campfire_upgraded":5,"win_rate":0,"timestamp":1558808007,"path_taken":["M","M","M","M","?","R","E","R","T","M","E","R","?","E","R","BOSS","M","M","$","M","M","E","R","E","T","?","M","R","E","?","R","BOSS","M","?","$","?","M","E","$","E","T","E","M","M","R","E","R","BOSS"],"build_version":"2019-01-23","purchased_purges":2,"victory":true,"max_hp_per_floor":[75,75,75,75,75,75,75,75,75,75,75,75,75,75,75,75,75,75,75,80,80,80,80,80,80,80,80,80,80,80,80,80,80,80,83,83,90,90,90,94,94,98,98,102,102,106,106,106,106,106],"card_choices":[{"not_picked":["Bloodletting","Warcry"],"picked":"Twin Strike","floor":0.0},{"not_picked":["Infernal Blade","Seeing Red"],"picked":"Iron Wave","floor":1.0},{"not_picked":["Warcry","Infernal Blade"],"picked":"Seeing Red","floor":2.0},{"not_picked":["Shrug It Off","Wild Strike"],"picked":"Clothesline","floor":3.0},{"not_picked":["Perfected Strike","Thunderclap"],"picked":"Carnage","floor":4.0},{"not_picked":["Armaments","Pommel Strike"],"picked":"Metallicize","floor":7.0},{"not_picked":["Rupture","Pummel"],"picked":"Shrug It Off","floor":10.0},{"not_picked":["Brutality","Body Slam"],"picked":"Corruption","floor":11.0},{"not_picked":["True Grit","Warcry"],"picked":"Dark Embrace+1","floor":14.0},{"not_picked":["Limit Break","Juggernaut+1"],"picked":"Demon Form+1","floor":16.0},{"not_picked":["Seeing Red","Fire Breathing+1","Battle Trance"],"picked":"SKIP","floor":18.0},{"not_picked":["Reckless Charge","Warcry","Anger"],"picked":"SKIP","floor":19.0},{"not_picked":["Combust+1","Warcry"],"picked":"Shockwave","floor":21.0},{"not_picked":["Wild Strike","Flex"],"picked":"Heavy Blade","floor":22.0},{"not_picked":["Ghostly Armor","Hemokinesis"],"picked":"Heavy Blade","floor":23.0},{"not_picked":["Pommel Strike","Whirlwind"],"picked":"Shrug It Off","floor":25.0},{"not_picked":["Fire Breathing+1","Rupture+1","Sever Soul"],"picked":"Flame Barrier","floor":28.0},{"not_picked":["Seeing Red+1","Clothesline","Combust+1"],"picked":"Heavy Blade","floor":30.0},{"not_picked":["Dark Embrace+1","Limit Break","Offering"],"picked":"Feed","floor":33.0},{"not_picked":["Twin Strike","Warcry+1","Infernal Blade","Body Slam"],"picked":"SKIP","floor":35.0},{"not_picked":["Spot Weakness+1","Battle Trance","Body Slam"],"picked":"Corruption+1","floor":38.0},{"not_picked":["Fire Breathing+1","Power Through","Flex","Hemokinesis"],"picked":"SKIP","floor":39.0},{"not_picked":["Wild Strike","Blood for Blood+1","Clash+1","Inflame+1"],"picked":"SKIP","floor":40.0},{"not_picked":["Corruption+1","Brutality+1","Combust+1","Heavy Blade"],"picked":"SKIP","floor":42.0},{"not_picked":["Offering","Clothesline","Cleave+1","Wild Strike"],"picked":"SKIP","floor":44.0},{"not_picked":["Second Wind","Perfected Strike","Clothesline+1","Headbutt"],"picked":"SKIP","floor":45.0},{"not_picked":["Clash","Pommel Strike+1","Metallicize+1"],"picked":"Shrug It Off+1","floor":46},{"not_picked":["True Grit","Intimidate","Headbutt"],"picked":"Immolate","floor":48}],"player_experience":492044,"relics_obtained":[{"floor":7.0,"key":"Blood Vial"},{"floor":9.0,"key":"Smiling Mask"},{"floor":11.0,"key":"Frozen Egg 2"},{"floor":14.0,"key":"Shuriken"},{"floor":23.0,"key":"Bottled Lightning"},{"floor":25.0,"key":"Question Card"},{"floor":26.0,"key":"MawBank"},{"floor":30.0,"key":"Lantern"},{"floor":40.0,"key":"The Courier"},{"floor":42.0,"key":"Ancient Tea Set"},{"floor":44.0,"key":"FossilizedHelix"},{"floor":48,"key":"Dream Catcher"}],"event_choices":[{"damage_healed":0.0,"max_hp_gain":0.0,"max_hp_loss":0.0,"gold_gain":0.0,"event_name":"Living Wall","player_choice":"Grow","floor":5.0,"gold_loss":0.0,"damage_taken":0.0,"cards_upgraded":["Clothesline"]},{"damage_healed":0.0,"max_hp_gain":0.0,"max_hp_loss":0.0,"gold_gain":0.0,"event_name":"Dead Adventurer","player_choice":"Searched \u00271\u0027 times","floor":13.0,"gold_loss":0.0,"damage_taken":0.0,"relics_obtained":["Art of War"]},{"damage_healed":0.0,"max_hp_gain":0.0,"max_hp_loss":0.0,"gold_gain":50.0,"event_name":"Nest","player_choice":"Stole From Cult","floor":27.0,"gold_loss":0.0,"damage_taken":0.0},{"damage_healed":0.0,"max_hp_gain":0.0,"max_hp_loss":0.0,"gold_gain":0.0,"event_name":"Forgotten Altar","player_choice":"Smashed Altar","floor":31.0,"gold_loss":0.0,"damage_taken":0.0,"cards_obtained":["Decay"]},{"damage_healed":0.0,"max_hp_gain":0.0,"max_hp_loss":0.0,"gold_gain":0.0,"event_name":"Upgrade Shrine","player_choice":"Upgraded","floor":36.0,"gold_loss":0.0,"damage_taken":0.0,"cards_upgraded":["Feed"]}],"is_beta":false,"boss_relics":[{"not_picked":["Ectoplasm","Mark of Pain"],"picked":"Snecko Eye"},{"not_picked":["Coffee Dripper","Black Blood"],"picked":"Cursed Key"}],"items_purged_floors":[20,41],"is_endless":false,"potions_floor_spawned":[2,3,11,14,21,22,28,33,38,40,42,46,48],"ascension_level":16}