{"gold_per_floor":[368,382,382,382,337,337,369,369,418,418,196,208,234,245,245,347,347,367,355,74,74,74,74,85,85],"floor_reached":25,"playtime":4007,"items_purged":["Strike_G","Strike_G"],"score":269,"play_id":"32e97612-17ba-47ce-ad35-10e25a3ed5d7","local_time":"20190418133323","is_ascension_mode":true,"campfire_choices":[{"data":"Neutralize","floor":6,"key":"SMITH"},{"floor":8,"key":"REST"},{"floor":10,"key":"REST"},{"floor":15,"key":"REST"},{"data":"Bullet Time","floor":23,"key":"SMITH"}],"neow_cost":"TEN_PERCENT_HP_LOSS","seed_source_timestamp":552328880877475,"circlet_count":0,"master_deck":["Defend_G+1","Defend_G+1","Defend_G+1","Defend_G+1","Defend_G+1","Strike_G+1","Strike_G+1","Survivor","Neutralize+1","Dagger Spray","Acrobatics","Skewer","Blur","Underhanded Strike","Dagger Throw","Cloak And Dagger","Bullet Time+1","PiercingWail+1","Choke"],"relics":["Ring of the Snake","Omamori","Potion Belt","Dream Catcher","Busted Crown","Oddly Smooth Stone"],"potions_floor_usage":[16,24],"damage_taken":[{"damage":0,"enemies":"Jaw Worm","floor":1,"turns":6},{"damage":1,"enemies":"Small Slimes","floor":2,"turns":2},{"damage":44,"enemies":"Gremlin Nob","floor":7,"turns":6},{"damage":0,"enemies":"2 Louse","floor":12,"turns":3},{"damage":8,"enemies":"Lots of Slimes","floor":14,"turns":3},{"damage":51,"enemies":"The Guardian","floor":16,"turns":21},{"damage":15,"enemies":"Chosen","floor":18,"turns":5},{"damage":4,"enemies":"2 Thieves","floor":19,"turns":4},{"damage":21,"enemies":"Cultist and Chosen","floor":24,"turns":9},{"damage":4,"enemies":"Centurion and Healer","floor":25,"turns":3}],"seed_played":"4577685715233991731","potions_obtained":[{"floor":2,"key":"LiquidBronze"},{"floor":7,"key":"Weak Potion"},{"floor":12,"key":"GhostInAJar"},{"floor":14,"key":"Strength Potion"},{"floor":19,"key":"LiquidBronze"}],"is_trial":false,"path_per_floor":["M","M","?","?","?","R","E","R","T","R","$","M","T","M","R","B",null,"M","M","$","?","?","R","M","M"],"character_chosen":"THE_SILENT","items_purchased":["Skewer","Blur","Choke","Oddly Smooth Stone"],"campfire_rested":3,"item_purchase_floors":[11,11,20,20],"current_hp_per_floor":[63,62,55,55,55,55,11,29,29,47,47,47,47,39,57,6,49,34,30,30,30,30,30,9,5],"gold":85,"neow_bonus":"TWO_FIFTY_GOLD","is_prod":false,"is_daily":false,"chose_seed":false,"campfire_upgraded":2,"win_rate":0,"timestamp":1555565603,"path_taken":["M","M","?","?","?","R","E","R","T","R","$","M","?","M","R","BOSS","M","?","$","?","?","R","?","M"],"build_version":"2019-01-23","purchased_purges":2,"victory":false,"max_hp_per_floor":[63,63,63,63,63,63,63,63,63,63,63,63,63,63,63,63,63,63,63,63,63,63,63,63,63],"card_choices":[{"not_picked":["Bane","Skewer"],"picked":"Dagger Spray","floor":1},{"not_picked":["Calculated Gamble","Slice"],"picked":"Acrobatics","floor":2},{"not_picked":["Blade Dance","Deadly Poison","Acrobatics"],"picked":"SKIP","floor":7},{"not_picked":["Blade Dance","Deadly Poison","Acrobatics"],"picked":"SKIP","floor":7},{"not_picked":["Accuracy","Prepared"],"picked":"Underhanded Strike","floor":12},{"not_picked":["Deflect","Terror"],"picked":"Dagger Throw","floor":14},{"not_picked":["Eviscerate","Poisoned Stab"],"picked":"Cloak And Dagger","floor":15},{"not_picked":["Phantasmal Killer","Tools of the Trade"],"picked":"Bullet Time","floor":16},{"not_picked":[],"picked":"PiercingWail+1","floor":18},{"not_picked":["Prepared"],"picked":"SKIP","floor":19},{"not_picked":["Backflip"],"picked":"SKIP","floor":24}],"player_experience":802294,"relics_obtained":[{"floor":7,"key":"Omamori"},{"floor":9,"key":"Potion Belt"},{"floor":13,"key":"Dream Catcher"}],"event_choices":[{"cards_removed":["Strike_G"],"damage_healed":0,"gold_gain":0,"player_choice":"Card Removal","damage_taken":7,"max_hp_gain":0,"max_hp_loss":0,"event_name":"Golden Wing","floor":3,"gold_loss":0},{"damage_healed":0,"gold_gain":0,"player_choice":"Ignored","damage_taken":0,"max_hp_gain":0,"max_hp_loss":0,"event_name":"Liars Game","floor":4,"gold_loss":0},{"damage_healed":0,"gold_gain":0,"player_choice":"Left Gold","damage_taken":0,"max_hp_gain":0,"max_hp_loss":0,"event_name":"World of Goop","floor":5,"gold_loss":45},{"damage_healed":0,"gold_gain":0,"player_choice":"Simplicity","damage_taken":0,"max_hp_gain":0,"max_hp_loss":0,"event_name":"Back to Basics","floor":21,"gold_loss":0,"cards_upgraded":["Defend_G","Defend_G","Defend_G","Defend_G","Defend_G","Strike_G","Strike_G"]}],"is_beta":false,"boss_relics":[{"not_picked":["Pandora\u0027s Box","Tiny House"],"picked":"Busted Crown"}],"items_purged_floors":[11,20],"is_endless":false,"potions_floor_spawned":[2,7,12,14,19],"killed_by":"Centurion and Healer","ascension_level":7}