{"gold_per_floor":[118,136,136,148,148,148,173,186,186,204,234,244,244,264,264,367,367,385,397,322,322,322],"floor_reached":22,"playtime":961,"items_purged":[],"score":228,"play_id":"46c996e1-7b03-4e1d-ba5f-287510e83a2f","local_time":"20190502115721","is_ascension_mode":true,"campfire_choices":[{"data":"Metallicize","floor":6,"key":"SMITH"},{"data":"Limit Break","floor":13,"key":"SMITH"},{"floor":15,"key":"REST"}],"neow_cost":"NONE","seed_source_timestamp":820772750840500,"circlet_count":0,"master_deck":["Strike_R","Strike_R","Strike_R","Defend_R","Defend_R","Defend_R","Defend_R","Bash","Metallicize+1","Inflame","Limit Break+1","Pommel Strike","Reaper","J.A.X."],"relics":["Burning Blood","NeowsBlessing","Blue Candle","Sundial","Runic Cube"],"potions_floor_usage":[7,16,16,19,22],"damage_taken":[{"damage":0,"enemies":"Cultist","floor":1,"turns":1},{"damage":0,"enemies":"Small Slimes","floor":2,"turns":2},{"damage":0,"enemies":"2 Louse","floor":4,"turns":2},{"damage":34,"enemies":"Lagavulin","floor":7,"turns":6},{"damage":14,"enemies":"Looter","floor":8,"turns":4},{"damage":4,"enemies":"Exordium Wildlife","floor":10,"turns":4},{"damage":27,"enemies":"3 Sentries","floor":11,"turns":10},{"damage":8,"enemies":"Large Slime","floor":12,"turns":6},{"damage":3,"enemies":"Exordium Thugs","floor":14,"turns":5},{"damage":28,"enemies":"Hexaghost","floor":16,"turns":7},{"damage":24,"enemies":"Spheric Guardian","floor":18,"turns":5},{"damage":32,"enemies":"3 Byrds","floor":19,"turns":7},{"damage":71,"enemies":"Sentry and Sphere","floor":22,"turns":7}],"seed_played":"-9149270675435848855","potions_obtained":[{"floor":2,"key":"Fire Potion"},{"floor":5,"key":"Dexterity Potion"},{"floor":5,"key":"LiquidBronze"},{"floor":8,"key":"Energy Potion"},{"floor":12,"key":"PowerPotion"},{"floor":16,"key":"Dexterity Potion"}],"is_trial":false,"path_per_floor":["M","M","?","M","?","R","E","M","T","M","E","M","R","M","R","B",null,"M","M","?","?","M"],"character_chosen":"IRONCLAD","items_purchased":[],"campfire_rested":1,"item_purchase_floors":[],"current_hp_per_floor":[80,80,73,79,79,79,51,43,43,45,24,22,22,25,49,27,80,70,56,56,56,0],"gold":322,"neow_bonus":"THREE_ENEMY_KILL","is_prod":false,"is_daily":false,"chose_seed":false,"campfire_upgraded":2,"win_rate":0,"timestamp":1556812641,"path_taken":["M","?","?","M","?","R","E","M","T","?","E","M","R","M","R","BOSS","M","M","?","?","M"],"build_version":"2019-01-23","purchased_purges":0,"victory":false,"max_hp_per_floor":[80,80,80,80,80,80,80,80,80,80,80,80,80,80,80,80,80,80,80,80,80,80],"card_choices":[{"not_picked":["Sword Boomerang","Perfected Strike"],"picked":"Metallicize","floor":1},{"not_picked":["Thunderclap","Twin Strike"],"picked":"Inflame","floor":2},{"not_picked":["Headbutt","Feel No Pain","Burning Pact"],"picked":"SKIP","floor":4},{"not_picked":["Havoc","Shockwave","Bloodletting"],"picked":"SKIP","floor":7},{"not_picked":["Shrug It Off","Blood for Blood"],"picked":"Limit Break","floor":8},{"not_picked":["Heavy Blade","Disarm"],"picked":"Pommel Strike","floor":10},{"not_picked":["Fire Breathing","Disarm","Twin Strike"],"picked":"SKIP","floor":11},{"not_picked":["Feel No Pain","Cleave","Combust"],"picked":"SKIP","floor":12},{"not_picked":["Iron Wave","Clothesline","Armaments"],"picked":"SKIP","floor":14},{"not_picked":["Impervious","Exhume"],"picked":"Reaper","floor":16},{"not_picked":["Havoc+1","Cleave","Infernal Blade"],"picked":"SKIP","floor":18},{"not_picked":["Iron Wave+1","True Grit+1","Thunderclap+1"],"picked":"SKIP","floor":19}],"player_experience":224939,"relics_obtained":[{"floor":7,"key":"Blue Candle"},{"floor":11,"key":"Sundial"}],"event_choices":[{"cards_removed":["Strike_R"],"damage_healed":0,"gold_gain":0,"player_choice":"Card Removal","damage_taken":7,"max_hp_gain":0,"max_hp_loss":0,"event_name":"Golden Wing","floor":3,"gold_loss":0},{"damage_healed":0,"gold_gain":0,"player_choice":"Got Potions","damage_taken":0,"max_hp_gain":0,"max_hp_loss":0,"event_name":"Lab","floor":5,"gold_loss":0},{"cards_removed":["Strike_R"],"damage_healed":0,"gold_gain":0,"player_choice":"Gave Gold","damage_taken":0,"max_hp_gain":0,"max_hp_loss":0,"event_name":"Beggar","floor":20,"gold_loss":75},{"damage_healed":0,"gold_gain":0,"player_choice":"Obtain J.A.X.","damage_taken":0,"max_hp_gain":0,"max_hp_loss":0,"event_name":"Drug Dealer","floor":21,"gold_loss":0,"cards_obtained":["J.A.X."]}],"is_beta":false,"boss_relics":[{"not_picked":["Runic Pyramid","Runic Dome"],"picked":"Runic Cube"}],"items_purged_floors":[],"is_endless":false,"potions_floor_spawned":[2,8,11,12,16],"killed_by":"Sentry and Sphere","ascension_level":3}