{"gold_per_floor":[118,118,118,136,136,136,170,170,170,170,170,201,219,250,250,352,352,317,317,317,39,39,39,39,39,89,89,103,103,129,144,144,249,249,259,259,4,4,20,46,46,146,173,208,221,221,221,0,0,0],"floor_reached":51,"playtime":2432,"items_purged":[],"score":1137,"play_id":"226dea69-2812-4025-9674-917e6c7440f2","local_time":"20190120191837","is_ascension_mode":true,"campfire_choices":[{"data":"Flying Knee","floor":6.0,"key":"SMITH"},{"data":"Terror","floor":8.0,"key":"SMITH"},{"data":"Flying Knee","floor":11.0,"key":"SMITH"},{"floor":15.0,"key":"REST"},{"data":"Noxious Fumes","floor":23.0,"key":"SMITH"},{"data":"Night Terror","floor":25.0,"key":"SMITH"},{"data":"Dash","floor":27.0,"key":"SMITH"},{"floor":32.0,"key":"REST"},{"floor":47,"key":"REST"},{"data":"Madness","floor":49,"key":"SMITH"}],"neow_cost":"NONE","seed_source_timestamp":757443948292871,"circlet_count":0,"master_deck":["AscendersBane","Defend_G+1","Defend_G+1","Defend_G+1","Defend_G+1","Defend_G+1","Strike_G+1","Survivor","Neutralize+1","Flying Knee+1","Dagger Spray+1","Flying Knee+1","Terror+1","Deflect","Dash+1","Backflip","Night Terror+1","Noxious Fumes+1","Bane+1","Die Die Die","Envenom+1","Doppelganger+1","Footwork+1","Adrenaline+1","Dodge and Roll+1","Noxious Fumes","Crippling Poison+1","Madness+1","Madness"],"special_seed":0,"relics":["Ring of the Snake","Centennial Puzzle","Juzu Bracelet","Art of War","Sundial","Black Star","Tingsha","TwistedFunnel","The Courier","PreservedInsect","MutagenicStrength","Regal Pillow","Ice Cream","Astrolabe","Lee\u0027s Waffle","Unceasing Top","Meat on the Bone","FossilizedHelix","Vajra","Boot","Mummified Hand","Red Mask"],"potions_floor_usage":[33,39,40,50],"damage_taken":[{"damage":6.0,"enemies":"Jaw Worm","floor":1.0,"turns":5.0},{"damage":0.0,"enemies":"2 Louse","floor":4.0,"turns":1.0},{"damage":21.0,"enemies":"Gremlin Nob","floor":7.0,"turns":5.0},{"damage":15.0,"enemies":"Lagavulin","floor":12.0,"turns":6.0},{"damage":1.0,"enemies":"Cultist","floor":13.0,"turns":3.0},{"damage":10.0,"enemies":"3 Sentries","floor":14.0,"turns":6.0},{"damage":8.0,"enemies":"The Guardian","floor":16.0,"turns":13.0},{"damage":15.0,"enemies":"2 Thieves","floor":18.0,"turns":5.0},{"damage":0.0,"enemies":"Colosseum Slavers","floor":22.0,"turns":5.0},{"damage":3.0,"enemies":"Spheric Guardian","floor":28.0,"turns":5.0},{"damage":3.0,"enemies":"Gremlin Leader","floor":30.0,"turns":4.0},{"damage":0.0,"enemies":"3 Cultists","floor":31.0,"turns":3.0},{"damage":63,"enemies":"Champ","floor":33,"turns":10},{"damage":20,"enemies":"3 Darklings","floor":35,"turns":9},{"damage":7,"enemies":"3 Shapes","floor":39,"turns":2},{"damage":30,"enemies":"Reptomancer","floor":40,"turns":5},{"damage":0,"enemies":"Mind Bloom Boss Battle","floor":42,"turns":7},{"damage":0,"enemies":"Nemesis","floor":44,"turns":5},{"damage":0,"enemies":"3 Darklings","floor":45,"turns":2},{"damage":18,"enemies":"Donu and Deca","floor":50,"turns":6}],"seed_played":"3270855815460252736","potions_obtained":[{"floor":7.0,"key":"AttackPotion"},{"floor":13.0,"key":"GhostInAJar"},{"floor":14.0,"key":"EssenceOfSteel"},{"floor":31.0,"key":"SkillPotion"},{"floor":35,"key":"SteroidPotion"},{"floor":42,"key":"Regen Potion"}],"is_trial":false,"path_per_floor":["M","?","?","M","?","R","E","R","T","?","R","E","M","E","R","B",null,"M","T","?","$","?","R","T","R","T","R","M","?","E","M","R","B",null,"M","?","$","?","M","E","?","?","T","E","M","?","R","?","R","B",null],"character_chosen":"THE_SILENT","items_purchased":["Noxious Fumes","TwistedFunnel","Lee\u0027s Waffle","Noxious Fumes","Block Potion"],"campfire_rested":3,"item_purchase_floors":[21,21,37,37,37],"current_hp_per_floor":[57,57,62,62,62,62,41,41,41,41,41,26,25,15,37,29,64,49,49,49,49,49,49,49,49,49,49,46,46,43,43,75,12,59,39,39,82,82,75,45,45,45,45,45,45,35,74,74,74,71],"gold":0,"neow_bonus":"THREE_CARDS","is_prod":false,"is_daily":false,"chose_seed":false,"campfire_upgraded":7,"win_rate":0,"timestamp":1548029917,"path_taken":["M","?","?","M","?","R","E","R","T","?","R","E","M","E","R","BOSS","M","?","?","$","?","R","?","R","T","R","M","?","E","M","R","BOSS","M","?","$","?","M","E","?","?","T","E","M","?","R","?","R","BOSS"],"build_version":"2019-01-19","purchased_purges":0,"victory":true,"max_hp_per_floor":[70,70,75,75,75,75,75,75,75,75,75,75,75,75,75,75,75,75,75,75,75,75,75,75,75,75,75,75,75,75,75,75,75,75,75,75,82,82,82,82,82,82,82,82,82,82,82,82,82,82],"card_choices":[{"not_picked":["Bane","Blade Dance"],"picked":"Flying Knee","floor":0.0},{"not_picked":["PiercingWail","Flying Knee"],"picked":"Dagger Spray","floor":1.0},{"not_picked":["Bane","Dagger Throw"],"picked":"Flying Knee","floor":4.0},{"not_picked":["Bullet Time","Underhanded Strike"],"picked":"Terror","floor":7.0},{"not_picked":["Choke","Sucker Punch"],"picked":"Deflect","floor":12.0},{"not_picked":["Prepared","Blade Dance"],"picked":"Dash","floor":13.0},{"not_picked":["Storm of Steel","Quick Slash"],"picked":"Backflip","floor":14.0},{"not_picked":["Storm of Steel","After Image"],"picked":"Night Terror","floor":16.0},{"not_picked":["Flying Knee+1","Setup"],"picked":"Escape Plan","floor":18.0},{"not_picked":["Deflect","Riddle With Holes+1"],"picked":"Bane+1","floor":28.0},{"not_picked":["Slice+1","Dash"],"picked":"Die Die Die","floor":30.0},{"not_picked":["Quick Slash+1","Endless Agony","Dagger Spray+1"],"picked":"SKIP","floor":31.0},{"not_picked":["Bullet Time","Die Die Die"],"picked":"Envenom","floor":33},{"not_picked":["Leg Sweep","Deadly Poison"],"picked":"Dodge and Roll+1","floor":35},{"not_picked":["Quick Slash+1","Poisoned Stab","Underhanded Strike+1"],"picked":"SKIP","floor":39},{"not_picked":["Bullet Time","Flying Knee+1"],"picked":"Crippling Poison+1","floor":40},{"not_picked":["Slice","Dagger Throw+1","Bane"],"picked":"SKIP","floor":44},{"not_picked":["Bane+1","Underhanded Strike+1","Predator+1"],"picked":"SKIP","floor":45}],"player_experience":509570,"relics_obtained":[{"floor":7.0,"key":"Centennial Puzzle"},{"floor":9.0,"key":"Juzu Bracelet"},{"floor":12.0,"key":"Art of War"},{"floor":14.0,"key":"Sundial"},{"floor":19.0,"key":"Tingsha"},{"floor":24.0,"key":"The Courier"},{"floor":26.0,"key":"PreservedInsect"},{"floor":30.0,"key":"Regal Pillow"},{"floor":30.0,"key":"Ice Cream"},{"floor":40,"key":"Unceasing Top"},{"floor":40,"key":"Meat on the Bone"},{"floor":42,"key":"FossilizedHelix"},{"floor":43,"key":"Vajra"},{"floor":44,"key":"Boot"},{"floor":44,"key":"Mummified Hand"}],"event_choices":[{"damage_healed":0.0,"max_hp_gain":0.0,"max_hp_loss":0.0,"gold_gain":0.0,"event_name":"Living Wall","player_choice":"Grow","floor":2.0,"gold_loss":0.0,"damage_taken":0.0,"cards_upgraded":["Dagger Spray"]},{"damage_healed":0.0,"max_hp_gain":5.0,"max_hp_loss":0.0,"gold_gain":0.0,"event_name":"Big Fish","player_choice":"Donut","floor":3.0,"gold_loss":0.0,"damage_taken":0.0},{"damage_healed":0.0,"max_hp_gain":0.0,"max_hp_loss":0.0,"gold_gain":0.0,"event_name":"Upgrade Shrine","player_choice":"Upgraded","floor":5.0,"gold_loss":0.0,"damage_taken":0.0,"cards_upgraded":["Neutralize"]},{"cards_removed":["Strike_G"],"damage_healed":0.0,"max_hp_gain":0.0,"max_hp_loss":0.0,"gold_gain":0.0,"event_name":"Bonfire Elementals","player_choice":"Offered Basic","floor":10.0,"gold_loss":0.0,"damage_taken":0.0},{"damage_healed":0.0,"max_hp_gain":0.0,"max_hp_loss":0.0,"gold_gain":0.0,"event_name":"Back to Basics","player_choice":"Simplicity","floor":20.0,"gold_loss":0.0,"damage_taken":0.0,"cards_upgraded":["Defend_G","Defend_G","Defend_G","Defend_G","Defend_G","Strike_G","Strike_G","Strike_G","Strike_G"]},{"damage_healed":0.0,"max_hp_gain":0.0,"max_hp_loss":0.0,"gold_gain":0.0,"event_name":"Colosseum","player_choice":"Fight","floor":22.0,"gold_loss":0.0,"damage_taken":0.0},{"damage_healed":0.0,"max_hp_gain":0.0,"max_hp_loss":0.0,"gold_gain":0.0,"event_name":"Colosseum","player_choice":"Fled From Nobs","floor":22.0,"gold_loss":0.0,"damage_taken":0.0},{"damage_healed":0.0,"max_hp_gain":0.0,"max_hp_loss":0.0,"gold_gain":0.0,"event_name":"Drug Dealer","player_choice":"Inject Mutagens","floor":29.0,"gold_loss":0.0,"damage_taken":0.0,"relics_obtained":["MutagenicStrength"]},{"cards_removed":["Escape Plan"],"damage_healed":0,"gold_gain":0,"player_choice":"Removed Skill","damage_taken":0,"max_hp_gain":0,"max_hp_loss":0,"event_name":"Falling","floor":36,"gold_loss":0},{"damage_healed":0,"gold_gain":0,"player_choice":"Ignored","damage_taken":0,"max_hp_gain":0,"max_hp_loss":0,"event_name":"Mysterious Sphere","floor":38,"gold_loss":0},{"damage_healed":0,"gold_gain":0,"player_choice":"Forge","damage_taken":0,"max_hp_gain":0,"max_hp_loss":0,"event_name":"Accursed Blacksmith","floor":41,"gold_loss":0,"cards_upgraded":["Envenom"]},{"damage_healed":0,"gold_gain":0,"player_choice":"Fight","damage_taken":0,"max_hp_gain":0,"max_hp_loss":0,"event_name":"MindBloom","floor":42,"gold_loss":0},{"damage_healed":0,"gold_gain":0,"player_choice":"Embrace Madness","damage_taken":10,"max_hp_gain":0,"max_hp_loss":0,"event_name":"Winding Halls","floor":46,"gold_loss":0,"cards_obtained":["Madness","Madness"]},{"damage_healed":0,"gold_gain":0,"player_choice":"Paid","damage_taken":0,"relics_obtained":["Red Mask"],"max_hp_gain":0,"max_hp_loss":0,"event_name":"Tomb of Lord Red Mask","floor":48,"gold_loss":221}],"is_beta":true,"boss_relics":[{"not_picked":["White Beast Statue","Tiny House"],"picked":"Black Star"},{"not_picked":["Velvet Choker","Eternal Feather"],"picked":"Astrolabe"}],"items_purged_floors":[],"is_endless":false,"potions_floor_spawned":[7,13,14,22,31,35,42],"ascension_level":10}