{"gold_per_floor":[116,116,116,191,216,216,230,30,100,25,25,39,39,54,54,184,184,200,100,100,135,149,149,173,29,29,42,75,100,100,29,29,159,159,180,180,196,71,71,112,112,153,176,176,197,197,322,47,47,47],"floor_reached":51,"playtime":2774,"items_purged":["Strike_G","Outmaneuver","Poisoned Stab","Night Terror"],"score":832,"play_id":"d004a70e-4306-49c3-8aea-503fbc82a719","local_time":"20181201171953","is_ascension_mode":true,"campfire_choices":[{"floor":6.0,"key":"REST"},{"data":"Neutralize","floor":11.0,"key":"SMITH"},{"data":"Cloak And Dagger","floor":13.0,"key":"SMITH"},{"data":"Dash","floor":15.0,"key":"SMITH"},{"floor":23.0,"key":"REST"},{"floor":30.0,"key":"REST"},{"floor":32.0,"key":"REST"},{"data":"Calculated Gamble","floor":41,"key":"SMITH"},{"data":"Grand Finale","floor":44,"key":"SMITH"},{"data":"Grand Finale","floor":46,"key":"SMITH"},{"data":"Well Laid Plans","floor":49,"key":"SMITH"}],"neow_cost":"TEN_PERCENT_HP_LOSS","seed_source_timestamp":0,"circlet_count":0,"master_deck":["Survivor","Neutralize+1","Cloak And Dagger+1","Dash+1","Grand Finale+1","Escape Plan","Quick Slash","Noxious Fumes+1","Quick Slash","Calculated Gamble+1","Grand Finale+1","Backflip+1","Escape Plan","Well Laid Plans+1"],"special_seed":0,"relics":["Ring of the Serpent","Golden Idol","PreservedInsect","Lee\u0027s Waffle","Question Card","Pandora\u0027s Box","Red Mask","Bag of Preparation","Kunai","Turnip","Art of War","Ancient Tea Set","Juzu Bracelet","Calipers"],"potions_floor_usage":[40],"damage_taken":[{"damage":3.0,"enemies":"2 Louse","floor":1.0,"turns":3.0},{"damage":0.0,"enemies":"Small Slimes","floor":7.0,"turns":3.0},{"damage":0.0,"enemies":"Jaw Worm","floor":12.0,"turns":4.0},{"damage":0.0,"enemies":"Red Slaver","floor":14.0,"turns":4.0},{"damage":39.0,"enemies":"Slime Boss","floor":16.0,"turns":17.0},{"damage":5.0,"enemies":"2 Thieves","floor":18.0,"turns":3.0},{"damage":51.0,"enemies":"Masked Bandits","floor":21.0,"turns":5.0},{"damage":0.0,"enemies":"Spheric Guardian","floor":22.0,"turns":2.0},{"damage":0.0,"enemies":"Cultist and Chosen","floor":24.0,"turns":3.0},{"damage":0.0,"enemies":"Chosen and Byrds","floor":27.0,"turns":3.0},{"damage":0.0,"enemies":"Slavers","floor":28.0,"turns":1.0},{"damage":10.0,"enemies":"3 Cultists","floor":29.0,"turns":4.0},{"damage":50.0,"enemies":"Champ","floor":33.0,"turns":9.0},{"damage":1.0,"enemies":"3 Shapes","floor":35.0,"turns":5.0},{"damage":0.0,"enemies":"Orb Walker","floor":37.0,"turns":2.0},{"damage":0,"enemies":"Nemesis","floor":40,"turns":3},{"damage":0,"enemies":"Reptomancer","floor":42,"turns":2},{"damage":0,"enemies":"Jaw Worm Horde","floor":45,"turns":1},{"damage":0,"enemies":"Mind Bloom Boss Battle","floor":47,"turns":2},{"damage":22,"enemies":"Time Eater","floor":50,"turns":8}],"seed_played":"-378452150853900378","potions_obtained":[{"floor":7.0,"key":"FearPotion"},{"floor":12.0,"key":"GamblersBrew"},{"floor":16.0,"key":"SpeedPotion"},{"floor":18.0,"key":"Swift Potion"},{"floor":28.0,"key":"LiquidBronze"},{"floor":33.0,"key":"GhostInAJar"}],"is_trial":false,"path_per_floor":["M","?","?","?","T","R","M","$","T","$","R","M","R","M","R","B",null,"M","$","?","?","M","R","M","$","T","M","E","M","R","$","R","B",null,"M","?","M","$","?","E","R","E","T","R","M","R","?","$","R","B",null],"character_chosen":"THE_SILENT","items_purchased":["Lee\u0027s Waffle","Bag of Preparation","Grand Finale","Well Laid Plans","SpeedPotion"],"campfire_rested":4,"item_purchase_floors":[8,25,31,48,48],"current_hp_per_floor":[60,53,38,27,27,45,45,70,70,70,70,70,70,70,70,31,70,65,65,65,14,14,35,35,35,35,35,35,25,46,46,67,17,70,69,69,69,69,69,69,69,69,69,69,69,69,69,69,69,47],"gold":47,"neow_bonus":"REMOVE_TWO","is_prod":false,"is_daily":false,"chose_seed":false,"campfire_upgraded":7,"win_rate":0,"timestamp":1543702793,"path_taken":["M","?","?","?","?","R","M","$","T","$","R","M","R","M","R","BOSS","M","$","?","?","M","R","M","?","T","M","E","?","R","$","R","BOSS","M","?","?","$","?","E","R","E","T","R","M","R","?","$","R","BOSS"],"build_version":"2018-11-15","purchased_purges":4,"victory":true,"max_hp_per_floor":[63,63,63,63,63,63,63,70,70,70,70,70,70,70,70,70,70,70,70,70,70,70,70,70,70,70,70,70,70,70,70,70,70,70,70,70,70,70,70,70,70,70,70,70,70,70,70,70,70,70],"card_choices":[{"not_picked":["Sucker Punch","Dagger Throw"],"picked":"Cloak And Dagger","floor":1.0},{"not_picked":["Dodge and Roll","All Out Attack"],"picked":"Dash","floor":7.0},{"not_picked":["Bouncing Flask","Dagger Throw","Dagger Spray","Underhanded Strike"],"picked":"SKIP","floor":12.0},{"not_picked":["Dodge and Roll","Underhanded Strike","Deflect","Masterful Stab"],"picked":"SKIP","floor":14.0},{"not_picked":["Unload","Envenom","After Image"],"picked":"Grand Finale","floor":16.0},{"not_picked":["Blur+1","Deadly Poison","Dagger Throw"],"picked":"Quick Slash","floor":18.0},{"not_picked":["Cloak And Dagger","PiercingWail","Finisher"],"picked":"Calculated Gamble","floor":21.0},{"not_picked":["Cloak And Dagger","Flechettes","Predator","Dodge and Roll"],"picked":"SKIP","floor":22.0},{"not_picked":["Dagger Throw","Catalyst+1","Poisoned Stab","Backflip"],"picked":"SKIP","floor":24.0},{"not_picked":["Backflip","Dodge and Roll","Heel Hook","Burst"],"picked":"SKIP","floor":27.0},{"not_picked":["Flechettes","All Out Attack","Outmaneuver","Distraction+1"],"picked":"SKIP","floor":28.0},{"not_picked":["PiercingWail","Deflect","Deadly Poison","Dash+1"],"picked":"SKIP","floor":29.0},{"not_picked":["Poisoned Stab+1","Blade Dance","Setup+1","Predator+1"],"picked":"SKIP","floor":35.0},{"not_picked":["Backstab+1","Sucker Punch+1","Bane+1","Eviscerate+1"],"picked":"SKIP","floor":37.0},{"not_picked":["Dagger Throw","Dagger Spray+1","Die Die Die","Backflip+1"],"picked":"SKIP","floor":40},{"not_picked":["Dagger Throw","Dagger Spray+1","Die Die Die"],"picked":"Backflip+1","floor":40},{"not_picked":["Wraith Form v2","Flying Knee+1","Quick Slash","Catalyst+1"],"picked":"SKIP","floor":42},{"not_picked":["Wraith Form v2","Flying Knee+1","Quick Slash","Catalyst+1"],"picked":"SKIP","floor":42},{"not_picked":["Outmaneuver+1","Backflip+1","Blade Dance+1","Dagger Spray+1"],"picked":"SKIP","floor":45},{"not_picked":["Acrobatics+1","Deadly Poison+1","Underhanded Strike+1"],"picked":"Escape Plan","floor":47}],"player_experience":390697,"relics_obtained":[{"floor":5.0,"key":"PreservedInsect"},{"floor":9.0,"key":"Question Card"},{"floor":21.0,"key":"Red Mask"},{"floor":26.0,"key":"Kunai"},{"floor":28.0,"key":"Turnip"},{"floor":40,"key":"Art of War"},{"floor":42,"key":"Ancient Tea Set"},{"floor":43,"key":"Juzu Bracelet"},{"floor":47,"key":"Calipers"}],"event_choices":[{"cards_removed":["Defend_G"],"damage_healed":0.0,"max_hp_gain":0.0,"max_hp_loss":0.0,"gold_gain":0.0,"event_name":"Golden Wing","player_choice":"Card Removal","floor":2.0,"gold_loss":0.0,"damage_taken":7.0},{"damage_healed":0.0,"max_hp_gain":0.0,"max_hp_loss":0.0,"gold_gain":0.0,"event_name":"Golden Idol","player_choice":"Take Damage","floor":3.0,"gold_loss":0.0,"damage_taken":15.0,"relics_obtained":["Golden Idol"]},{"damage_healed":0.0,"max_hp_gain":0.0,"max_hp_loss":0.0,"gold_gain":75.0,"event_name":"World of Goop","player_choice":"Gather Gold","floor":4.0,"gold_loss":0.0,"damage_taken":11.0},{"damage_healed":0.0,"max_hp_gain":0.0,"max_hp_loss":0.0,"gold_gain":0.0,"event_name":"Ghosts","player_choice":"Ignored","floor":20.0,"gold_loss":0.0,"damage_taken":0.0},{"damage_healed":0.0,"max_hp_gain":0.0,"max_hp_loss":0.0,"gold_gain":0.0,"event_name":"Masked Bandits","player_choice":"Fought Bandits","floor":21.0,"gold_loss":0.0,"damage_taken":0.0},{"damage_healed":0.0,"max_hp_gain":0.0,"max_hp_loss":0.0,"gold_gain":0.0,"event_name":"Accursed Blacksmith","player_choice":"Forge","floor":36.0,"gold_loss":0.0,"damage_taken":0.0,"cards_upgraded":["Noxious Fumes"]},{"damage_healed":0,"gold_gain":0,"cards_transformed":["Riddle With Holes"],"player_choice":"Transformed","damage_taken":0,"max_hp_gain":0,"max_hp_loss":0,"event_name":"Transmorgrifier","floor":39,"gold_loss":0,"cards_obtained":["Night Terror"]},{"damage_healed":0,"gold_gain":0,"player_choice":"Fight","damage_taken":0,"max_hp_gain":0,"max_hp_loss":0,"event_name":"MindBloom","floor":47,"gold_loss":0}],"is_beta":true,"boss_relics":[{"not_picked":["Lizard Tail","Eternal Feather"],"picked":"Pandora\u0027s Box"},{"not_picked":["Cursed Key","Philosopher\u0027s Stone"],"picked":"Ring of the Serpent"}],"items_purged_floors":[10,19,38,48],"is_endless":false,"potions_floor_spawned":[7,12,16,18,24,28,33,35,37],"ascension_level":2}