{"gold_per_floor":[110,110,122,135,60,85,85,74,74,37,37,37,37,69,69,69],"floor_reached":16,"playtime":576,"items_purged":["Defend_R"],"score":124,"play_id":"6e342034-9e9f-4c0b-833e-d39566e80fc8","local_time":"20190502185634","is_ascension_mode":true,"campfire_choices":[{"floor":7,"key":"REST"},{"floor":12,"key":"REST"},{"data":"Rage","floor":15,"key":"SMITH"}],"neow_cost":"NONE","seed_source_timestamp":846311800773200,"circlet_count":0,"master_deck":["Strike_R","Strike_R","Strike_R","Strike_R","Defend_R","Defend_R","Defend_R","Bash+1","Rage+1","Evolve","Feed","Enlightenment","Ghostly Armor"],"relics":["Burning Blood","Omamori","Charon\u0027s Ashes","Mercury Hourglass"],"potions_floor_usage":[6,6,16],"damage_taken":[{"damage":5,"enemies":"Small Slimes","floor":1,"turns":4},{"damage":1,"enemies":"Cultist","floor":3,"turns":3},{"damage":13,"enemies":"2 Louse","floor":4,"turns":3},{"damage":63,"enemies":"Lagavulin","floor":6,"turns":7},{"damage":20,"enemies":"Exordium Thugs","floor":8,"turns":6},{"damage":15,"enemies":"3 Sentries","floor":14,"turns":6},{"damage":32,"enemies":"Hexaghost","floor":16,"turns":11}],"seed_played":"-8155438443884958454","potions_obtained":[{"floor":3,"key":"Poison Potion"},{"floor":4,"key":"Ancient Potion"},{"floor":8,"key":"Swift Potion"}],"is_trial":false,"path_per_floor":["M","?","M","M","$","E","R","M","T","$","?","R","?","E","R","B"],"character_chosen":"IRONCLAD","items_purchased":["Evolve"],"campfire_rested":2,"item_purchase_floors":[10],"current_hp_per_floor":[80,80,80,73,73,16,40,26,26,26,14,38,38,29,29,0],"gold":69,"neow_bonus":"REMOVE_CARD","is_prod":false,"is_daily":false,"chose_seed":false,"campfire_upgraded":1,"win_rate":0,"timestamp":1556837794,"path_taken":["M","?","M","M","?","E","R","?","T","$","?","R","?","E","R","BOSS"],"build_version":"2019-01-23","purchased_purges":1,"victory":false,"max_hp_per_floor":[80,80,80,80,80,80,80,80,80,80,80,80,80,80,80,80],"card_choices":[{"not_picked":["Thunderclap","Clash","Corruption"],"picked":"SKIP","floor":1},{"not_picked":["Sentinel","Sever Soul","Heavy Blade"],"picked":"SKIP","floor":3},{"not_picked":["Sword Boomerang","Thunderclap"],"picked":"Rage","floor":4},{"not_picked":["Armaments","Reckless Charge","Hemokinesis"],"picked":"SKIP","floor":6},{"not_picked":["Blood for Blood","Pommel Strike","Anger"],"picked":"SKIP","floor":8},{"not_picked":["Juggernaut","Warcry"],"picked":"Ghostly Armor","floor":14}],"player_experience":230698,"relics_obtained":[{"floor":6,"key":"Omamori"},{"floor":14,"key":"Mercury Hourglass"}],"event_choices":[{"damage_healed":0,"gold_gain":0,"player_choice":"Upgraded","damage_taken":0,"max_hp_gain":0,"max_hp_loss":0,"event_name":"Upgrade Shrine","floor":2,"gold_loss":0,"cards_upgraded":["Bash"]},{"damage_healed":0,"gold_gain":0,"player_choice":"Success","damage_taken":12,"relics_obtained":["Charon\u0027s Ashes"],"max_hp_gain":0,"max_hp_loss":0,"event_name":"Scrap Ooze","floor":11,"gold_loss":0},{"damage_healed":0,"gold_gain":0,"player_choice":"2 cards matched","damage_taken":0,"max_hp_gain":0,"max_hp_loss":0,"event_name":"Match and Keep!","floor":13,"gold_loss":0,"cards_obtained":["Feed","Enlightenment"]}],"is_beta":false,"boss_relics":[],"items_purged_floors":[5],"is_endless":false,"potions_floor_spawned":[3,4,8],"killed_by":"Hexaghost","ascension_level":3}