{"gold_per_floor":[115,115,115,115,128,153,153,179,179,179,192,204,231,231,231,331,331,345,7,26,46,59,59,70,97,97,97,97,97,129,129,129,226,226,243,263,185,88,106,106,131,131,154,27,27],"floor_reached":45,"playtime":4002,"items_purged":["Strike_G"],"score":549,"play_id":"1155f2f4-a89a-46ef-9c0d-1203cffaf0ac","local_time":"20190511015116","is_ascension_mode":true,"campfire_choices":[{"floor":7.0,"key":"REST"},{"floor":15.0,"key":"REST"},{"data":"Blade Dance","floor":23.0,"key":"SMITH"},{"data":"Cloak And Dagger","floor":27,"key":"SMITH"},{"floor":32,"key":"REST"},{"floor":40,"key":"REST"}],"neow_cost":"NONE","seed_source_timestamp":117940574043583,"circlet_count":0,"master_deck":["Defend_G","Defend_G","Defend_G","Defend_G","Defend_G","Strike_G","Strike_G","Survivor","Neutralize","Poisoned Stab","Cloak And Dagger+1","Malaise","Dagger Spray","Endless Agony","After Image","Dodge and Roll","Bandage Up","Infinite Blades","Caltrops","PiercingWail","Bullet Time","Leg Sweep","Backflip","Blade Dance+1","Slice","Cloak And Dagger","Glass Knife","Noxious Fumes","Leg Sweep","Enlightenment","Footwork","Sucker Punch+1","Riddle With Holes+1","A Thousand Cuts","Blade Dance+1","PiercingWail","Noxious Fumes","Dodge and Roll","Accuracy","Parasite","Deflect"],"special_seed":0,"relics":["Ring of the Snake","Bird Faced Urn","Bottled Flame","Meat on the Bone","Ornamental Fan","Bronze Scales","Molten Egg 2","Regal Pillow","Lantern","Nloth\u0027s Gift","WristBlade","Omamori","Centennial Puzzle"],"potions_floor_usage":[25,30,35,39,41,45,45,45,45],"damage_taken":[{"damage":0.0,"enemies":"2 Louse","floor":1.0,"turns":2.0},{"damage":0.0,"enemies":"Jaw Worm","floor":5.0,"turns":4.0},{"damage":29.0,"enemies":"Gremlin Nob","floor":6.0,"turns":6.0},{"damage":22.0,"enemies":"3 Sentries","floor":8.0,"turns":10.0},{"damage":0.0,"enemies":"Cultist","floor":11.0,"turns":4.0},{"damage":4.0,"enemies":"Large Slime","floor":12.0,"turns":4.0},{"damage":20.0,"enemies":"Gremlin Nob","floor":13.0,"turns":6.0},{"damage":38.0,"enemies":"Slime Boss","floor":16.0,"turns":18.0},{"damage":14.0,"enemies":"Spheric Guardian","floor":18.0,"turns":8.0},{"damage":4.0,"enemies":"Shell Parasite","floor":20.0,"turns":6.0},{"damage":11.0,"enemies":"Cultist and Chosen","floor":21.0,"turns":9.0},{"damage":2.0,"enemies":"Snake Plant","floor":22.0,"turns":5.0},{"damage":9.0,"enemies":"Sentry and Sphere","floor":24.0,"turns":7.0},{"damage":22,"enemies":"Book of Stabbing","floor":25,"turns":6},{"damage":26,"enemies":"Gremlin Leader","floor":30,"turns":12},{"damage":78,"enemies":"Champ","floor":33,"turns":25},{"damage":6,"enemies":"3 Darklings","floor":35,"turns":6},{"damage":3,"enemies":"Orb Walker","floor":36,"turns":2},{"damage":36,"enemies":"Writhing Mass","floor":39,"turns":10},{"damage":40,"enemies":"Reptomancer","floor":41,"turns":11},{"damage":81,"enemies":"Giant Head","floor":45,"turns":12}],"seed_played":"-5156918513626074043","potions_obtained":[{"floor":5.0,"key":"Dexterity Potion"},{"floor":6.0,"key":"SteroidPotion"},{"floor":8.0,"key":"Ancient Potion"},{"floor":11.0,"key":"GhostInAJar"},{"floor":16.0,"key":"PowerPotion"},{"floor":18.0,"key":"FearPotion"},{"floor":21.0,"key":"Block Potion"},{"floor":24.0,"key":"LiquidBronze"},{"floor":33,"key":"GhostInAJar"},{"floor":35,"key":"Ancient Potion"},{"floor":36,"key":"Swift Potion"},{"floor":41,"key":"EntropicBrew"}],"is_trial":false,"path_per_floor":["M","?","?","$","M","E","R","E","T","?","M","M","E","?","R","B",null,"M","$","M","M","M","R","M","E","T","R","?","$","E","?","R","B",null,"M","M","$","$","M","R","E","?","T","$","E"],"character_chosen":"THE_SILENT","items_purchased":["Noxious Fumes","Leg Sweep","Bronze Scales","Enlightenment","Noxious Fumes","Dodge and Roll","Accuracy","Dexterity Potion"],"campfire_rested":4,"item_purchase_floors":[19,19,19,19,37,38,38,44],"current_hp_per_floor":[70,70,75,75,75,46,68,46,46,46,50,54,38,38,60,44,75,67,67,73,69,75,75,74,59,59,59,59,59,49,49,75,21,75,70,69,69,69,45,75,45,45,45,45,0],"gold":27,"neow_bonus":"THREE_CARDS","is_prod":false,"is_daily":false,"chose_seed":false,"campfire_upgraded":2,"win_rate":0,"timestamp":1557528676,"path_taken":["M","?","?","$","M","E","R","E","T","?","M","?","E","?","R","BOSS","M","$","M","M","M","R","M","E","T","R","?","?","E","?","R","BOSS","M","M","?","$","M","R","E","?","T","?","E"],"build_version":"2019-01-23","purchased_purges":1,"victory":false,"max_hp_per_floor":[70,70,75,75,75,75,75,75,75,75,75,75,75,75,75,75,75,75,75,75,75,75,75,75,75,75,75,75,75,75,75,75,75,75,75,75,75,75,75,75,75,75,75,75,75],"card_choices":[{"not_picked":["Slice","Flying Knee"],"picked":"Poisoned Stab","floor":0.0},{"not_picked":["Deflect","Eviscerate"],"picked":"Cloak And Dagger","floor":1.0},{"not_picked":["Calculated Gamble","PiercingWail"],"picked":"Dagger Spray","floor":5.0},{"not_picked":["Bane","Accuracy","Underhanded Strike"],"picked":"SKIP","floor":6.0},{"not_picked":["Outmaneuver","Dagger Throw"],"picked":"Endless Agony","floor":8.0},{"not_picked":["Sucker Punch","Blade Dance"],"picked":"Infinite Blades","floor":11.0},{"not_picked":["Quick Slash","PiercingWail"],"picked":"Caltrops","floor":12.0},{"not_picked":["Masterful Stab","Blade Dance"],"picked":"PiercingWail","floor":13.0},{"not_picked":["Burst","Phantasmal Killer"],"picked":"Bullet Time","floor":16.0},{"not_picked":["Accuracy","Dodge and Roll"],"picked":"Leg Sweep","floor":17.0},{"not_picked":["Acrobatics","Leg Sweep"],"picked":"Backflip","floor":17.0},{"not_picked":["PiercingWail","Masterful Stab"],"picked":"Blade Dance","floor":17.0},{"not_picked":["Poisoned Stab","Reflex"],"picked":"Slice","floor":17.0},{"not_picked":["Prepared","Crippling Poison"],"picked":"Cloak And Dagger","floor":17.0},{"not_picked":["Crippling Poison","Bane+1"],"picked":"Glass Knife","floor":18.0},{"not_picked":["Riddle With Holes","Slice","Blade Dance"],"picked":"SKIP","floor":20.0},{"not_picked":["Deflect+1","Quick Slash"],"picked":"Footwork","floor":21.0},{"not_picked":["Acrobatics","Endless Agony+1"],"picked":"Sucker Punch+1","floor":22.0},{"not_picked":["Deflect","Accuracy"],"picked":"Riddle With Holes+1","floor":24.0},{"not_picked":["Masterful Stab","Dagger Throw","Reflex+1"],"picked":"SKIP","floor":25},{"not_picked":["PiercingWail","Deflect","Skewer+1"],"picked":"SKIP","floor":30},{"not_picked":["After Image","Unload+1"],"picked":"A Thousand Cuts","floor":33},{"not_picked":["Blade Dance+1","Backflip+1","Quick Slash+1"],"picked":"SKIP","floor":35},{"not_picked":["Backflip+1","Quick Slash+1"],"picked":"Blade Dance+1","floor":35},{"not_picked":["Quick Slash+1","Skewer+1"],"picked":"PiercingWail","floor":36},{"not_picked":["Setup","Caltrops"],"picked":"Deflect","floor":39},{"not_picked":["Underhanded Strike+1","Slice+1","A Thousand Cuts"],"picked":"SKIP","floor":41}],"player_experience":765619,"relics_obtained":[{"floor":6.0,"key":"Bird Faced Urn"},{"floor":8.0,"key":"Bottled Flame"},{"floor":9.0,"key":"Meat on the Bone"},{"floor":13.0,"key":"Ornamental Fan"},{"floor":25,"key":"Molten Egg 2"},{"floor":26,"key":"Regal Pillow"},{"floor":30,"key":"Lantern"},{"floor":41,"key":"Omamori"},{"floor":43,"key":"Centennial Puzzle"}],"event_choices":[{"damage_healed":0.0,"max_hp_gain":0.0,"max_hp_loss":0.0,"gold_gain":0.0,"cards_transformed":["Strike_G"],"event_name":"Living Wall","player_choice":"Change","floor":2.0,"gold_loss":0.0,"damage_taken":0.0,"cards_obtained":["Malaise"]},{"damage_healed":0.0,"max_hp_gain":5.0,"max_hp_loss":0.0,"gold_gain":0.0,"event_name":"Big Fish","player_choice":"Donut","floor":3.0,"gold_loss":0.0,"damage_taken":0.0},{"damage_healed":0.0,"max_hp_gain":0.0,"max_hp_loss":0.0,"gold_gain":0.0,"event_name":"Match and Keep!","player_choice":"3 cards matched","floor":10.0,"gold_loss":0.0,"damage_taken":0.0,"cards_obtained":["After Image","Dodge and Roll","Bandage Up"]},{"damage_healed":0.0,"max_hp_gain":0.0,"max_hp_loss":0.0,"gold_gain":0.0,"event_name":"Dead Adventurer","player_choice":"Searched \u00270\u0027 times","floor":14.0,"gold_loss":0.0,"damage_taken":0.0},{"cards_removed":["Strike_G"],"damage_healed":0,"gold_gain":0,"player_choice":"Offered Basic","damage_taken":0,"max_hp_gain":0,"max_hp_loss":0,"event_name":"Bonfire Elementals","floor":28,"gold_loss":0},{"damage_healed":0,"gold_gain":0,"player_choice":"Traded Relic","damage_taken":0,"relics_obtained":["Nloth\u0027s Gift"],"max_hp_gain":0,"max_hp_loss":0,"event_name":"N\u0027loth","floor":31,"relics_lost":["Orrery"],"gold_loss":0},{"damage_healed":0,"gold_gain":0,"player_choice":"Ignored","damage_taken":0,"max_hp_gain":0,"max_hp_loss":0,"event_name":"Mysterious Sphere","floor":42,"gold_loss":0}],"is_beta":false,"boss_relics":[{"not_picked":["Eternal Feather","Ectoplasm"],"picked":"Orrery"},{"not_picked":["Coffee Dripper","Cursed Key"],"picked":"WristBlade"}],"items_purged_floors":[44],"is_endless":false,"potions_floor_spawned":[5,6,8,11,16,18,21,24,33,35,36,41],"killed_by":"Giant Head","ascension_level":1}