{"gold_per_floor":[112,37,56,3,14,14,14,14,14,34,52,81,101,101,101,200,200,219,70,80,80,90,115,115,115,164,13,103,103,123,136,136,236,236,256,0,100,127,143,143,153,180,180,196,196,212,212,225,225,225],"floor_reached":51,"playtime":2070,"items_purged":["Clumsy"],"score":976,"play_id":"650e6dd1-e402-476c-a294-46319509882a","local_time":"20181226171726","is_ascension_mode":true,"campfire_choices":[{"data":"Shrug It Off","floor":6,"key":"SMITH"},{"data":"Bash","floor":8,"key":"SMITH"},{"data":"Bludgeon","floor":15,"key":"SMITH"},{"floor":24,"key":"REST"},{"floor":29,"key":"REST"},{"floor":32,"key":"REST"},{"floor":40,"key":"REST"},{"floor":45,"key":"REST"},{"floor":49,"key":"REST"}],"neow_cost":"CURSE","seed_source_timestamp":535476766731645,"circlet_count":0,"master_deck":["Strike_R","Strike_R","Strike_R","Strike_R","Defend_R","Defend_R","Defend_R","Defend_R+1","Bash+1","Flex","Twin Strike+1","Shrug It Off+1","Bludgeon+1","Whirlwind","True Grit","Seeing Red","Feed","Seeing Red+1","Armaments+1","Dual Wield+1","Flex+1","Spot Weakness","Iron Wave+1","Demon Form","Pommel Strike+1","Thunderclap+1","Shrug It Off+1","Shrug It Off+1"],"relics":["Burning Blood","Turnip","Ice Cream","Blood Vial","Fusion Hammer","Boot","Prayer Wheel","Pantograph","War Paint","Omamori","Sozu","Paper Frog","Pocketwatch","Strawberry","Singing Bowl","Red Skull"],"potions_floor_usage":[3,18,23,23,33,37,50],"damage_taken":[{"damage":6,"enemies":"Cultist","floor":1,"turns":3},{"damage":0,"enemies":"2 Louse","floor":3,"turns":1},{"damage":2,"enemies":"Jaw Worm","floor":5,"turns":3},{"damage":17,"enemies":"Lots of Slimes","floor":10,"turns":7},{"damage":11,"enemies":"Exordium Thugs","floor":11,"turns":4},{"damage":16,"enemies":"Gremlin Nob","floor":12,"turns":3},{"damage":0,"enemies":"Looter","floor":13,"turns":2},{"damage":34,"enemies":"The Guardian","floor":16,"turns":11},{"damage":18,"enemies":"2 Thieves","floor":18,"turns":5},{"damage":0,"enemies":"3 Byrds","floor":20,"turns":2},{"damage":6,"enemies":"Centurion and Healer","floor":22,"turns":6},{"damage":69,"enemies":"Slavers","floor":23,"turns":7},{"damage":30,"enemies":"Shelled Parasite and Fungi","floor":30,"turns":4},{"damage":7,"enemies":"Snecko","floor":31,"turns":4},{"damage":69,"enemies":"Automaton","floor":33,"turns":10},{"damage":21,"enemies":"3 Darklings","floor":35,"turns":3},{"damage":3,"enemies":"Mind Bloom Boss Battle","floor":37,"turns":4},{"damage":14,"enemies":"Orb Walker","floor":39,"turns":3},{"damage":17,"enemies":"Maw","floor":41,"turns":6},{"damage":55,"enemies":"Reptomancer","floor":42,"turns":6},{"damage":9,"enemies":"3 Darklings","floor":44,"turns":2},{"damage":3,"enemies":"Jaw Worm Horde","floor":46,"turns":4},{"damage":8,"enemies":"Writhing Mass","floor":48,"turns":5},{"damage":108,"enemies":"Donu and Deca","floor":50,"turns":9}],"seed_played":"9185778257373223836","potions_obtained":[{"floor":1,"key":"Explosive Potion"},{"floor":11,"key":"Dexterity Potion"},{"floor":12,"key":"Explosive Potion"},{"floor":18,"key":"Weak Potion"},{"floor":20,"key":"Regen Potion"},{"floor":31,"key":"AttackPotion"},{"floor":33,"key":"Fire Potion"}],"is_trial":false,"path_per_floor":["M","$","M","$","M","R","?","R","T","M","M","E","M","?","R","B",null,"M","$","M","?","M","E","R","T","T","$","?","R","M","M","R","B",null,"M","$","?","T","M","R","M","E","T","M","R","M","?","M","R","B",null],"character_chosen":"IRONCLAD","items_purchased":["Shrug It Off","Boot","Omamori","Paper Frog"],"campfire_rested":6,"item_purchase_floors":[4,19,27,36],"current_hp_per_floor":[72,72,78,78,80,80,80,80,80,69,64,54,62,46,46,20,65,58,58,69,69,75,30,58,58,58,58,40,68,49,50,79,34,81,68,68,97,104,96,104,93,48,48,51,84,96,96,98,119,20],"gold":225,"neow_bonus":"ONE_RARE_RELIC","is_prod":false,"is_daily":false,"chose_seed":false,"campfire_upgraded":3,"win_rate":0,"timestamp":1545862646,"path_taken":["M","?","M","$","M","R","?","R","T","M","M","E","?","?","R","BOSS","M","$","M","?","?","E","R","?","T","$","?","R","M","M","R","BOSS","M","?","?","?","M","R","M","E","T","M","R","M","?","?","R","BOSS"],"build_version":"2018-12-25","purchased_purges":1,"victory":true,"max_hp_per_floor":[80,80,80,80,80,80,80,80,80,80,80,80,80,80,80,80,80,83,83,86,86,90,94,94,94,94,94,94,94,97,97,97,97,97,97,97,97,104,104,104,104,106,106,110,110,117,117,119,119,122],"card_choices":[{"not_picked":["True Grit","Body Slam"],"picked":"Flex","floor":1},{"not_picked":["Perfected Strike","Sentinel"],"picked":"Twin Strike","floor":3},{"not_picked":["Shrug It Off","Iron Wave"],"picked":"Bludgeon","floor":5},{"not_picked":["Flame Barrier","Pommel Strike"],"picked":"Whirlwind","floor":10},{"not_picked":["Heavy Blade","Wild Strike"],"picked":"True Grit","floor":11},{"not_picked":["Havoc","Carnage"],"picked":"Seeing Red","floor":12},{"not_picked":["Twin Strike","Warcry","Flex"],"picked":"SKIP","floor":13},{"not_picked":["Immolate","Fiend Fire"],"picked":"Feed","floor":16},{"not_picked":["Rampage","Havoc"],"picked":"Seeing Red","floor":18},{"not_picked":["Sword Boomerang","Anger+1"],"picked":"Armaments+1","floor":20},{"not_picked":["Twin Strike","Clothesline"],"picked":"Dual Wield","floor":22},{"not_picked":["Evolve","Whirlwind","Combust"],"picked":"SKIP","floor":23},{"not_picked":["True Grit","Wild Strike"],"picked":"Flex+1","floor":30},{"not_picked":["Shockwave","Warcry"],"picked":"Spot Weakness","floor":30},{"not_picked":["Clothesline","Brutality"],"picked":"Iron Wave+1","floor":31},{"not_picked":["Clash","True Grit","Reckless Charge"],"picked":"SKIP","floor":31},{"not_picked":["Dark Embrace","Immolate"],"picked":"Demon Form","floor":33},{"not_picked":["Sword Boomerang+1","Clash"],"picked":"Pommel Strike+1","floor":35},{"not_picked":["Carnage","Flex","Shockwave"],"picked":"SKIP","floor":35},{"not_picked":["True Grit","Dual Wield"],"picked":"Thunderclap+1","floor":39},{"not_picked":["Searing Blow","Reckless Charge+1","Cleave+1"],"picked":"SKIP","floor":39},{"not_picked":["Havoc+1","True Grit"],"picked":"Shrug It Off+1","floor":41},{"not_picked":["Power Through+1","Reaper","Clash"],"picked":"SKIP","floor":41},{"not_picked":["Flex","True Grit+1","Immolate"],"picked":"Singing Bowl","floor":42},{"not_picked":["Headbutt+1","Body Slam","Warcry+1"],"picked":"Singing Bowl","floor":44},{"not_picked":["Body Slam+1","Corruption+1","Thunderclap+1"],"picked":"Singing Bowl","floor":44},{"not_picked":["Warcry","Clothesline","Disarm"],"picked":"Singing Bowl","floor":46},{"not_picked":["Reckless Charge","Cleave+1","Heavy Blade+1"],"picked":"Singing Bowl","floor":46},{"not_picked":["Clash+1","Rupture"],"picked":"Shrug It Off+1","floor":48},{"not_picked":["Thunderclap+1","Flex","Heavy Blade+1"],"picked":"Singing Bowl","floor":48}],"player_experience":427319,"relics_obtained":[{"floor":9,"key":"Ice Cream"},{"floor":12,"key":"Blood Vial"},{"floor":23,"key":"Prayer Wheel"},{"floor":25,"key":"Pantograph"},{"floor":26,"key":"War Paint"},{"floor":37,"key":"Pocketwatch"},{"floor":38,"key":"Strawberry"},{"floor":42,"key":"Singing Bowl"},{"floor":43,"key":"Red Skull"}],"event_choices":[{"cards_removed":["Strike_R"],"damage_healed":0,"gold_gain":0,"player_choice":"Purged","damage_taken":0,"max_hp_gain":0,"max_hp_loss":0,"event_name":"Purifier","floor":7,"gold_loss":0},{"damage_healed":0,"gold_gain":0,"player_choice":"Entered Light","damage_taken":16,"max_hp_gain":0,"max_hp_loss":0,"event_name":"Shining Light","floor":14,"gold_loss":0,"cards_upgraded":["Twin Strike","Defend_R"]},{"damage_healed":0,"gold_gain":0,"player_choice":"Bought 0 Potions","damage_taken":0,"max_hp_gain":0,"max_hp_loss":0,"event_name":"The Woman in Blue","floor":21,"gold_loss":0},{"damage_healed":0,"gold_gain":90,"player_choice":"GOLD ","damage_taken":18,"max_hp_gain":0,"max_hp_loss":0,"event_name":"Knowing Skull","floor":28,"potions_obtained":[],"gold_loss":0,"cards_obtained":[]},{"damage_healed":0,"gold_gain":0,"player_choice":"Fight","damage_taken":0,"max_hp_gain":0,"max_hp_loss":0,"event_name":"MindBloom","floor":37,"gold_loss":0},{"damage_healed":0,"gold_gain":0,"player_choice":"0 cards matched","damage_taken":0,"max_hp_gain":0,"max_hp_loss":0,"event_name":"Match and Keep!","floor":47,"gold_loss":0,"cards_obtained":[]}],"is_beta":true,"boss_relics":[{"not_picked":["Astrolabe","Empty Cage"],"picked":"Fusion Hammer"},{"not_picked":["Black Blood","Runic Pyramid"],"picked":"Sozu"}],"items_purged_floors":[2],"is_endless":false,"potions_floor_spawned":[1,11,12,18,20,31,33,35,37,42],"ascension_level":7}