{"gold_per_floor":[115,115,115,136,159,159,174,214,237,237,250,264,264,279,279,279],"floor_reached":16,"playtime":578,"items_purged":[],"score":137,"play_id":"fcc1eb89-e48d-45a3-93fd-7990ee0e33bf","local_time":"20181117112813","is_ascension_mode":true,"campfire_choices":[{"data":"Neutralize","floor":6,"key":"SMITH"},{"data":"Adrenaline","floor":10,"key":"SMITH"},{"data":"Sucker Punch","floor":13,"key":"SMITH"},{"data":"Dodge and Roll","floor":15,"key":"SMITH"}],"neow_cost":"PERCENT_DAMAGE","seed_source_timestamp":39894322072386,"circlet_count":0,"master_deck":["Defend_G","Defend_G","Defend_G","Defend_G","Defend_G","Strike_G","Strike_G","Strike_G","Strike_G","Strike_G","Survivor","Neutralize+1","Heel Hook","Crippling Poison","Dash","Adrenaline+1","Sucker Punch+1","Dagger Spray","Dodge and Roll+1"],"relics":["Ring of the Snake","Golden Idol","Lantern","Omamori","Bag of Preparation"],"potions_floor_usage":[8,16,16,16],"damage_taken":[{"damage":1,"enemies":"Small Slimes","floor":1,"turns":4},{"damage":2,"enemies":"Jaw Worm","floor":4,"turns":4},{"damage":0,"enemies":"Cultist","floor":7,"turns":3},{"damage":4,"enemies":"Gremlin Nob","floor":8,"turns":4},{"damage":1,"enemies":"Red Slaver","floor":11,"turns":4},{"damage":0,"enemies":"Exordium Thugs","floor":12,"turns":3},{"damage":0,"enemies":"Blue Slaver","floor":14,"turns":2},{"damage":41,"enemies":"Slime Boss","floor":16,"turns":11}],"seed_played":"3757309165789912627","potions_obtained":[{"floor":4,"key":"Swift Potion"},{"floor":7,"key":"GhostInAJar"},{"floor":11,"key":"SkillPotion"},{"floor":12,"key":"GamblersBrew"}],"is_trial":false,"path_per_floor":["M","?","?","M","T","R","M","E","T","R","M","M","R","M","R","B"],"character_chosen":"THE_SILENT","items_purchased":[],"campfire_rested":0,"item_purchase_floors":[],"current_hp_per_floor":[62,41,46,44,44,44,44,40,40,40,39,39,39,39,39,0],"gold":279,"neow_bonus":"TWENTY_PERCENT_HP_BONUS","is_prod":false,"is_daily":false,"chose_seed":false,"campfire_upgraded":4,"win_rate":0,"timestamp":1542425293,"path_taken":["M","?","?","M","?","R","M","E","T","R","?","M","R","M","R","BOSS"],"build_version":"2018-11-15","purchased_purges":0,"victory":false,"max_hp_per_floor":[84,84,89,89,89,89,89,89,89,89,89,89,89,89,89,89],"card_choices":[{"not_picked":["Backflip","Poisoned Stab"],"picked":"Heel Hook","floor":1},{"not_picked":["Escape Plan","Dash"],"picked":"Crippling Poison","floor":4},{"not_picked":["Masterful Stab","Dagger Throw"],"picked":"Dash","floor":7},{"not_picked":["Outmaneuver","PiercingWail"],"picked":"Adrenaline","floor":8},{"not_picked":["Poisoned Stab","Acrobatics"],"picked":"Sucker Punch","floor":11},{"not_picked":["Underhanded Strike","Flying Knee"],"picked":"Dagger Spray","floor":12},{"not_picked":["Dagger Throw","Flying Knee"],"picked":"Dodge and Roll","floor":14}],"player_experience":443402,"relics_obtained":[{"floor":5,"key":"Lantern"},{"floor":8,"key":"Omamori"},{"floor":9,"key":"Bag of Preparation"}],"event_choices":[{"damage_healed":0,"gold_gain":0,"player_choice":"Take Damage","damage_taken":21,"relics_obtained":["Golden Idol"],"max_hp_gain":0,"max_hp_loss":0,"event_name":"Golden Idol","floor":2,"gold_loss":0},{"damage_healed":0,"gold_gain":0,"player_choice":"Donut","damage_taken":0,"max_hp_gain":5,"max_hp_loss":0,"event_name":"Big Fish","floor":3,"gold_loss":0}],"is_beta":false,"boss_relics":[],"items_purged_floors":[],"is_endless":false,"potions_floor_spawned":[4,7,11,12,14],"killed_by":"Slime Boss","ascension_level":2}