{"gold_per_floor":[113,63,138,88,88,114,114,132,132,132,148,148,73,98,98,98],"floor_reached":16,"playtime":490,"items_purged":["Strike_R"],"score":135,"play_id":"08561d8d-f798-4341-b71b-23c9a0d08d89","local_time":"20190406134416","is_ascension_mode":true,"campfire_choices":[{"data":"Pommel Strike","floor":7.0,"key":"SMITH"},{"floor":15,"key":"RECALL"}],"neow_cost":"NONE","seed_source_timestamp":1685588392937535,"circlet_count":0,"master_deck":["Strike_R+1","Strike_R","Strike_R","Defend_R","Defend_R","Defend_R","Bash+1","Pommel Strike+1","Shrug It Off","Armaments","Body Slam","Pommel Strike","Warcry","Warcry"],"special_seed":0,"relics":["Burning Blood","NeowsBlessing","Turnip","Bag of Marbles","Golden Idol"],"potions_floor_usage":[16,16],"damage_taken":[{"damage":0.0,"enemies":"Small Slimes","floor":1.0,"turns":1.0},{"damage":0.0,"enemies":"Lagavulin","floor":6.0,"turns":1.0},{"damage":0.0,"enemies":"Jaw Worm","floor":8.0,"turns":1.0},{"damage":0.0,"enemies":"2 Louse","floor":11.0,"turns":4.0},{"damage":6,"enemies":"Exordium Wildlife","floor":14,"turns":3},{"damage":52,"enemies":"The Guardian","floor":16,"turns":13}],"seed_played":"-1446894683919210481","potions_obtained":[{"floor":6.0,"key":"Explosive Potion"},{"floor":8.0,"key":"GamblersBrew"}],"is_trial":false,"path_per_floor":["M","$","?","?","?","E","R","M","T","?","M","?","$","M","R","B"],"character_chosen":"IRONCLAD","items_purchased":["Shrug It Off"],"campfire_rested":0,"item_purchase_floors":[2],"current_hp_per_floor":[80,80,69,69,69,75,75,80,80,60,66,50,50,50,50,0],"gold":98,"neow_bonus":"THREE_ENEMY_KILL","is_prod":false,"is_daily":false,"chose_seed":false,"campfire_upgraded":1,"win_rate":0,"timestamp":1554572656,"path_taken":["M","$","?","?","?","E","R","M","T","?","?","?","$","M","R","BOSS"],"build_version":"2019-01-23","purchased_purges":1,"victory":false,"max_hp_per_floor":[80,80,80,80,80,80,80,80,80,80,80,80,80,80,80,80],"card_choices":[{"not_picked":["Wild Strike","Thunderclap"],"picked":"Pommel Strike","floor":1.0},{"not_picked":["Sword Boomerang","Clash"],"picked":"Body Slam","floor":6.0},{"not_picked":["Armaments","Havoc"],"picked":"Pommel Strike","floor":8.0},{"not_picked":["Rupture","Flex"],"picked":"Warcry","floor":11.0},{"not_picked":["Body Slam","Dropkick"],"picked":"Warcry","floor":14}],"player_experience":189419,"relics_obtained":[{"floor":6.0,"key":"Turnip"},{"floor":9.0,"key":"Bag of Marbles"}],"event_choices":[{"damage_healed":0.0,"max_hp_gain":0.0,"max_hp_loss":0.0,"gold_gain":75.0,"event_name":"World of Goop","player_choice":"Gather Gold","floor":3.0,"gold_loss":0.0,"damage_taken":11.0},{"cards_removed":["Strike_R"],"damage_healed":0.0,"max_hp_gain":0.0,"max_hp_loss":0.0,"gold_gain":0.0,"event_name":"The Cleric","player_choice":"Card Removal","floor":4.0,"gold_loss":50.0,"damage_taken":0.0},{"damage_healed":0.0,"max_hp_gain":0.0,"max_hp_loss":0.0,"gold_gain":0.0,"cards_transformed":["Defend_R"],"event_name":"Living Wall","player_choice":"Change","floor":5.0,"gold_loss":0.0,"damage_taken":0.0,"cards_obtained":["Armaments"]},{"damage_healed":0.0,"max_hp_gain":0.0,"max_hp_loss":0.0,"gold_gain":0.0,"event_name":"Golden Idol","player_choice":"Take Damage","floor":10.0,"gold_loss":0.0,"damage_taken":20.0,"relics_obtained":["Golden Idol"]},{"damage_healed":0,"gold_gain":0,"player_choice":"Entered Light","damage_taken":16,"max_hp_gain":0,"max_hp_loss":0,"event_name":"Shining Light","floor":12,"gold_loss":0,"cards_upgraded":["Strike_R","Bash"]}],"is_beta":false,"boss_relics":[],"items_purged_floors":[13],"is_endless":false,"potions_floor_spawned":[6,8],"killed_by":"The Guardian","ascension_level":2}