{"gold_per_floor":[111,126,76,89,14,48,59,59,129,129,155,155,190,190,190,286,286,299,312,109,136,154,154,183,183,183,203,215,215,231,259,259,357,357,377,125,137,37,88,122,133,158,158,158,33,59,70,82,82,82,82,82,1,28,28],"floor_reached":56,"playtime":3401,"items_purged":["Strike_R","Strike_R","Strike_R"],"score":1469,"play_id":"3493d16e-e3e8-4838-bf4e-adad1a943a96","local_time":"20190520141416","is_ascension_mode":true,"campfire_choices":[{"data":"Uppercut","floor":10,"key":"SMITH"},{"data":"Bash","floor":12,"key":"SMITH"},{"data":"Rampage","floor":15,"key":"SMITH"},{"data":"Limit Break","floor":23,"key":"SMITH"},{"data":"Disarm","floor":29,"key":"SMITH"},{"data":"True Grit","floor":32,"key":"SMITH"},{"floor":44,"key":"RECALL"},{"data":"Metallicize","floor":49,"key":"SMITH"},{"data":"Inflame","floor":52,"key":"SMITH"}],"neow_cost":"NONE","seed_source_timestamp":202624802980600,"circlet_count":0,"master_deck":["Strike_R","Defend_R","Defend_R","Defend_R","Defend_R","Bash+1","Uppercut+1","Rampage+1","Anger","Metallicize+1","Pummel","Spot Weakness","Limit Break+1","Headbutt+1","True Grit+1","Disarm+1","Impervious","Inflame+1","Reaper","Pummel","Offering","Twin Strike+1","Shrug It Off","Warcry+1","Disarm"],"relics":["Burning Blood","Red Skull","Ice Cream","Mummified Hand","Art of War","FossilizedHelix","Strawberry","Runic Pyramid","Lantern","Red Mask","Dead Branch","Magic Flower","Orichalcum","Sozu","Bottled Lightning","Nunchaku","Bag of Preparation","Question Card","Singing Bowl","Ornamental Fan"],"potions_floor_usage":[6,13,22,31,55],"damage_taken":[{"damage":6,"enemies":"Cultist","floor":1,"turns":3},{"damage":0,"enemies":"Small Slimes","floor":2,"turns":2},{"damage":1,"enemies":"2 Louse","floor":4,"turns":2},{"damage":40,"enemies":"3 Sentries","floor":6,"turns":8},{"damage":14,"enemies":"Lots of Slimes","floor":7,"turns":4},{"damage":7,"enemies":"Lagavulin","floor":11,"turns":6},{"damage":9,"enemies":"Gremlin Nob","floor":13,"turns":3},{"damage":24,"enemies":"Hexaghost","floor":16,"turns":8},{"damage":6,"enemies":"Chosen","floor":18,"turns":4},{"damage":22,"enemies":"Spheric Guardian","floor":19,"turns":4},{"damage":37,"enemies":"Masked Bandits","floor":21,"turns":4},{"damage":6,"enemies":"Centurion and Healer","floor":22,"turns":3},{"damage":16,"enemies":"Book of Stabbing","floor":24,"turns":4},{"damage":0,"enemies":"Chosen and Byrds","floor":27,"turns":4},{"damage":0,"enemies":"Snake Plant","floor":28,"turns":3},{"damage":0,"enemies":"Snecko","floor":30,"turns":4},{"damage":33,"enemies":"Slavers","floor":31,"turns":6},{"damage":28,"enemies":"Champ","floor":33,"turns":9},{"damage":4,"enemies":"3 Shapes","floor":35,"turns":3},{"damage":5,"enemies":"3 Darklings","floor":37,"turns":5},{"damage":59,"enemies":"2 Orb Walkers","floor":39,"turns":6},{"damage":63,"enemies":"Reptomancer","floor":40,"turns":5},{"damage":0,"enemies":"Writhing Mass","floor":41,"turns":5},{"damage":9,"enemies":"Giant Head","floor":42,"turns":4},{"damage":10,"enemies":"Nemesis","floor":46,"turns":3},{"damage":0,"enemies":"Transient","floor":47,"turns":5},{"damage":9,"enemies":"Jaw Worm Horde","floor":48,"turns":4},{"damage":37,"enemies":"Donu and Deca","floor":50,"turns":5},{"damage":55,"enemies":"Shield and Spear","floor":54,"turns":6},{"damage":79,"enemies":"The Heart","floor":55,"turns":6}],"seed_played":"-4777131435864969112","potions_obtained":[{"floor":1,"key":"Strength Potion"},{"floor":4,"key":"BloodPotion"},{"floor":11,"key":"Ancient Potion"},{"floor":16,"key":"Weak Potion"},{"floor":19,"key":"Fire Potion"},{"floor":21,"key":"Regen Potion"},{"floor":25,"key":"EssenceOfSteel"},{"floor":33,"key":"SmokeBomb"}],"is_trial":false,"path_per_floor":["M","M","?","M","$","E","M","$","T","R","E","R","E","?","R","B",null,"M","M","$","?","M","R","E","?","T","M","M","R","M","E","R","B",null,"M","$","M","$","?","E","M","E","T","R","$","E","M","M","R","B",null,"R","$","E","B",null],"character_chosen":"IRONCLAD","items_purchased":["Lantern","True Grit","Bottled Lightning","Disarm"],"campfire_rested":0,"item_purchase_floors":[20,20,36,53],"current_hp_per_floor":[80,80,80,80,80,54,46,46,46,46,45,45,42,49,49,31,87,87,71,71,40,40,40,30,30,30,39,48,48,57,57,57,38,87,87,87,87,87,60,47,79,79,79,79,79,89,89,91,91,63,91,91,91,80,10],"gold":28,"neow_bonus":"RANDOM_COMMON_RELIC","is_prod":false,"is_daily":false,"chose_seed":false,"campfire_upgraded":8,"win_rate":0,"timestamp":1558376056,"path_taken":["M","M","?","M","$","E","M","$","T","R","E","R","E","?","R","BOSS","M","?","$","?","M","R","E","?","T","M","?","R","M","E","R","BOSS","M","$","?","$","?","E","M","E","T","R","?","E","?","M","R","BOSS","R","$","E","BOSS"],"build_version":"2019-01-23","purchased_purges":3,"victory":true,"max_hp_per_floor":[80,80,80,80,80,80,80,80,80,80,80,80,80,87,87,87,87,87,87,87,87,87,87,87,87,87,87,87,87,87,87,87,87,87,87,87,87,87,87,87,87,87,87,87,87,89,89,91,91,91,91,91,91,93,93],"card_choices":[{"not_picked":["True Grit","Twin Strike"],"picked":"Uppercut","floor":1},{"not_picked":["True Grit","Heavy Blade"],"picked":"Rampage","floor":2},{"not_picked":["Hemokinesis","Feel No Pain"],"picked":"Anger","floor":4},{"not_picked":["Entrench","Pommel Strike"],"picked":"Metallicize","floor":6},{"not_picked":["Body Slam","Iron Wave"],"picked":"Pummel","floor":7},{"not_picked":["Carnage","Flex"],"picked":"Spot Weakness","floor":11},{"not_picked":["Iron Wave","Cleave","Clothesline"],"picked":"SKIP","floor":13},{"not_picked":["Offering","Brutality"],"picked":"Limit Break","floor":16},{"not_picked":["Shockwave","Entrench"],"picked":"Headbutt+1","floor":18},{"not_picked":["Infernal Blade","Combust","Entrench"],"picked":"SKIP","floor":19},{"not_picked":["Flex","Blood for Blood","Heavy Blade"],"picked":"SKIP","floor":22},{"not_picked":["Clothesline","Ghostly Armor"],"picked":"Disarm","floor":24},{"not_picked":["True Grit","Warcry+1"],"picked":"Impervious","floor":27},{"not_picked":["Hemokinesis","Seeing Red"],"picked":"Inflame","floor":28},{"not_picked":["Headbutt","Flex+1","Pommel Strike"],"picked":"SKIP","floor":30},{"not_picked":["Sever Soul","Sword Boomerang","Thunderclap+1"],"picked":"SKIP","floor":31},{"not_picked":["Brutality","Berserk"],"picked":"Reaper","floor":33},{"not_picked":["True Grit+1","Warcry","Burning Pact"],"picked":"SKIP","floor":35},{"not_picked":["Clash","Thunderclap+1","Flex+1"],"picked":"SKIP","floor":37},{"not_picked":["Pommel Strike+1","Clothesline+1"],"picked":"Pummel","floor":39},{"not_picked":["Berserk","True Grit+1"],"picked":"Offering","floor":40},{"not_picked":["Clothesline+1","Twin Strike+1","Warcry"],"picked":"SKIP","floor":41},{"not_picked":["Clothesline+1","Warcry"],"picked":"Twin Strike+1","floor":41},{"not_picked":["Twin Strike+1","Ghostly Armor"],"picked":"Shrug It Off","floor":42},{"not_picked":["Havoc","Ghostly Armor+1","Berserk","Pommel Strike+1"],"picked":"Singing Bowl","floor":46},{"not_picked":["Perfected Strike+1","Havoc","Iron Wave"],"picked":"Warcry+1","floor":47},{"not_picked":["Clothesline+1","Rampage","Flex","Reckless Charge+1"],"picked":"Singing Bowl","floor":48},{"not_picked":["Clash","Warcry","Flex","Ghostly Armor+1"],"picked":"Singing Bowl","floor":54}],"player_experience":277586,"relics_obtained":[{"floor":6,"key":"Ice Cream"},{"floor":9,"key":"Mummified Hand"},{"floor":11,"key":"Art of War"},{"floor":13,"key":"FossilizedHelix"},{"floor":21,"key":"Red Mask"},{"floor":24,"key":"Dead Branch"},{"floor":26,"key":"Magic Flower"},{"floor":31,"key":"Orichalcum"},{"floor":39,"key":"Nunchaku"},{"floor":40,"key":"Bag of Preparation"},{"floor":42,"key":"Question Card"},{"floor":46,"key":"Singing Bowl"},{"floor":54,"key":"Ornamental Fan"}],"event_choices":[{"cards_removed":["Strike_R"],"damage_healed":0,"gold_gain":0,"player_choice":"Card Removal","damage_taken":0,"max_hp_gain":0,"max_hp_loss":0,"event_name":"The Cleric","floor":3,"gold_loss":50},{"damage_healed":0,"gold_gain":0,"player_choice":"Gave Potion","damage_taken":0,"relics_obtained":["Strawberry"],"max_hp_gain":0,"max_hp_loss":0,"event_name":"WeMeetAgain","floor":14,"gold_loss":0},{"damage_healed":0,"gold_gain":0,"player_choice":"Fought Bandits","damage_taken":0,"max_hp_gain":0,"max_hp_loss":0,"event_name":"Masked Bandits","floor":21,"gold_loss":0},{"damage_healed":0,"gold_gain":0,"player_choice":"Got Potions","damage_taken":0,"max_hp_gain":0,"max_hp_loss":0,"event_name":"Lab","floor":25,"gold_loss":0},{"damage_healed":0,"gold_gain":0,"player_choice":"Fight","damage_taken":0,"max_hp_gain":0,"max_hp_loss":0,"event_name":"Mysterious Sphere","floor":39,"gold_loss":0}],"is_beta":false,"boss_relics":[{"not_picked":["Tiny House","White Beast Statue"],"picked":"Runic Pyramid"},{"not_picked":["Pandora\u0027s Box","Orrery"],"picked":"Sozu"}],"items_purged_floors":[5,38,45],"is_endless":false,"potions_floor_spawned":[1,4,11,16,19,21,33,39,40,42,47,48,54],"ascension_level":4}