{"gold_per_floor":[114,131,131,131,131,131,162,162,209,9,9,9,20,49,49,144,144,155,155,11,22,34,34,48,48,48,83,101,101,117,67,67,171,171,181,228,228,242,260,260,288,288,288,288,305,14,30,50,50,50],"floor_reached":51,"playtime":1773,"items_purged":["Strike_R","Doubt","Defend_R"],"score":780,"play_id":"ea514639-33dd-4c31-ba1f-e108b06696c2","local_time":"20190516134136","is_ascension_mode":false,"campfire_choices":[{"data":"Bash","floor":6.0,"key":"SMITH"},{"data":"Twin Strike","floor":11.0,"key":"SMITH"},{"data":"Shrug It Off","floor":15.0,"key":"SMITH"},{"data":"Immolate","floor":23.0,"key":"SMITH"},{"data":"Demon Form","floor":25.0,"key":"SMITH"},{"data":"Strike_R","floor":29.0,"key":"SMITH"},{"data":"Sword Boomerang","floor":32.0,"key":"SMITH"},{"data":"Defend_R","floor":40,"key":"PURGE"},{"data":"Clumsy","floor":44,"key":"PURGE"},{"floor":49,"key":"REST"}],"neow_cost":"TEN_PERCENT_HP_LOSS","seed_source_timestamp":526402324976200,"circlet_count":0,"master_deck":["Strike_R+1","Strike_R+1","Defend_R+1","Defend_R","Bash+1","Twin Strike+1","Shrug It Off+1","Demon Form+1","True Grit+1","True Grit+1","Flame Barrier+1","Immolate+1","Sword Boomerang+1","Double Tap+1","Pummel+1","Flame Barrier+1","Pummel+1","Heavy Blade+1"],"special_seed":0,"relics":["Burning Blood","FossilizedHelix","Toxic Egg 2","Strawberry","Matryoshka","Ancient Tea Set","Smiling Mask","Red Skull","Singing Bowl","Cursed Key","Bag of Marbles","Letter Opener","Anchor","Fusion Hammer","Peace Pipe","Pen Nib","Question Card","Bottled Tornado"],"potions_floor_usage":[36,36,48,50],"damage_taken":[{"damage":0.0,"enemies":"Cultist","floor":1.0,"turns":3.0},{"damage":2.0,"enemies":"Jaw Worm","floor":2.0,"turns":3.0},{"damage":37.0,"enemies":"3 Sentries","floor":7.0,"turns":12.0},{"damage":0.0,"enemies":"Small Slimes","floor":13.0,"turns":2.0},{"damage":0.0,"enemies":"Lagavulin","floor":14.0,"turns":5.0},{"damage":19.0,"enemies":"Hexaghost","floor":16.0,"turns":8.0},{"damage":0.0,"enemies":"Shell Parasite","floor":18.0,"turns":7.0},{"damage":2.0,"enemies":"3 Byrds","floor":21.0,"turns":4.0},{"damage":6.0,"enemies":"3 Cultists","floor":22.0,"turns":5.0},{"damage":0.0,"enemies":"Centurion and Healer","floor":24.0,"turns":5.0},{"damage":18.0,"enemies":"Gremlin Leader","floor":27.0,"turns":5.0},{"damage":0.0,"enemies":"Sentry and Sphere","floor":28.0,"turns":5.0},{"damage":0.0,"enemies":"Snake Plant","floor":30.0,"turns":2.0},{"damage":28.0,"enemies":"Champ","floor":33.0,"turns":9.0},{"damage":0.0,"enemies":"Orb Walker","floor":35.0,"turns":2.0},{"damage":54,"enemies":"2 Orb Walkers","floor":36,"turns":6},{"damage":0,"enemies":"3 Shapes","floor":38,"turns":4},{"damage":21,"enemies":"Maw","floor":39,"turns":6},{"damage":0,"enemies":"Giant Head","floor":41,"turns":6},{"damage":0,"enemies":"3 Darklings","floor":45,"turns":2},{"damage":0,"enemies":"Spire Growth","floor":47,"turns":3},{"damage":10,"enemies":"Sphere and 2 Shapes","floor":48,"turns":4},{"damage":53,"enemies":"Donu and Deca","floor":50,"turns":6}],"seed_played":"-2878980026720660550","potions_obtained":[{"floor":7.0,"key":"Ancient Potion"},{"floor":13.0,"key":"AttackPotion"},{"floor":14.0,"key":"Swift Potion"},{"floor":18.0,"key":"SkillPotion"},{"floor":22.0,"key":"Weak Potion"},{"floor":30.0,"key":"BloodPotion"},{"floor":35.0,"key":"Regen Potion"},{"floor":45,"key":"SneckoOil"},{"floor":48,"key":"AttackPotion"}],"is_trial":false,"path_per_floor":["M","M","?","?","?","R","E","T","T","$","R","$","M","E","R","B",null,"M","?","$","M","M","R","M","R","T","E","M","R","M","$","R","B",null,"M","?","?","M","M","R","E","?","T","R","M","$","M","M","R","B",null],"character_chosen":"IRONCLAD","items_purchased":["Red Skull","Immolate","Bottled Tornado"],"campfire_rested":1,"item_purchase_floors":[10,20,46],"current_hp_per_floor":[72,72,39,25,49,49,25,25,25,25,25,25,31,37,37,26,81,81,81,81,83,85,85,87,87,87,77,85,85,91,91,91,69,91,91,66,66,74,61,61,67,67,67,67,75,75,83,79,101,54],"gold":50,"neow_bonus":"ONE_RARE_RELIC","is_prod":false,"is_daily":false,"chose_seed":false,"campfire_upgraded":7,"win_rate":0,"timestamp":1558028496,"path_taken":["M","?","?","?","?","R","E","?","T","$","R","?","M","E","R","BOSS","M","?","$","?","M","R","M","R","T","E","M","R","M","$","R","BOSS","M","?","?","M","?","R","E","?","T","R","M","$","M","M","R","BOSS"],"build_version":"2019-05-07","purchased_purges":3,"victory":true,"max_hp_per_floor":[72,72,72,72,72,72,79,79,79,79,79,79,79,79,79,81,81,81,81,81,83,85,85,87,87,87,89,91,91,91,91,91,91,91,91,93,93,95,97,97,97,97,97,97,99,99,101,101,101,101],"card_choices":[{"not_picked":["Armaments","Body Slam"],"picked":"Twin Strike","floor":1.0},{"not_picked":["Blood for Blood","Rampage"],"picked":"Shrug It Off","floor":2.0},{"not_picked":["Perfected Strike","Clothesline"],"picked":"Demon Form","floor":7.0},{"not_picked":["Clothesline","Second Wind+1"],"picked":"True Grit+1","floor":13.0},{"not_picked":["Body Slam","Headbutt"],"picked":"True Grit+1","floor":14.0},{"not_picked":["Demon Form","Brutality","Dark Embrace"],"picked":"Singing Bowl","floor":16.0},{"not_picked":["Warcry+1","Perfected Strike"],"picked":"Flame Barrier+1","floor":18.0},{"not_picked":["Disarm+1","Thunderclap","Bloodletting+1"],"picked":"Singing Bowl","floor":21.0},{"not_picked":["Carnage","Armaments+1","Corruption"],"picked":"Singing Bowl","floor":22.0},{"not_picked":["Clothesline","Pommel Strike","Dropkick+1"],"picked":"Singing Bowl","floor":24.0},{"not_picked":["Reckless Charge","Brutality","Wild Strike"],"picked":"Singing Bowl","floor":27.0},{"not_picked":["Clothesline+1","Perfected Strike","Rupture"],"picked":"Singing Bowl","floor":28.0},{"not_picked":["Twin Strike","Headbutt"],"picked":"Sword Boomerang","floor":30.0},{"not_picked":["Fiend Fire","Juggernaut"],"picked":"Double Tap+1","floor":33.0},{"not_picked":["Body Slam+1","Reckless Charge"],"picked":"Pummel+1","floor":35.0},{"not_picked":["True Grit+1","Havoc+1","Heavy Blade"],"picked":"Singing Bowl","floor":36},{"not_picked":["Cleave+1","Heavy Blade","Perfected Strike"],"picked":"Singing Bowl","floor":38},{"not_picked":["Entrench+1","Twin Strike","Armaments+1"],"picked":"Singing Bowl","floor":39},{"not_picked":["Armaments+1","Heavy Blade"],"picked":"Flame Barrier+1","floor":41},{"not_picked":["Entrench+1","Headbutt+1","Perfected Strike+1","Feed"],"picked":"Singing Bowl","floor":45},{"not_picked":["Corruption+1","Hemokinesis+1","Warcry+1","Havoc+1"],"picked":"Singing Bowl","floor":47},{"not_picked":["Flex+1","Second Wind+1","Body Slam+1"],"picked":"Heavy Blade+1","floor":48}],"player_experience":701415,"relics_obtained":[{"floor":7.0,"key":"Strawberry"},{"floor":8.0,"key":"Matryoshka"},{"floor":9.0,"key":"Ancient Tea Set"},{"floor":9.0,"key":"Smiling Mask"},{"floor":14.0,"key":"Singing Bowl"},{"floor":26.0,"key":"Bag of Marbles"},{"floor":26.0,"key":"Letter Opener"},{"floor":27.0,"key":"Anchor"},{"floor":36,"key":"Peace Pipe"},{"floor":41,"key":"Pen Nib"},{"floor":43,"key":"Question Card"}],"event_choices":[{"damage_healed":0.0,"max_hp_gain":0.0,"max_hp_loss":0.0,"gold_gain":0.0,"event_name":"Scrap Ooze","player_choice":"Success","floor":3.0,"gold_loss":0.0,"damage_taken":33.0,"relics_obtained":["Toxic Egg 2"]},{"damage_healed":0.0,"max_hp_gain":0.0,"max_hp_loss":0.0,"gold_gain":0.0,"event_name":"Shining Light","player_choice":"Entered Light","floor":4.0,"gold_loss":0.0,"damage_taken":14.0,"cards_upgraded":["Strike_R","Defend_R"]},{"damage_healed":24.0,"max_hp_gain":0.0,"max_hp_loss":0.0,"gold_gain":0.0,"event_name":"Big Fish","player_choice":"Banana","floor":5.0,"gold_loss":0.0,"damage_taken":0.0},{"cards_removed":["Strike_R"],"damage_healed":0.0,"max_hp_gain":0.0,"max_hp_loss":0.0,"gold_gain":0.0,"event_name":"Purifier","player_choice":"Purged","floor":19.0,"gold_loss":0.0,"damage_taken":0.0},{"damage_healed":0,"gold_gain":0,"player_choice":"Fight","damage_taken":0,"max_hp_gain":0,"max_hp_loss":0,"event_name":"Mysterious Sphere","floor":36,"gold_loss":0},{"cards_removed":["Strike_R"],"damage_healed":0,"gold_gain":0,"player_choice":"Purged","damage_taken":0,"max_hp_gain":0,"max_hp_loss":0,"event_name":"Purifier","floor":37,"gold_loss":0},{"damage_healed":0,"gold_gain":0,"player_choice":"Copied","damage_taken":0,"max_hp_gain":0,"max_hp_loss":0,"event_name":"Duplicator","floor":42,"gold_loss":0,"cards_obtained":["Pummel"]}],"is_beta":true,"boss_relics":[{"not_picked":["Velvet Choker","Calling Bell"],"picked":"Cursed Key"},{"not_picked":["Mark of Pain","Coffee Dripper"],"picked":"Fusion Hammer"}],"items_purged_floors":[10,31,46],"is_endless":false,"potions_floor_spawned":[7,13,14,18,22,24,30,35,45,48],"ascension_level":0}