{"gold_per_floor":[119,134,134,151,161,194,194,228,309,341,341,353,369,384,384,384],"floor_reached":16,"playtime":560,"items_purged":[],"score":130,"play_id":"663f341e-e67c-4df6-aadf-8cd0841231ad","local_time":"20190524230159","is_ascension_mode":true,"campfire_choices":[{"floor":11,"key":"REST"},{"data":"Buffer","floor":15,"key":"SMITH"}],"neow_cost":"NONE","seed_source_timestamp":440270140267764,"circlet_count":0,"master_deck":["Strike_B","Strike_B","Strike_B","Defend_B","Defend_B","Defend_B","Defend_B","Zap","Dualcast","FTL","Rebound","Ball Lightning","Ball Lightning","Sunder","Core Surge","Sweeping Beam","Buffer+1"],"special_seed":0,"relics":["Cracked Core","PreservedInsect","Regal Pillow","Peace Pipe","Sundial","Lantern"],"potions_floor_usage":[10,12],"damage_taken":[{"damage":7.0,"enemies":"Small Slimes","floor":1.0,"turns":4.0},{"damage":1.0,"enemies":"Cultist","floor":2.0,"turns":3.0},{"damage":0.0,"enemies":"2 Louse","floor":4.0,"turns":2.0},{"damage":1.0,"enemies":"2 Fungi Beasts","floor":5.0,"turns":3.0},{"damage":8,"enemies":"Lagavulin","floor":6,"turns":3},{"damage":14,"enemies":"Gremlin Nob","floor":8,"turns":3},{"damage":18,"enemies":"Lagavulin","floor":10,"turns":3},{"damage":18,"enemies":"Exordium Wildlife","floor":12,"turns":3},{"damage":12,"enemies":"Blue Slaver","floor":13,"turns":2},{"damage":10,"enemies":"Looter","floor":14,"turns":3},{"damage":8,"enemies":"Hexaghost","floor":16,"turns":4}],"seed_played":"1072240750016916715","potions_obtained":[{"floor":5.0,"key":"SkillPotion"},{"floor":8,"key":"Explosive Potion"},{"floor":10,"key":"Swift Potion"},{"floor":12,"key":"SteroidPotion"},{"floor":13,"key":"FearPotion"},{"floor":14,"key":"FocusPotion"}],"is_trial":false,"path_per_floor":["M","M","?","M","M","E","?","E","T","E","R","M","M","M","R","B"],"character_chosen":"DEFECT","items_purchased":[],"campfire_rested":1,"item_purchase_floors":[],"current_hp_per_floor":[68,67,67,67,66,58,58,44,44,26,63,45,33,23,23,15],"gold":384,"neow_bonus":"RANDOM_COMMON_RELIC","is_prod":false,"is_daily":false,"chose_seed":false,"campfire_upgraded":1,"win_rate":0,"timestamp":1558728119,"path_taken":["M","M","?","M","M","E","?","E","T","E","R","M","M","M","R","BOSS"],"build_version":"2019-01-23","purchased_purges":0,"victory":false,"max_hp_per_floor":[75,75,75,75,75,75,75,75,75,75,75,75,75,75,75,75],"card_choices":[{"not_picked":["Turbo","Steam"],"picked":"FTL","floor":1.0},{"not_picked":["Scrape","Darkness"],"picked":"Rebound","floor":2.0},{"not_picked":["Stack","Coolheaded"],"picked":"Ball Lightning","floor":4.0},{"not_picked":["Hologram","Beam Cell"],"picked":"Ball Lightning","floor":5.0},{"not_picked":["Beam Cell","Steam"],"picked":"Sunder","floor":6},{"not_picked":["Reprogram","Cold Snap"],"picked":"Core Surge","floor":8},{"not_picked":["Chaos","Ball Lightning","Beam Cell"],"picked":"SKIP","floor":10},{"not_picked":["Auto Shields","Aggregate"],"picked":"Sweeping Beam","floor":12},{"not_picked":["Sunder","Rebound","Ball Lightning"],"picked":"SKIP","floor":13},{"not_picked":["Cold Snap","Barrage"],"picked":"Buffer","floor":14}],"player_experience":816963,"relics_obtained":[{"floor":6,"key":"Regal Pillow"},{"floor":8,"key":"Peace Pipe"},{"floor":9,"key":"Sundial"},{"floor":10,"key":"Lantern"}],"event_choices":[{"damage_healed":0.0,"max_hp_gain":0.0,"max_hp_loss":0.0,"gold_gain":0.0,"event_name":"The Cleric","player_choice":"Leave","floor":3.0,"gold_loss":0.0,"damage_taken":0.0},{"cards_removed":["Strike_B"],"damage_healed":0,"gold_gain":0,"player_choice":"Purged","damage_taken":0,"max_hp_gain":0,"max_hp_loss":0,"event_name":"Purifier","floor":7,"gold_loss":0}],"is_beta":false,"boss_relics":[],"items_purged_floors":[],"is_endless":false,"potions_floor_spawned":[5,8,10,12,13,14],"killed_by":"Hexaghost","ascension_level":1}