{"gold_per_floor":[116,191,191,208,26,26,56,70,117,117,117,136,136,161,161,266,266,278,278,26,125,137,137,137,37,63,63,98,13,13,38,38,38],"floor_reached":33,"playtime":1013,"items_purged":["Defend_R","Strike_R"],"score":468,"play_id":"1c5df8e4-b8f0-4342-8e1e-e3dbd9e80554","local_time":"20190109202600","is_ascension_mode":true,"campfire_choices":[{"data":"Searing Blow","floor":6.0,"key":"SMITH"},{"data":"Searing Blow+2","floor":11.0,"key":"SMITH"},{"data":"Searing Blow+3","floor":13.0,"key":"SMITH"},{"floor":15.0,"key":"REST"},{"data":"Searing Blow+4","floor":23.0,"key":"SMITH"},{"data":"Searing Blow+5","floor":27.0,"key":"SMITH"},{"floor":32.0,"key":"REST"}],"neow_cost":"TEN_PERCENT_HP_LOSS","seed_source_timestamp":3864029286633,"circlet_count":0,"master_deck":["AscendersBane","Strike_R+1","Strike_R","Defend_R","Defend_R+1","Defend_R","Bash","Flex","Cleave","Searing Blow+6","Metallicize","Trip+1","Brutality","Whirlwind+1"],"special_seed":0,"relics":["Burning Blood","WingedGreaves","PreservedInsect","Whetstone","Omamori","Black Star","Bottled Flame","Vajra","Strawberry","Torii","Question Card","Pear","War Paint"],"potions_floor_usage":[],"damage_taken":[{"damage":19.0,"enemies":"Jaw Worm","floor":1.0,"turns":5.0},{"damage":4.0,"enemies":"Small Slimes","floor":4.0,"turns":3.0},{"damage":19.0,"enemies":"3 Sentries","floor":7.0,"turns":5.0},{"damage":4.0,"enemies":"2 Louse","floor":8.0,"turns":3.0},{"damage":9.0,"enemies":"Red Slaver","floor":12.0,"turns":2.0},{"damage":12.0,"enemies":"Lagavulin","floor":14.0,"turns":3.0},{"damage":31.0,"enemies":"Hexaghost","floor":16.0,"turns":7.0},{"damage":36.0,"enemies":"Shell Parasite","floor":18.0,"turns":5.0},{"damage":23.0,"enemies":"Spheric Guardian","floor":22.0,"turns":5.0},{"damage":0.0,"enemies":"Gremlin Leader","floor":28.0,"turns":3.0},{"damage":19.0,"enemies":"Book of Stabbing","floor":31.0,"turns":4.0},{"damage":88,"enemies":"Automaton","floor":33,"turns":6}],"seed_played":"-7976389398035198554","potions_obtained":[{"floor":1.0,"key":"Strength Potion"},{"floor":4.0,"key":"SkillPotion"},{"floor":8.0,"key":"Strength Potion"},{"floor":14.0,"key":"Ancient Potion"},{"floor":22.0,"key":"SteroidPotion"},{"floor":28.0,"key":"Block Potion"}],"is_trial":false,"path_per_floor":["M","?","?","M","$","R","E","M","T","?","R","M","R","E","R","B",null,"M","?","$","?","M","R","?","$","T","R","E","?","?","E","R","B"],"character_chosen":"IRONCLAD","items_purchased":["Searing Blow","Metallicize","Bottled Flame"],"campfire_rested":2,"item_purchase_floors":[5,5,20],"current_hp_per_floor":[59,48,41,43,43,43,30,32,32,32,32,29,29,23,44,19,59,29,29,29,29,12,12,12,12,12,12,25,25,25,22,48,0],"gold":38,"neow_bonus":"ONE_RARE_RELIC","is_prod":false,"is_daily":false,"chose_seed":false,"campfire_upgraded":5,"win_rate":0,"timestamp":1547083560,"path_taken":["M","?","?","?","$","R","E","M","T","?","R","?","R","E","R","BOSS","M","?","?","?","?","R","?","$","T","R","E","?","?","E","R","BOSS"],"build_version":"2019-01-08","purchased_purges":2,"victory":false,"max_hp_per_floor":[72,72,72,72,72,72,72,72,72,72,72,72,72,72,72,72,72,72,72,72,72,72,72,72,72,72,72,79,79,79,89,89,89],"card_choices":[{"not_picked":["Rupture","Iron Wave"],"picked":"Flex","floor":1.0},{"not_picked":["Rupture","Headbutt"],"picked":"Cleave","floor":4.0},{"not_picked":["Flame Barrier","Clothesline","Searing Blow"],"picked":"SKIP","floor":7.0},{"not_picked":["Havoc","Clothesline","Cleave"],"picked":"SKIP","floor":8.0},{"not_picked":["Warcry","Flex","Rage"],"picked":"SKIP","floor":12.0},{"not_picked":["Sentinel","Thunderclap","Pommel Strike"],"picked":"SKIP","floor":14.0},{"not_picked":["Berserk","Limit Break"],"picked":"Brutality","floor":16.0},{"not_picked":["Warcry","Wild Strike","Pommel Strike"],"picked":"SKIP","floor":18.0},{"not_picked":["Sentinel","Sever Soul"],"picked":"Whirlwind+1","floor":22.0},{"not_picked":["Cleave","Heavy Blade","Entrench"],"picked":"SKIP","floor":28.0},{"not_picked":["Rupture","Feel No Pain","Burning Pact","Ghostly Armor"],"picked":"SKIP","floor":31.0}],"player_experience":475943,"relics_obtained":[{"floor":7.0,"key":"PreservedInsect"},{"floor":9.0,"key":"Whetstone"},{"floor":14.0,"key":"Omamori"},{"floor":26.0,"key":"Vajra"},{"floor":28.0,"key":"Strawberry"},{"floor":28.0,"key":"Torii"},{"floor":31.0,"key":"Pear"},{"floor":31.0,"key":"War Paint"}],"event_choices":[{"damage_healed":0.0,"max_hp_gain":0.0,"max_hp_loss":0.0,"gold_gain":75.0,"event_name":"World of Goop","player_choice":"Gather Gold","floor":2.0,"gold_loss":0.0,"damage_taken":11.0},{"cards_removed":["Strike_R"],"damage_healed":0.0,"max_hp_gain":0.0,"max_hp_loss":0.0,"gold_gain":0.0,"event_name":"Golden Wing","player_choice":"Card Removal","floor":3.0,"gold_loss":0.0,"damage_taken":7.0},{"damage_healed":0.0,"max_hp_gain":0.0,"max_hp_loss":0.0,"gold_gain":0.0,"event_name":"Match and Keep!","player_choice":"1 cards matched","floor":10.0,"gold_loss":0.0,"damage_taken":0.0,"cards_obtained":["Trip"]},{"damage_healed":0.0,"max_hp_gain":0.0,"max_hp_loss":0.0,"gold_gain":0.0,"event_name":"Wheel of Change","player_choice":"Cursed","floor":19.0,"gold_loss":0.0,"damage_taken":0.0,"cards_obtained":["Decay"]},{"damage_healed":0.0,"max_hp_gain":0.0,"max_hp_loss":0.0,"gold_gain":99.0,"event_name":"Nest","player_choice":"Stole From Cult","floor":21.0,"gold_loss":0.0,"damage_taken":0.0},{"cards_removed":["Strike_R"],"damage_healed":0.0,"max_hp_gain":0.0,"max_hp_loss":0.0,"gold_gain":0.0,"event_name":"Back to Basics","player_choice":"Elegance","floor":24.0,"gold_loss":0.0,"damage_taken":0.0},{"damage_healed":0.0,"max_hp_gain":0.0,"max_hp_loss":0.0,"gold_gain":0.0,"event_name":"Addict","player_choice":"Obtained Relic","floor":29.0,"gold_loss":85.0,"damage_taken":0.0,"relics_obtained":["Question Card"]},{"damage_healed":0.0,"max_hp_gain":0.0,"max_hp_loss":0.0,"gold_gain":0.0,"event_name":"Ghosts","player_choice":"Ignored","floor":30.0,"gold_loss":0.0,"damage_taken":0.0}],"is_beta":true,"boss_relics":[{"not_picked":["Cursed Key","Astrolabe"],"picked":"Black Star"}],"items_purged_floors":[5,25],"is_endless":false,"potions_floor_spawned":[1,4,8,14,22,28],"killed_by":"Automaton","ascension_level":10}