{"gold_per_floor":[116,134,147,21,21,21,50,64,94,127,145,179,198,198,198,276,276,288,17,31,51,68,68,68,68,68,68,68,84,113,132,132,132],"floor_reached":33,"playtime":2508,"items_purged":["Strike_R"],"score":593,"play_id":"88b78d7c-11bb-4b67-8d9f-1261f2571be0","local_time":"20190420094036","is_ascension_mode":true,"campfire_choices":[{"data":"Inflame","floor":6.0,"key":"SMITH"},{"data":"Metallicize","floor":15,"key":"SMITH"},{"data":"Limit Break","floor":23,"key":"SMITH"},{"floor":25,"key":"REST"},{"data":"Battle Trance","floor":28,"key":"SMITH"},{"floor":32,"key":"REST"}],"neow_cost":"NONE","seed_source_timestamp":72595453326444,"circlet_count":0,"master_deck":["AscendersBane","Strike_R","Strike_R","Strike_R","Defend_R","Defend_R","Defend_R","Defend_R","Bash","Whirlwind","Sword Boomerang","Headbutt","Inflame+1","Shrug It Off","Battle Trance+1","Headbutt","Metallicize+1","Spot Weakness","Limit Break+1","Burning Pact","Shrug It Off","Ghostly Armor","Twin Strike","Iron Wave"],"special_seed":0,"relics":["Burning Blood","PreservedInsect","Matryoshka","Tiny Chest","Blood Vial","Pen Nib","Kunai","Sozu","OrangePellets","Centennial Puzzle","Frozen Egg 2","Lantern"],"potions_floor_usage":[20],"damage_taken":[{"damage":0.0,"enemies":"Small Slimes","floor":1.0,"turns":4.0},{"damage":4.0,"enemies":"2 Louse","floor":2.0,"turns":3.0},{"damage":9.0,"enemies":"Jaw Worm","floor":3.0,"turns":4.0},{"damage":0.0,"enemies":"Gremlin Nob","floor":7.0,"turns":2.0},{"damage":6.0,"enemies":"Exordium Wildlife","floor":8.0,"turns":3.0},{"damage":17,"enemies":"3 Sentries","floor":10,"turns":4},{"damage":5,"enemies":"3 Louse","floor":11,"turns":2},{"damage":16,"enemies":"Gremlin Nob","floor":12,"turns":3},{"damage":2,"enemies":"Large Slime","floor":13,"turns":6},{"damage":14,"enemies":"The Guardian","floor":16,"turns":9},{"damage":6,"enemies":"3 Byrds","floor":18,"turns":4},{"damage":24,"enemies":"2 Thieves","floor":20,"turns":4},{"damage":16,"enemies":"Cultist and Chosen","floor":21,"turns":6},{"damage":42,"enemies":"Snecko","floor":22,"turns":8},{"damage":18,"enemies":"Centurion and Healer","floor":29,"turns":4},{"damage":0,"enemies":"Gremlin Leader","floor":30,"turns":5},{"damage":28,"enemies":"Snake Plant","floor":31,"turns":4},{"damage":59,"enemies":"Collector","floor":33,"turns":6}],"seed_played":"1506030772744475239","potions_obtained":[{"floor":1.0,"key":"FearPotion"},{"floor":2.0,"key":"Energy Potion"},{"floor":16,"key":"Block Potion"}],"is_trial":false,"path_per_floor":["M","M","M","$","?","R","E","M","T","E","M","E","M","?","R","B",null,"M","$","M","M","M","R","?","R","T","$","R","M","E","M","R","B"],"character_chosen":"IRONCLAD","items_purchased":["Inflame","Shrug It Off","OrangePellets"],"campfire_rested":2,"item_purchase_floors":[4,4,19],"current_hp_per_floor":[81,82,79,79,53,53,59,59,59,50,53,45,51,44,44,38,71,73,73,57,49,15,15,31,55,55,55,55,45,53,33,57,0],"gold":132,"neow_bonus":"TEN_PERCENT_HP_BONUS","is_prod":false,"is_daily":false,"chose_seed":false,"campfire_upgraded":4,"win_rate":0,"timestamp":1555767636,"path_taken":["M","M","M","$","?","R","E","M","T","E","M","E","M","?","R","BOSS","M","$","M","M","M","R","?","R","T","$","R","M","E","M","R","BOSS"],"build_version":"2019-01-23","purchased_purges":1,"victory":false,"max_hp_per_floor":[82,82,82,82,82,82,82,82,82,82,82,82,82,82,82,82,82,82,82,82,82,82,82,82,82,82,82,82,82,82,82,82,82],"card_choices":[{"not_picked":["Sentinel","Iron Wave"],"picked":"Whirlwind","floor":1.0},{"not_picked":["Searing Blow","Cleave"],"picked":"Sword Boomerang","floor":2.0},{"not_picked":["Havoc","Warcry"],"picked":"Headbutt","floor":3.0},{"not_picked":["Headbutt","Anger"],"picked":"Battle Trance","floor":7.0},{"not_picked":["Dropkick","Body Slam","Iron Wave"],"picked":"SKIP","floor":8.0},{"not_picked":["Berserk","Rampage","Reckless Charge"],"picked":"SKIP","floor":10},{"not_picked":["Berserk","Rampage","Reckless Charge"],"picked":"SKIP","floor":10},{"not_picked":["Carnage","True Grit"],"picked":"Headbutt","floor":11},{"not_picked":["Sever Soul","Flex"],"picked":"Metallicize","floor":12},{"not_picked":["Body Slam","Twin Strike"],"picked":"Spot Weakness","floor":13},{"not_picked":["Offering","Bludgeon"],"picked":"Limit Break","floor":16},{"not_picked":["Wild Strike+1","Heavy Blade","Havoc"],"picked":"SKIP","floor":18},{"not_picked":["Heavy Blade+1","Clash+1"],"picked":"Burning Pact","floor":20},{"not_picked":["Battle Trance","Pommel Strike"],"picked":"Shrug It Off","floor":21},{"not_picked":["Searing Blow+1","Pommel Strike","Clash+1"],"picked":"SKIP","floor":22},{"not_picked":["Offering","Blood for Blood+1"],"picked":"Ghostly Armor","floor":29},{"not_picked":["Bloodletting","Warcry+1"],"picked":"Twin Strike","floor":30},{"not_picked":["Pommel Strike","Wild Strike"],"picked":"Iron Wave","floor":31}],"player_experience":2133923,"relics_obtained":[{"floor":7.0,"key":"Matryoshka"},{"floor":9.0,"key":"Tiny Chest"},{"floor":9.0,"key":"Blood Vial"},{"floor":10,"key":"Pen Nib"},{"floor":12,"key":"Kunai"},{"floor":26,"key":"Centennial Puzzle"},{"floor":26,"key":"Frozen Egg 2"},{"floor":30,"key":"Lantern"}],"event_choices":[{"damage_healed":0.0,"max_hp_gain":0.0,"max_hp_loss":0.0,"gold_gain":0.0,"event_name":"Scrap Ooze","player_choice":"Success","floor":5.0,"gold_loss":0.0,"damage_taken":26.0,"relics_obtained":["PreservedInsect"]},{"cards_removed":["Strike_R"],"damage_healed":0,"gold_gain":0,"player_choice":"Card Removal","damage_taken":7,"max_hp_gain":0,"max_hp_loss":0,"event_name":"Golden Wing","floor":14,"gold_loss":0},{"damage_healed":16,"gold_gain":0,"player_choice":"Heal","damage_taken":0,"max_hp_gain":0,"max_hp_loss":0,"event_name":"The Library","floor":24,"gold_loss":0}],"is_beta":false,"boss_relics":[{"not_picked":["Coffee Dripper","Runic Dome"],"picked":"Sozu"}],"items_purged_floors":[19],"is_endless":false,"potions_floor_spawned":[1,2,16,18,29,31],"killed_by":"Collector","ascension_level":15}