{"gold_per_floor":[115,64,77,87,107,107,139,139,139,139,139,156,156,170,170,170],"floor_reached":16,"playtime":695,"items_purged":[],"score":133,"play_id":"ff794a09-5f54-4657-b48e-e13a8e26d0de","local_time":"20190525004254","is_ascension_mode":true,"campfire_choices":[{"data":"Uppercut","floor":6,"key":"SMITH"},{"data":"True Grit","floor":8,"key":"SMITH"},{"data":"Disarm","floor":10,"key":"SMITH"},{"data":"Iron Wave","floor":13,"key":"SMITH"},{"data":"Anger","floor":15,"key":"SMITH"}],"neow_cost":"NONE","seed_source_timestamp":42400335505700,"circlet_count":0,"master_deck":["Strike_R","Strike_R","Strike_R","Strike_R","Strike_R","Defend_R","Defend_R","Defend_R","Defend_R","Bash","Uppercut+1","True Grit+1","Wild Strike","Disarm+1","Iron Wave+1","Offering+1","Ghostly Armor","Anger+1"],"relics":["Burning Blood","Centennial Puzzle","Pantograph","The Courier"],"potions_floor_usage":[],"damage_taken":[{"damage":1,"enemies":"Cultist","floor":1,"turns":3},{"damage":3,"enemies":"2 Louse","floor":3,"turns":2},{"damage":3,"enemies":"Jaw Worm","floor":4,"turns":4},{"damage":10,"enemies":"2 Fungi Beasts","floor":5,"turns":4},{"damage":41,"enemies":"3 Sentries","floor":7,"turns":11},{"damage":1,"enemies":"Exordium Wildlife","floor":12,"turns":3},{"damage":3,"enemies":"Exordium Thugs","floor":14,"turns":4},{"damage":76,"enemies":"Slime Boss","floor":16,"turns":11}],"seed_played":"-7795096975644814737","potions_obtained":[{"floor":3,"key":"EssenceOfSteel"},{"floor":12,"key":"Explosive Potion"}],"is_trial":false,"path_per_floor":["M","$","M","M","M","R","E","R","T","R","?","M","R","M","R","B"],"character_chosen":"IRONCLAD","items_purchased":["True Grit"],"campfire_rested":0,"item_purchase_floors":[2],"current_hp_per_floor":[77,77,80,80,76,76,41,41,41,41,41,46,46,49,49,0],"gold":170,"neow_bonus":"RANDOM_COMMON_RELIC","is_prod":false,"is_daily":false,"chose_seed":false,"campfire_upgraded":5,"win_rate":0,"timestamp":1558725174,"path_taken":["M","?","M","M","?","R","E","R","T","R","?","M","R","M","R","BOSS"],"build_version":"2019-01-23","purchased_purges":0,"victory":false,"max_hp_per_floor":[80,80,80,80,80,80,80,80,80,80,80,80,80,80,80,80],"card_choices":[{"not_picked":["Wild Strike","Heavy Blade"],"picked":"Uppercut","floor":1},{"not_picked":["Sever Soul","Perfected Strike"],"picked":"Wild Strike","floor":3},{"not_picked":["Warcry","Perfected Strike"],"picked":"Disarm","floor":4},{"not_picked":["True Grit","Blood for Blood"],"picked":"Iron Wave","floor":5},{"not_picked":["Warcry","Wild Strike"],"picked":"Offering","floor":7},{"not_picked":["Perfected Strike","Warcry"],"picked":"Ghostly Armor","floor":12},{"not_picked":["Flex","Cleave"],"picked":"Anger","floor":14}],"player_experience":220189,"relics_obtained":[{"floor":7,"key":"Pantograph"},{"floor":9,"key":"The Courier"}],"event_choices":[{"damage_healed":0,"gold_gain":0,"player_choice":"Upgraded","damage_taken":0,"max_hp_gain":0,"max_hp_loss":0,"event_name":"Upgrade Shrine","floor":11,"gold_loss":0,"cards_upgraded":["Offering"]}],"is_beta":false,"boss_relics":[],"items_purged_floors":[],"is_endless":false,"potions_floor_spawned":[3,12],"killed_by":"Slime Boss","ascension_level":6}