{"gold_per_floor":[115,125,140,152,327,357,357,357,357,357,392,392,392,718,718,718],"floor_reached":16,"playtime":683,"items_purged":[],"score":142,"play_id":"f697d7c5-d709-4c0b-a8f9-3accfd8c0f72","local_time":"20181217231921","is_ascension_mode":true,"campfire_choices":[{"floor":7,"key":"REST"},{"floor":12,"key":"REST"},{"floor":15,"key":"REST"}],"neow_cost":"NONE","seed_source_timestamp":372022610232839,"circlet_count":0,"master_deck":["Defend_G","Defend_G","Defend_G","Defend_G+1","Defend_G","Strike_G","Strike_G","Strike_G","Strike_G","Strike_G","Survivor","Neutralize+1","Dagger Spray","Crippling Poison","Dash","Infinite Blades","Blade Dance"],"relics":["Ring of the Snake","Incense Burner","Darkstone Periapt","Bottled Tornado","Old Coin"],"potions_floor_usage":[6,11,11,14,16],"damage_taken":[{"damage":2,"enemies":"Jaw Worm","floor":1,"turns":7},{"damage":4,"enemies":"Small Slimes","floor":2,"turns":3},{"damage":0,"enemies":"2 Louse","floor":3,"turns":3},{"damage":4,"enemies":"Blue Slaver","floor":4,"turns":5},{"damage":47,"enemies":"Gremlin Nob","floor":6,"turns":6},{"damage":12,"enemies":"3 Sentries","floor":11,"turns":5},{"damage":24,"enemies":"Gremlin Nob","floor":14,"turns":5},{"damage":33,"enemies":"Hexaghost","floor":16,"turns":11}],"seed_played":"-4656853833461357600","potions_obtained":[{"floor":0,"key":"Fruit Juice"},{"floor":0,"key":"PowerPotion"},{"floor":0,"key":"Swift Potion"},{"floor":6,"key":"Strength Potion"},{"floor":14,"key":"SkillPotion"}],"is_trial":false,"path_per_floor":["M","M","M","M","?","E","R","?","T","?","E","R","?","E","R","B"],"character_chosen":"THE_SILENT","items_purchased":[],"campfire_rested":3,"item_purchase_floors":[],"current_hp_per_floor":[68,64,64,60,60,13,34,20,20,20,13,35,35,11,33,0],"gold":718,"neow_bonus":"THREE_SMALL_POTIONS","is_prod":false,"is_daily":false,"chose_seed":false,"campfire_upgraded":0,"win_rate":0,"timestamp":1545117561,"path_taken":["M","M","M","M","?","E","R","?","T","?","E","R","?","E","R","BOSS"],"build_version":"2018-12-13","purchased_purges":0,"victory":false,"max_hp_per_floor":[70,70,70,70,70,70,70,70,70,70,75,75,75,75,75,75],"card_choices":[{"not_picked":["Poisoned Stab","Flechettes"],"picked":"Dagger Spray","floor":1},{"not_picked":["Cloak And Dagger","Footwork"],"picked":"Crippling Poison","floor":2},{"not_picked":["Cloak And Dagger","Underhanded Strike","All Out Attack"],"picked":"SKIP","floor":3},{"not_picked":["Dagger Spray","Reflex"],"picked":"Dash","floor":4},{"not_picked":["Doppelganger","Die Die Die"],"picked":"Infinite Blades","floor":6},{"not_picked":["Flechettes","Bane"],"picked":"Blade Dance","floor":11},{"not_picked":["Distraction","Wraith Form v2","Dagger Throw"],"picked":"SKIP","floor":14}],"player_experience":559167,"relics_obtained":[{"floor":6,"key":"Incense Burner"},{"floor":9,"key":"Darkstone Periapt"},{"floor":11,"key":"Bottled Tornado"},{"floor":14,"key":"Old Coin"}],"event_choices":[{"damage_healed":0,"gold_gain":175,"player_choice":"AGREE","damage_taken":0,"max_hp_gain":0,"max_hp_loss":0,"event_name":"Liars Game","floor":5,"gold_loss":0,"cards_obtained":["Doubt"]},{"damage_healed":0,"gold_gain":0,"player_choice":"Entered Light","damage_taken":14,"max_hp_gain":0,"max_hp_loss":0,"event_name":"Shining Light","floor":8,"gold_loss":0,"cards_upgraded":["Neutralize","Defend_G"]},{"damage_healed":0,"gold_gain":0,"player_choice":"Fled","damage_taken":0,"max_hp_gain":0,"max_hp_loss":0,"event_name":"Scrap Ooze","floor":10,"gold_loss":0},{"cards_removed":["Doubt"],"damage_healed":0,"gold_gain":0,"player_choice":"Forget","damage_taken":0,"max_hp_gain":0,"max_hp_loss":0,"event_name":"Living Wall","floor":13,"gold_loss":0}],"is_beta":false,"boss_relics":[],"items_purged_floors":[],"is_endless":false,"potions_floor_spawned":[4,6,14],"killed_by":"Hexaghost","ascension_level":4}