{"gold_per_floor":[19,35,35,53,67,67,102,126,126,51,63,82,97,110,110,212,212,232,45,61,61,74,103,3,19,19,45,45,56,56,56],"floor_reached":31,"playtime":1667,"items_purged":["Defend_B","Defend_B"],"score":334,"play_id":"e30cdbbe-40d8-4700-94a3-5bebab00cfe7","local_time":"20190503125734","is_ascension_mode":true,"campfire_choices":[{"data":"Zap","floor":6,"key":"SMITH"},{"floor":15,"key":"REST"}],"neow_cost":"NO_GOLD","seed_source_timestamp":910078523853800,"circlet_count":0,"master_deck":["Strike_B","Strike_B","Strike_B","Defend_B","Zap+1","Dualcast","Conserve Battery","Coolheaded","Biased Cognition","Seek","BootSequence","Genetic Algorithm","Machine Learning","Apotheosis","Biased Cognition","Chill","Loop"],"relics":["Cracked Core","Letter Opener","Odd Mushroom","Sozu","Pear","Question Card","Smiling Mask"],"potions_floor_usage":[13,13,16,16,16],"damage_taken":[{"damage":0,"enemies":"Small Slimes","floor":1,"turns":2},{"damage":1,"enemies":"Cultist","floor":2,"turns":3},{"damage":2,"enemies":"Jaw Worm","floor":4,"turns":4},{"damage":9,"enemies":"3 Louse","floor":5,"turns":3},{"damage":28,"enemies":"Lagavulin","floor":7,"turns":9},{"damage":5,"enemies":"The Mushroom Lair","floor":8,"turns":3},{"damage":0,"enemies":"Blue Slaver","floor":11,"turns":3},{"damage":6,"enemies":"Lots of Slimes","floor":12,"turns":2},{"damage":15,"enemies":"Gremlin Gang","floor":13,"turns":3},{"damage":0,"enemies":"3 Louse","floor":14,"turns":2},{"damage":21,"enemies":"Hexaghost","floor":16,"turns":15},{"damage":3,"enemies":"3 Byrds","floor":18,"turns":4},{"damage":0,"enemies":"Chosen","floor":20,"turns":4},{"damage":15,"enemies":"Centurion and Healer","floor":22,"turns":6},{"damage":19,"enemies":"Slavers","floor":23,"turns":5},{"damage":8,"enemies":"Snake Plant","floor":25,"turns":3},{"damage":21,"enemies":"Book of Stabbing","floor":27,"turns":6},{"damage":0,"enemies":"Shelled Parasite and Fungi","floor":29,"turns":5},{"damage":4,"enemies":"Centurion and Healer","floor":31,"turns":1}],"seed_played":"-4029759495008135071","potions_obtained":[{"floor":2,"key":"LiquidBronze"},{"floor":5,"key":"Block Potion"},{"floor":7,"key":"EssenceOfSteel"},{"floor":12,"key":"FocusPotion"},{"floor":13,"key":"SkillPotion"},{"floor":14,"key":"Explosive Potion"},{"floor":16,"key":"FocusPotion"}],"is_trial":false,"path_per_floor":["M","M","$","M","M","R","E","?","T","$","M","M","M","M","R","B",null,"M","$","M","?","M","E","$","M","T","E","$","M","?","M"],"character_chosen":"DEFECT","items_purchased":["Apotheosis"],"campfire_rested":1,"item_purchase_floors":[19],"current_hp_per_floor":[75,74,74,72,63,63,35,30,30,30,30,24,9,9,31,10,75,72,72,72,72,57,48,48,40,40,19,19,19,3,0],"gold":56,"neow_bonus":"REMOVE_TWO","is_prod":false,"is_daily":false,"chose_seed":false,"campfire_upgraded":1,"win_rate":0,"timestamp":1556902654,"path_taken":["M","M","$","M","M","R","E","?","T","$","M","M","M","M","R","BOSS","M","$","M","?","M","E","$","?","T","E","$","M","?","M"],"build_version":"2019-01-23","purchased_purges":2,"victory":false,"max_hp_per_floor":[75,75,75,75,75,75,75,75,75,75,75,75,75,75,75,75,75,75,75,75,75,75,85,85,85,85,85,85,85,90,90],"card_choices":[{"not_picked":["Go for the Eyes","BootSequence"],"picked":"Conserve Battery","floor":1},{"not_picked":["Leap","Darkness"],"picked":"Coolheaded","floor":2},{"not_picked":["Auto Shields","Hello World","Go for the Eyes"],"picked":"SKIP","floor":4},{"not_picked":["Cold Snap","Sweeping Beam"],"picked":"Biased Cognition","floor":5},{"not_picked":["Leap","Auto Shields"],"picked":"Seek","floor":7},{"not_picked":["Barrage","Rebound","Streamline"],"picked":"SKIP","floor":11},{"not_picked":["Steam","Redo","Chaos"],"picked":"SKIP","floor":12},{"not_picked":["Barrage","Rip and Tear"],"picked":"BootSequence","floor":13},{"not_picked":["Leap","Stack"],"picked":"Genetic Algorithm","floor":14},{"not_picked":["Biased Cognition","Reboot"],"picked":"Machine Learning","floor":16},{"not_picked":["Turbo+1","Force Field","Coolheaded"],"picked":"SKIP","floor":18},{"not_picked":["Coolheaded","Cold Snap","Turbo"],"picked":"SKIP","floor":20},{"not_picked":["Redo+1","Streamline","Hologram"],"picked":"SKIP","floor":22},{"not_picked":["Turbo","Streamline+1"],"picked":"Chill","floor":23},{"not_picked":["Compile Driver","Chaos"],"picked":"Loop","floor":25},{"not_picked":["All For One","Darkness","Genetic Algorithm","Aggregate"],"picked":"SKIP","floor":27},{"not_picked":["Hologram+1","Coolheaded","Leap","Lockon+1"],"picked":"SKIP","floor":29}],"player_experience":234855,"relics_obtained":[{"floor":7,"key":"Letter Opener"},{"floor":8,"key":"Odd Mushroom"},{"floor":23,"key":"Pear"},{"floor":26,"key":"Question Card"},{"floor":27,"key":"Smiling Mask"}],"event_choices":[{"damage_healed":0,"gold_gain":0,"player_choice":"Fought Mushrooms","damage_taken":0,"max_hp_gain":0,"max_hp_loss":0,"event_name":"Mushrooms","floor":8,"gold_loss":0},{"damage_healed":0,"gold_gain":0,"player_choice":"Copied","damage_taken":0,"max_hp_gain":0,"max_hp_loss":0,"event_name":"Duplicator","floor":21,"gold_loss":0,"cards_obtained":["Biased Cognition"]},{"damage_healed":0,"gold_gain":0,"player_choice":"Shed Blood","damage_taken":21,"max_hp_gain":5,"max_hp_loss":0,"event_name":"Forgotten Altar","floor":30,"gold_loss":0}],"is_beta":false,"boss_relics":[{"not_picked":["Calling Bell","Philosopher\u0027s Stone"],"picked":"Sozu"}],"items_purged_floors":[10,24],"is_endless":false,"potions_floor_spawned":[2,5,7,12,13,14,16,18,22,23,27],"killed_by":"Centurion and Healer","ascension_level":2}