{"gold_per_floor":[112,124,124,49,68,68,100,100,100,120,138,138,63,76,76,174,174,184,184,201,201,218,218,218,218,218,218,235,235,246,299,299,397,397,416,426,442,442,460,460],"floor_reached":40,"playtime":1597,"items_purged":["Strike_R"],"score":606,"play_id":"7b57fcb0-8a48-4994-9656-702abf5ea34e","local_time":"20190103194731","is_ascension_mode":true,"campfire_choices":[{"data":"Searing Blow","floor":6.0,"key":"SMITH"},{"data":"Searing Blow+1","floor":8.0,"key":"SMITH"},{"data":"Searing Blow+2","floor":15.0,"key":"SMITH"},{"data":"Searing Blow+3","floor":23.0,"key":"SMITH"},{"data":"Searing Blow+4","floor":25.0,"key":"SMITH"},{"data":"Searing Blow+5","floor":27.0,"key":"SMITH"},{"data":"Searing Blow+6","floor":29.0,"key":"SMITH"},{"data":"Searing Blow+7","floor":32.0,"key":"SMITH"}],"neow_cost":"CURSE","seed_source_timestamp":1235329906879996,"circlet_count":0,"master_deck":["Defend_R","Defend_R","Defend_R","Defend_R","Bash","Demon Form","Searing Blow+8","Uppercut+1","Flame Barrier","Shrug It Off","Double Tap","True Grit+1","Bite","Bite","Bite","Bite","Bite","Evolve"],"special_seed":0,"relics":["Burning Blood","Unceasing Top","Self Forming Clay","Blue Candle","Velvet Choker","Question Card","Potion Belt","Busted Crown"],"potions_floor_usage":[40,40],"damage_taken":[{"damage":15.0,"enemies":"Small Slimes","floor":1.0,"turns":4.0},{"damage":25.0,"enemies":"Jaw Worm","floor":2.0,"turns":6.0},{"damage":10.0,"enemies":"2 Louse","floor":5.0,"turns":4.0},{"damage":34.0,"enemies":"Gremlin Nob","floor":7.0,"turns":5.0},{"damage":3.0,"enemies":"Looter","floor":10.0,"turns":3.0},{"damage":1.0,"enemies":"Blue Slaver","floor":11.0,"turns":3.0},{"damage":13.0,"enemies":"Exordium Thugs","floor":14.0,"turns":7.0},{"damage":16.0,"enemies":"Slime Boss","floor":16.0,"turns":9.0},{"damage":18.0,"enemies":"2 Thieves","floor":18.0,"turns":4.0},{"damage":0.0,"enemies":"3 Byrds","floor":20.0,"turns":4.0},{"damage":17.0,"enemies":"Colosseum Slavers","floor":21.0,"turns":4.0},{"damage":24.0,"enemies":"Snake Plant","floor":22.0,"turns":5.0},{"damage":7.0,"enemies":"Centurion and Healer","floor":28.0,"turns":4.0},{"damage":12.0,"enemies":"Chosen and Byrds","floor":30.0,"turns":4.0},{"damage":76.0,"enemies":"Champ","floor":33.0,"turns":9.0},{"damage":13.0,"enemies":"Orb Walker","floor":35.0,"turns":4.0},{"damage":14.0,"enemies":"3 Darklings","floor":36.0,"turns":6.0},{"damage":18.0,"enemies":"Sphere and 2 Shapes","floor":37.0,"turns":10.0},{"damage":0.0,"enemies":"Spire Growth","floor":39.0,"turns":1.0},{"damage":52,"enemies":"Reptomancer","floor":40,"turns":4}],"seed_played":"4946989669819033400","potions_obtained":[{"floor":2.0,"key":"Regen Potion"},{"floor":7.0,"key":"Poison Potion"},{"floor":10.0,"key":"Poison Potion"},{"floor":14.0,"key":"Weak Potion"},{"floor":16.0,"key":"FairyPotion"},{"floor":18.0,"key":"AttackPotion"},{"floor":20.0,"key":"Strength Potion"},{"floor":22.0,"key":"Regen Potion"},{"floor":30.0,"key":"Regen Potion"},{"floor":37.0,"key":"Poison Potion"},{"floor":39.0,"key":"Strength Potion"}],"is_trial":false,"path_per_floor":["M","M","?","$","M","R","E","R","T","M","M","T","$","M","R","B",null,"M","?","M","?","M","R","?","R","T","R","M","R","M","T","R","B",null,"M","M","M","?","M","E"],"character_chosen":"IRONCLAD","items_purchased":["Regen Potion"],"campfire_rested":0,"item_purchase_floors":[4],"current_hp_per_floor":[63,44,28,28,24,24,30,30,30,33,38,38,38,31,31,21,65,53,53,59,48,30,30,30,30,30,30,43,43,47,47,47,20,45,42,44,44,44,50,0],"gold":460,"neow_bonus":"THREE_RARE_CARDS","is_prod":false,"is_daily":false,"chose_seed":false,"campfire_upgraded":8,"win_rate":0,"timestamp":1546562851,"path_taken":["M","M","?","$","M","R","E","R","T","M","M","?","$","M","R","BOSS","M","?","M","?","M","R","?","R","T","R","M","R","M","?","R","BOSS","M","M","M","?","M","E"],"build_version":"2019-01-02","purchased_purges":1,"victory":false,"max_hp_per_floor":[80,80,80,80,80,80,80,80,80,80,80,80,80,80,80,80,80,80,77,77,77,77,77,53,53,53,53,53,53,53,53,53,53,53,53,53,53,50,50,50],"card_choices":[{"not_picked":["Exhume","Berserk"],"picked":"Demon Form","floor":0.0},{"not_picked":["Clothesline","Perfected Strike"],"picked":"Searing Blow","floor":1.0},{"not_picked":["Twin Strike","Flex"],"picked":"Uppercut","floor":2.0},{"not_picked":["Rupture","Pummel"],"picked":"Flame Barrier","floor":5.0},{"not_picked":["Body Slam","Uppercut","Clothesline"],"picked":"SKIP","floor":7.0},{"not_picked":["Thunderclap","Iron Wave","Inflame"],"picked":"SKIP","floor":10.0},{"not_picked":["Impervious","Pommel Strike","Burning Pact"],"picked":"SKIP","floor":11.0},{"not_picked":["Body Slam","Warcry"],"picked":"Shrug It Off","floor":14.0},{"not_picked":["Fiend Fire","Impervious"],"picked":"Double Tap","floor":16.0},{"not_picked":["Cleave+1","Anger"],"picked":"True Grit+1","floor":18.0},{"not_picked":["Warcry","Seeing Red","Perfected Strike"],"picked":"SKIP","floor":20.0},{"not_picked":["Heavy Blade+1","Perfected Strike","Anger"],"picked":"SKIP","floor":22.0},{"not_picked":["Sword Boomerang","Twin Strike+1","Uppercut","Carnage"],"picked":"SKIP","floor":28.0},{"not_picked":["Rage","Hemokinesis","Headbutt"],"picked":"Evolve","floor":30.0},{"not_picked":["Power Through+1","Clothesline"],"picked":"SKIP","floor":35.0},{"not_picked":["Sword Boomerang","Thunderclap+1"],"picked":"SKIP","floor":36.0},{"not_picked":["Fire Breathing+1","Armaments"],"picked":"SKIP","floor":37.0},{"not_picked":["Feel No Pain","Pummel"],"picked":"SKIP","floor":39.0}],"player_experience":443433,"relics_obtained":[{"floor":7.0,"key":"Unceasing Top"},{"floor":9.0,"key":"Self Forming Clay"},{"floor":12.0,"key":"Blue Candle"},{"floor":26.0,"key":"Question Card"},{"floor":31.0,"key":"Potion Belt"}],"event_choices":[{"damage_healed":0.0,"max_hp_gain":0.0,"max_hp_loss":0.0,"gold_gain":0.0,"event_name":"Shining Light","player_choice":"Entered Light","floor":3.0,"gold_loss":0.0,"damage_taken":16.0,"cards_upgraded":["Strike_R","Uppercut"]},{"cards_removed":["Parasite"],"damage_healed":0.0,"max_hp_gain":0.0,"max_hp_loss":0.0,"gold_gain":0.0,"event_name":"Back to Basics","player_choice":"Elegance","floor":19.0,"gold_loss":0.0,"damage_taken":0.0},{"damage_healed":0.0,"max_hp_gain":0.0,"max_hp_loss":0.0,"gold_gain":0.0,"event_name":"Colosseum","player_choice":"Fight","floor":21.0,"gold_loss":0.0,"damage_taken":0.0},{"damage_healed":0.0,"max_hp_gain":0.0,"max_hp_loss":0.0,"gold_gain":0.0,"event_name":"Colosseum","player_choice":"Fled From Nobs","floor":21.0,"gold_loss":0.0,"damage_taken":0.0},{"damage_healed":0.0,"max_hp_gain":0.0,"max_hp_loss":24.0,"gold_gain":0.0,"event_name":"Vampires","player_choice":"Became a vampire","floor":24.0,"gold_loss":0.0,"damage_taken":0.0,"cards_obtained":["Bite","Bite","Bite","Bite","Bite"]},{"damage_healed":0.0,"max_hp_gain":0.0,"max_hp_loss":3.0,"gold_gain":0.0,"event_name":"Winding Halls","player_choice":"Max HP","floor":38.0,"gold_loss":0.0,"damage_taken":0.0}],"is_beta":true,"boss_relics":[{"not_picked":["Cursed Key","Black Blood"],"picked":"Velvet Choker"},{"not_picked":["Fusion Hammer","Lizard Tail"],"picked":"Busted Crown"}],"items_purged_floors":[13],"is_endless":false,"potions_floor_spawned":[2,7,10,14,16,18,20,22,30,37,39],"killed_by":"Reptomancer","ascension_level":8}