{"gold_per_floor":[112,124,100,110,185,220,220,240,265,265,265,300,318,318,318,419,419,435,435,448,358,368,393,393,427,427,427,427,51,51,62,62,161,161,171,189,189,209,220,220,83,103,103,132,143,160,174,174],"floor_reached":48,"playtime":4819,"items_purged":[],"score":539,"play_id":"601e1d8f-3894-4320-a8cb-a8357c6b488a","local_time":"20190531133553","is_ascension_mode":false,"campfire_choices":[{"data":"Terror","floor":7,"key":"SMITH"},{"data":"Noxious Fumes","floor":10,"key":"SMITH"},{"floor":15,"key":"REST"},{"data":"Wraith Form v2","floor":24,"key":"SMITH"},{"data":"Envenom","floor":28,"key":"SMITH"},{"floor":30,"key":"REST"},{"data":"Noxious Fumes","floor":32,"key":"SMITH"},{"floor":40,"key":"RECALL"}],"neow_cost":"NONE","seed_source_timestamp":1133651286132563,"circlet_count":0,"master_deck":["Defend_G","Defend_G","Defend_G","Defend_G+1","Defend_G","Strike_G","Strike_G","Survivor","Neutralize+1","Poisoned Stab","Crippling Poison+1","Backflip+1","Noxious Fumes+1","Terror+1","PiercingWail","Die Die Die","Dodge and Roll","Wraith Form v2+1","Deadly Poison","Skewer","Backflip+1","Cloak And Dagger+1","Envenom+1","Noxious Fumes+1","Bullet Time","Poisoned Stab+1","Cloak And Dagger","Poisoned Stab","Envenom","Regret"],"relics":["Ring of the Snake","Ancient Tea Set","Lantern","Bag of Preparation","Bottled Lightning","Philosopher\u0027s Stone","Gambling Chip","Art of War","Bottled Tornado","Mercury Hourglass","War Paint","Regal Pillow","Cursed Key","Potion Belt","Paper Crane","Ice Cream"],"potions_floor_usage":[12,23,25,33,44,45],"damage_taken":[{"damage":7,"enemies":"Small Slimes","floor":1,"turns":6},{"damage":0,"enemies":"Jaw Worm","floor":2,"turns":3},{"damage":0,"enemies":"Cultist","floor":4,"turns":4},{"damage":6,"enemies":"Lagavulin","floor":6,"turns":8},{"damage":0,"enemies":"Blue Slaver","floor":8,"turns":3},{"damage":8,"enemies":"Gremlin Nob","floor":12,"turns":4},{"damage":0,"enemies":"Gremlin Gang","floor":13,"turns":1},{"damage":4,"enemies":"Hexaghost","floor":16,"turns":9},{"damage":15,"enemies":"Spheric Guardian","floor":18,"turns":6},{"damage":3,"enemies":"3 Byrds","floor":20,"turns":3},{"damage":10,"enemies":"Cultist and Chosen","floor":22,"turns":7},{"damage":0,"enemies":"Gremlin Leader","floor":23,"turns":5},{"damage":16,"enemies":"Slavers","floor":25,"turns":4},{"damage":0,"enemies":"Centurion and Healer","floor":31,"turns":4},{"damage":6,"enemies":"Collector","floor":33,"turns":6},{"damage":1,"enemies":"3 Darklings","floor":35,"turns":3},{"damage":0,"enemies":"Orb Walker","floor":36,"turns":3},{"damage":4,"enemies":"4 Shapes","floor":38,"turns":3},{"damage":4,"enemies":"Spire Growth","floor":39,"turns":3},{"damage":0,"enemies":"Sphere and 2 Shapes","floor":42,"turns":3},{"damage":28,"enemies":"Nemesis","floor":44,"turns":7},{"damage":13,"enemies":"Jaw Worm Horde","floor":45,"turns":3},{"damage":11,"enemies":"Maw","floor":46,"turns":6},{"damage":1,"enemies":"Writhing Mass","floor":47,"turns":4},{"damage":17,"enemies":"Sphere and 2 Shapes","floor":48,"turns":3}],"seed_played":"-8656812168353416916","potions_obtained":[{"floor":2,"key":"Explosive Potion"},{"floor":6,"key":"Block Potion"},{"floor":12,"key":"PowerPotion"},{"floor":13,"key":"SteroidPotion"},{"floor":16,"key":"Ancient Potion"},{"floor":18,"key":"GamblersBrew"},{"floor":23,"key":"Fire Potion"},{"floor":25,"key":"FairyPotion"},{"floor":33,"key":"SteroidPotion"},{"floor":38,"key":"AttackPotion"},{"floor":42,"key":"Swift Potion"},{"floor":46,"key":"SkillPotion"},{"floor":47,"key":"LiquidBronze"}],"is_trial":false,"path_per_floor":["M","M","$","M","?","E","R","M","T","R","?","E","M","T","R","B",null,"M","?","M","?","M","E","R","E","T","?","R","$","R","M","R","B",null,"M","M","?","M","M","R","$","M","T","E","M","M","M","M"],"character_chosen":"THE_SILENT","items_purchased":["Backflip","War Paint","Regal Pillow","Noxious Fumes","Envenom"],"campfire_rested":2,"item_purchase_floors":[3,29,29,29,41],"current_hp_per_floor":[63,63,63,63,52,46,46,46,46,46,39,31,31,31,52,48,70,55,55,52,52,42,42,42,26,26,26,26,26,62,62,62,56,70,69,69,69,65,61,61,61,61,61,33,20,9,8,0],"gold":174,"neow_bonus":"UPGRADE_CARD","is_prod":false,"is_daily":false,"chose_seed":false,"campfire_upgraded":5,"win_rate":0,"timestamp":1559334953,"path_taken":["M","M","$","M","?","E","R","M","T","R","?","E","M","?","R","BOSS","M","?","?","?","?","E","R","E","T","?","R","$","R","M","R","BOSS","M","M","?","M","?","R","$","M","T","E","M","M","M","M"],"build_version":"2019-01-23","purchased_purges":0,"victory":false,"max_hp_per_floor":[70,70,70,70,70,70,70,70,70,70,70,70,70,70,70,70,70,70,70,70,70,70,70,70,70,70,70,70,70,70,70,70,70,70,70,70,70,70,70,70,70,70,70,70,70,70,70,70],"card_choices":[{"not_picked":["Predator","Concentrate"],"picked":"Poisoned Stab","floor":1},{"not_picked":["Outmaneuver","Sucker Punch"],"picked":"Crippling Poison","floor":2},{"not_picked":["Outmaneuver","Predator"],"picked":"Noxious Fumes","floor":4},{"not_picked":["Accuracy","Expertise"],"picked":"Terror","floor":6},{"not_picked":["Sucker Punch","Flying Knee"],"picked":"PiercingWail","floor":8},{"not_picked":["Dagger Throw","Dodge and Roll"],"picked":"Die Die Die","floor":12},{"not_picked":["Flying Knee","Eviscerate"],"picked":"Dodge and Roll","floor":13},{"not_picked":["Night Terror","Grand Finale"],"picked":"Wraith Form v2","floor":16},{"not_picked":["PiercingWail+1","Dagger Throw"],"picked":"Deadly Poison","floor":18},{"not_picked":["Underhanded Strike","Distraction"],"picked":"Skewer","floor":20},{"not_picked":["Tactician","Escape Plan"],"picked":"Backflip+1","floor":22},{"not_picked":["Underhanded Strike","Dodge and Roll+1"],"picked":"Cloak And Dagger+1","floor":23},{"not_picked":["Sucker Punch","Choke"],"picked":"Envenom","floor":25},{"not_picked":["Prepared","Accuracy+1","Tactician"],"picked":"SKIP","floor":31},{"not_picked":["Storm of Steel","Phantasmal Killer"],"picked":"Bullet Time","floor":33},{"not_picked":["Prepared","Slice+1"],"picked":"Poisoned Stab+1","floor":35},{"not_picked":["Flying Knee+1","Underhanded Strike+1"],"picked":"Cloak And Dagger","floor":36},{"not_picked":["Underhanded Strike","Slice+1"],"picked":"Poisoned Stab","floor":38},{"not_picked":["Outmaneuver","Backstab","Tactician+1"],"picked":"SKIP","floor":39},{"not_picked":["Poisoned Stab","Dagger Throw+1","Concentrate+1"],"picked":"SKIP","floor":42},{"not_picked":["Cloak And Dagger","Unload","Bane+1"],"picked":"SKIP","floor":44},{"not_picked":["Cloak And Dagger+1","Prepared","Eviscerate"],"picked":"SKIP","floor":45},{"not_picked":["Slice+1","Predator","Flying Knee"],"picked":"SKIP","floor":46},{"not_picked":["Finisher","Quick Slash","Endless Agony+1"],"picked":"SKIP","floor":47}],"player_experience":128152,"relics_obtained":[{"floor":6,"key":"Ancient Tea Set"},{"floor":9,"key":"Lantern"},{"floor":12,"key":"Bag of Preparation"},{"floor":14,"key":"Bottled Lightning"},{"floor":23,"key":"Gambling Chip"},{"floor":25,"key":"Art of War"},{"floor":26,"key":"Bottled Tornado"},{"floor":43,"key":"Paper Crane"},{"floor":44,"key":"Ice Cream"}],"event_choices":[{"damage_healed":0,"gold_gain":75,"player_choice":"Gather Gold","damage_taken":11,"max_hp_gain":0,"max_hp_loss":0,"event_name":"World of Goop","floor":5,"gold_loss":0},{"cards_removed":["Strike_G"],"damage_healed":0,"gold_gain":0,"player_choice":"Card Removal","damage_taken":7,"max_hp_gain":0,"max_hp_loss":0,"event_name":"Golden Wing","floor":11,"gold_loss":0},{"cards_removed":["Strike_G"],"damage_healed":0,"gold_gain":0,"player_choice":"Purged","damage_taken":0,"max_hp_gain":0,"max_hp_loss":0,"event_name":"Purifier","floor":19,"gold_loss":0},{"cards_removed":["Strike_G"],"damage_healed":0,"gold_gain":0,"player_choice":"Upgrade and Remove","damage_taken":0,"max_hp_gain":0,"max_hp_loss":0,"event_name":"Designer","floor":21,"gold_loss":90,"cards_upgraded":["Crippling Poison"]},{"damage_healed":0,"gold_gain":0,"player_choice":"Opened","damage_taken":0,"relics_obtained":["Mercury Hourglass"],"max_hp_gain":0,"max_hp_loss":0,"event_name":"The Mausoleum","floor":27,"gold_loss":0},{"damage_healed":0,"gold_gain":0,"player_choice":"Gave Potion","damage_taken":0,"relics_obtained":["Potion Belt"],"max_hp_gain":0,"max_hp_loss":0,"event_name":"WeMeetAgain","floor":37,"gold_loss":0}],"is_beta":false,"boss_relics":[{"not_picked":["Astrolabe","Snecko Eye"],"picked":"Philosopher\u0027s Stone"},{"not_picked":["Busted Crown","Lizard Tail"],"picked":"Cursed Key"}],"items_purged_floors":[],"is_endless":false,"potions_floor_spawned":[2,6,12,13,16,18,20,23,25,33,38,42,46,47],"killed_by":"Sphere and 2 Shapes","ascension_level":0}