{"gold_per_floor":[119,130,144,164,164,164,196,196,196,196,45,64,64,91,91,195,195,208,220,220,235,92,92,122,122,148,167,180,180,180,205,205,306,306,323,343,363,51,151,151,165,165,188,202,256,270,13,31,31,31],"floor_reached":51,"playtime":3183,"items_purged":["Defend_B"],"score":699,"play_id":"c1fd0c72-44f8-4fc0-a29d-06f3ba4f3772","local_time":"20181208220659","is_ascension_mode":false,"campfire_choices":[{"data":"Zap","floor":6,"key":"SMITH"},{"data":"Genetic Algorithm","floor":8,"key":"SMITH"},{"data":"Dualcast","floor":10,"key":"SMITH"},{"data":"Self Repair","floor":13,"key":"SMITH"},{"data":"Cold Snap","floor":15,"key":"SMITH"},{"data":"Cold Snap","floor":23,"key":"SMITH"},{"data":"Coolheaded","floor":25,"key":"SMITH"},{"data":"Bite","floor":32,"key":"SMITH"},{"floor":40,"key":"RECALL"},{"floor":49,"key":"REST"}],"neow_cost":"PERCENT_DAMAGE","seed_source_timestamp":458984286662101,"circlet_count":0,"master_deck":["Defend_B","Defend_B","Zap+1","Dualcast+1","Cold Snap+1","Cold Snap+1","Conserve Battery","Conserve Battery","Genetic Algorithm+1","Self Repair+1","BootSequence","Core Surge","Coolheaded+1","Glacier","Capacitor+1","Bite+1","Bite","Bite","Bite","Enlightenment","Echo Form+1","Multi-Cast+1","Static Discharge+1","Capacitor+1","Parasite","The Bomb+1","Double Energy+1","White Noise+1","Defragment+1","Electrodynamics+1","Consume+1"],"relics":["FrozenCore","Sundial","Singing Bowl","Frozen Egg 2","Pen Nib","Mummified Hand","Toxic Egg 2","Fusion Hammer","Thread and Needle","Blood Vial","Omamori","ClockworkSouvenir"],"potions_floor_usage":[14,21,24,24,27,31,33,37,37,48,50],"damage_taken":[{"damage":0,"enemies":"Jaw Worm","floor":1,"turns":4},{"damage":0,"enemies":"Cultist","floor":2,"turns":3},{"damage":0,"enemies":"Small Slimes","floor":3,"turns":3},{"damage":6,"enemies":"Looter","floor":4,"turns":3},{"damage":2,"enemies":"3 Sentries","floor":7,"turns":10},{"damage":7,"enemies":"Gremlin Gang","floor":12,"turns":4},{"damage":5,"enemies":"Gremlin Nob","floor":14,"turns":4},{"damage":27,"enemies":"The Guardian","floor":16,"turns":15},{"damage":18,"enemies":"3 Byrds","floor":18,"turns":8},{"damage":0,"enemies":"Spheric Guardian","floor":19,"turns":6},{"damage":23,"enemies":"Chosen and Byrds","floor":21,"turns":13},{"damage":6,"enemies":"Book of Stabbing","floor":24,"turns":9},{"damage":14,"enemies":"3 Cultists","floor":27,"turns":7},{"damage":12,"enemies":"Shelled Parasite and Fungi","floor":28,"turns":9},{"damage":12,"enemies":"Slavers","floor":31,"turns":10},{"damage":50,"enemies":"Champ","floor":33,"turns":24},{"damage":1,"enemies":"Orb Walker","floor":35,"turns":5},{"damage":3,"enemies":"3 Shapes","floor":36,"turns":13},{"damage":12,"enemies":"Writhing Mass","floor":37,"turns":7},{"damage":0,"enemies":"Mind Bloom Boss Battle","floor":39,"turns":10},{"damage":0,"enemies":"Sphere and 2 Shapes","floor":41,"turns":5},{"damage":0,"enemies":"Spire Growth","floor":44,"turns":9},{"damage":3,"enemies":"Writhing Mass","floor":46,"turns":5},{"damage":0,"enemies":"Transient","floor":48,"turns":5},{"damage":29,"enemies":"Awakened One","floor":50,"turns":10}],"seed_played":"2080037871033259532","potions_obtained":[{"floor":1,"key":"Regen Potion"},{"floor":4,"key":"FearPotion"},{"floor":12,"key":"Block Potion"},{"floor":14,"key":"Weak Potion"},{"floor":21,"key":"SkillPotion"},{"floor":24,"key":"SteroidPotion"},{"floor":28,"key":"Block Potion"},{"floor":31,"key":"Poison Potion"},{"floor":33,"key":"Energy Potion"},{"floor":35,"key":"Poison Potion"},{"floor":44,"key":"Swift Potion"}],"is_trial":false,"path_per_floor":["M","M","M","M","?","R","E","R","T","R","$","M","R","E","R","B",null,"M","M","?","M","$","R","E","R","T","M","M","?","?","E","R","B",null,"M","M","M","$","?","R","M","?","T","M","T","M","$","M","R","B",null],"character_chosen":"DEFECT","items_purchased":["Self Repair","Pen Nib","The Bomb+1","Double Energy+1","White Noise+1","ClockworkSouvenir","Weak Potion"],"campfire_rested":1,"item_purchase_floors":[11,22,38,38,38,47,47],"current_hp_per_floor":[54,54,54,48,73,73,71,71,71,71,71,71,71,77,77,60,77,69,77,77,66,66,66,70,70,70,68,68,58,58,58,58,41,58,58,58,60,60,60,60,62,64,64,64,64,66,66,66,66,46],"gold":31,"neow_bonus":"REMOVE_TWO","is_prod":false,"is_daily":false,"chose_seed":false,"campfire_upgraded":8,"win_rate":0,"timestamp":1544324819,"path_taken":["M","M","M","M","?","R","E","R","T","R","$","M","R","E","R","BOSS","M","M","?","?","$","R","E","R","T","M","M","?","?","E","R","BOSS","M","?","?","$","?","R","M","?","T","M","?","M","$","M","R","BOSS"],"build_version":"2018-12-06","purchased_purges":1,"victory":true,"max_hp_per_floor":[75,75,75,75,75,75,75,75,75,75,75,75,75,77,77,77,77,77,77,77,79,79,79,79,79,79,81,83,58,58,58,58,58,58,58,58,60,60,60,60,62,64,64,64,64,66,66,66,66,66],"card_choices":[{"not_picked":["Recycle","Compile Driver"],"picked":"Cold Snap","floor":1},{"not_picked":["Redo","Thunder Strike"],"picked":"Cold Snap","floor":2},{"not_picked":["Darkness","Leap"],"picked":"Conserve Battery","floor":3},{"not_picked":["Barrage","Scrape"],"picked":"Conserve Battery","floor":4},{"not_picked":["Skim","Steam"],"picked":"Genetic Algorithm","floor":7},{"not_picked":["Compile Driver","Gash"],"picked":"BootSequence","floor":12},{"not_picked":["Ball Lightning","Amplify","Rebound"],"picked":"Singing Bowl","floor":14},{"not_picked":["Amplify","Multi-Cast"],"picked":"Core Surge","floor":16},{"not_picked":["Aggregate","Scrape"],"picked":"Coolheaded","floor":18},{"not_picked":["Compile Driver","Beam Cell"],"picked":"Glacier","floor":19},{"not_picked":["Redo+1","Stack+1","Leap"],"picked":"Singing Bowl","floor":21},{"not_picked":["Rebound","Aggregate"],"picked":"Capacitor+1","floor":24},{"not_picked":["Gash","Conserve Battery","Scrape"],"picked":"Singing Bowl","floor":27},{"not_picked":["Compile Driver","Ball Lightning","Gash"],"picked":"Singing Bowl","floor":28},{"not_picked":["Barrage","Hello World+1"],"picked":"Echo Form+1","floor":31},{"not_picked":["Fission+1","Reboot+1"],"picked":"Multi-Cast+1","floor":33},{"not_picked":["Streamline","Rebound"],"picked":"Static Discharge+1","floor":35},{"not_picked":["Chaos+1","Streamline"],"picked":"Capacitor+1","floor":36},{"not_picked":["FTL+1","Rip and Tear+1","Ball Lightning+1"],"picked":"Singing Bowl","floor":37},{"not_picked":["Stack+1","Compile Driver"],"picked":"Defragment+1","floor":39},{"not_picked":["Leap+1","Capacitor+1","Cold Snap+1"],"picked":"Singing Bowl","floor":41},{"not_picked":["Trip+1","Swift Strike","Dark Shackles+1"],"picked":"Singing Bowl","floor":42},{"not_picked":["Ball Lightning","Rebound"],"picked":"Electrodynamics+1","floor":44},{"not_picked":["Barrage","Sweeping Beam+1","Genetic Algorithm+1"],"picked":"Singing Bowl","floor":46},{"not_picked":["Compile Driver","Stack+1"],"picked":"Consume+1","floor":48}],"player_experience":413312,"relics_obtained":[{"floor":7,"key":"Sundial"},{"floor":9,"key":"Singing Bowl"},{"floor":14,"key":"Frozen Egg 2"},{"floor":24,"key":"Mummified Hand"},{"floor":31,"key":"Toxic Egg 2"},{"floor":39,"key":"Thread and Needle"},{"floor":43,"key":"Blood Vial"},{"floor":45,"key":"Omamori"}],"event_choices":[{"damage_healed":25,"gold_gain":0,"player_choice":"Banana","damage_taken":0,"max_hp_gain":0,"max_hp_loss":0,"event_name":"Big Fish","floor":5,"gold_loss":0},{"damage_healed":0,"gold_gain":0,"player_choice":"Bought 0 Potions","damage_taken":0,"max_hp_gain":0,"max_hp_loss":0,"event_name":"The Woman in Blue","floor":20,"gold_loss":0},{"damage_healed":0,"gold_gain":0,"player_choice":"Became a vampire","damage_taken":0,"max_hp_gain":0,"max_hp_loss":25,"event_name":"Vampires","floor":29,"gold_loss":0,"cards_obtained":["Bite","Bite","Bite","Bite","Bite"]},{"damage_healed":0,"gold_gain":0,"cards_transformed":["Bite"],"player_choice":"Transformed","damage_taken":0,"max_hp_gain":0,"max_hp_loss":0,"event_name":"Transmorgrifier","floor":30,"gold_loss":0,"cards_obtained":["Enlightenment"]},{"damage_healed":0,"gold_gain":0,"player_choice":"Fight","damage_taken":0,"max_hp_gain":0,"max_hp_loss":0,"event_name":"MindBloom","floor":39,"gold_loss":0},{"damage_healed":0,"gold_gain":0,"player_choice":"Memory 1","damage_taken":0,"max_hp_gain":0,"max_hp_loss":0,"event_name":"SensoryStone","floor":42,"gold_loss":0}],"is_beta":true,"boss_relics":[{"not_picked":["Runic Pyramid","Busted Crown"],"picked":"FrozenCore"},{"not_picked":["Velvet Choker","Eternal Feather"],"picked":"Fusion Hammer"}],"items_purged_floors":[11],"is_endless":false,"potions_floor_spawned":[1,4,12,14,21,24,28,31,33,35,36,44],"ascension_level":0}