{"gold_per_floor":[119,119,137,157,169,169,319,350,405,480,28,28,55,73,73,151,151,170,189,79,93,111,111,136,136,191,211,211,227,247,14,14,88,88,104,120,120,137,8,8,18,43,111,111,111,124,49,49,49,49],"floor_reached":50,"playtime":2871,"items_purged":["Strike_G"],"score":926,"play_id":"8279f317-a3f2-4465-9d93-e4dd2b5e037e","local_time":"20190404231434","is_ascension_mode":true,"campfire_choices":[{"data":"Glass Knife","floor":6.0,"key":"SMITH"},{"data":"Skewer","floor":12.0,"key":"SMITH"},{"floor":15.0,"key":"REST"},{"floor":23.0,"key":"REST"},{"floor":25.0,"key":"REST"},{"floor":28.0,"key":"REST"},{"floor":32.0,"key":"REST"},{"data":"Wraith Form v2","floor":40.0,"key":"SMITH"},{"data":"Wraith Form v2","floor":44,"key":"SMITH"},{"data":"Well Laid Plans","floor":49,"key":"SMITH"}],"neow_cost":"NONE","seed_source_timestamp":103689770478600,"circlet_count":0,"master_deck":["AscendersBane","Defend_G","Defend_G","Defend_G+1","Defend_G","Defend_G","Strike_G+1","Strike_G","Survivor","Neutralize","Glass Knife+1","Noxious Fumes","Well Laid Plans+1","Poisoned Stab","Caltrops","Caltrops","Skewer+1","Caltrops","Cloak And Dagger","Wraith Form v2+1","Well Laid Plans","Backflip+1","Cloak And Dagger","Wraith Form v2+1","Crippling Poison","Malaise","PiercingWail+1","PiercingWail","Bouncing Flask+1","Clumsy","Flash of Steel+1","Regret"],"special_seed":0,"relics":["Ring of the Snake","Bottled Flame","Bag of Preparation","Torii","Whetstone","Calling Bell","Happy Flower","Pantograph","Thread and Needle","StoneCalendar","Tiny Chest","Cursed Key","Ninja Scroll","Molten Egg 2","Lantern"],"potions_floor_usage":[42,42,50,50],"damage_taken":[{"damage":0.0,"enemies":"Small Slimes","floor":1.0,"turns":3.0},{"damage":0.0,"enemies":"Cultist","floor":3.0,"turns":4.0},{"damage":0.0,"enemies":"Jaw Worm","floor":4.0,"turns":4.0},{"damage":0.0,"enemies":"Blue Slaver","floor":5.0,"turns":4.0},{"damage":18.0,"enemies":"Gremlin Nob","floor":8.0,"turns":4.0},{"damage":27.0,"enemies":"Lagavulin","floor":13.0,"turns":7.0},{"damage":0.0,"enemies":"2 Fungi Beasts","floor":14.0,"turns":1.0},{"damage":5.0,"enemies":"The Guardian","floor":16.0,"turns":8.0},{"damage":13.0,"enemies":"Chosen","floor":18.0,"turns":8.0},{"damage":12.0,"enemies":"Spheric Guardian","floor":19.0,"turns":4.0},{"damage":8.0,"enemies":"Chosen and Byrds","floor":21.0,"turns":5.0},{"damage":11.0,"enemies":"Shelled Parasite and Fungi","floor":22.0,"turns":5.0},{"damage":9.0,"enemies":"Book of Stabbing","floor":24.0,"turns":5.0},{"damage":7.0,"enemies":"3 Cultists","floor":27.0,"turns":5.0},{"damage":10.0,"enemies":"Cultist and Chosen","floor":29.0,"turns":7.0},{"damage":29.0,"enemies":"Chosen and Byrds","floor":30.0,"turns":7.0},{"damage":13.0,"enemies":"Collector","floor":33.0,"turns":9.0},{"damage":18.0,"enemies":"3 Darklings","floor":35.0,"turns":6.0},{"damage":1.0,"enemies":"Orb Walker","floor":36.0,"turns":4.0},{"damage":8.0,"enemies":"Jaw Worm Horde","floor":38.0,"turns":5.0},{"damage":0,"enemies":"Writhing Mass","floor":41,"turns":7},{"damage":0,"enemies":"Reptomancer","floor":42,"turns":7},{"damage":0,"enemies":"Maw","floor":46,"turns":9},{"damage":62,"enemies":"Awakened One","floor":50,"turns":11}],"seed_played":"1164115297472968879","potions_obtained":[{"floor":4.0,"key":"SteroidPotion"},{"floor":8.0,"key":"GamblersBrew"},{"floor":13.0,"key":"SteroidPotion"},{"floor":18.0,"key":"SteroidPotion"},{"floor":22.0,"key":"Fire Potion"},{"floor":30.0,"key":"Poison Potion"},{"floor":33.0,"key":"LiquidBronze"},{"floor":35.0,"key":"Strength Potion"},{"floor":38.0,"key":"Ancient Potion"},{"floor":46,"key":"AttackPotion"}],"is_trial":false,"path_per_floor":["M","?","M","M","M","R","?","E","T","?","$","R","E","M","R","B",null,"M","M","?","M","M","R","E","R","T","M","R","M","M","$","R","B",null,"M","M","?","M","$","R","M","E","T","R","?","M","$","T","R","B"],"character_chosen":"THE_SILENT","items_purchased":["Skewer","Torii","Caltrops","Wraith Form v2","Crippling Poison","PiercingWail","LiquidBronze"],"campfire_rested":5,"item_purchase_floors":[11,11,11,31,31,39,47],"current_hp_per_floor":[59,59,59,59,59,59,59,41,41,30,30,30,3,3,22,17,54,41,29,29,21,10,29,20,39,39,32,51,41,12,12,31,43,60,42,41,41,33,33,33,33,33,33,33,33,33,33,33,33,0],"gold":49,"neow_bonus":"ONE_RANDOM_RARE_CARD","is_prod":false,"is_daily":false,"chose_seed":false,"campfire_upgraded":5,"win_rate":0,"timestamp":1554434074,"path_taken":["M","?","?","M","M","R","?","E","T","?","$","R","E","M","R","BOSS","M","M","?","M","M","R","E","R","T","?","R","M","M","?","R","BOSS","M","M","?","M","$","R","M","E","T","R","?","M","?","?","R","BOSS"],"build_version":"2019-03-15","purchased_purges":1,"victory":false,"max_hp_per_floor":[66,66,66,66,66,66,66,66,66,66,66,66,66,66,66,66,66,66,66,66,66,66,66,66,66,66,66,66,66,66,66,66,66,66,66,66,66,66,66,66,66,66,66,66,66,66,66,66,66,66],"card_choices":[{"not_picked":["Dagger Spray","Catalyst"],"picked":"Noxious Fumes","floor":1.0},{"not_picked":["Blade Dance","Quick Slash"],"picked":"Well Laid Plans","floor":3.0},{"not_picked":["Deflect","Heel Hook"],"picked":"Poisoned Stab","floor":4.0},{"not_picked":["Cloak And Dagger","Poisoned Stab"],"picked":"Caltrops","floor":5.0},{"not_picked":["Sucker Punch","A Thousand Cuts"],"picked":"Caltrops","floor":8.0},{"not_picked":["Infinite Blades","Dagger Throw","Tactician"],"picked":"SKIP","floor":13.0},{"not_picked":["Acrobatics","Underhanded Strike"],"picked":"Cloak And Dagger","floor":14.0},{"not_picked":["Corpse Explosion","Glass Knife"],"picked":"Wraith Form v2","floor":16.0},{"not_picked":["Backflip","Outmaneuver","Dodge and Roll"],"picked":"SKIP","floor":18.0},{"not_picked":["Acrobatics","Dash","Dodge and Roll"],"picked":"SKIP","floor":19.0},{"not_picked":["Quick Slash","Choke","Prepared"],"picked":"SKIP","floor":21.0},{"not_picked":["Dagger Spray","Die Die Die"],"picked":"Well Laid Plans","floor":22.0},{"not_picked":["Tactician","Bane","Infinite Blades"],"picked":"SKIP","floor":24.0},{"not_picked":["Setup","Underhanded Strike+1","Deadly Poison"],"picked":"SKIP","floor":27.0},{"not_picked":["Sucker Punch","Noxious Fumes"],"picked":"Backflip+1","floor":29.0},{"not_picked":["Dodge and Roll","Underhanded Strike"],"picked":"Cloak And Dagger","floor":30.0},{"not_picked":["Storm of Steel","After Image"],"picked":"Malaise","floor":33.0},{"not_picked":["Dagger Spray","Deflect"],"picked":"PiercingWail+1","floor":35.0},{"not_picked":["Outmaneuver","Acrobatics","Blade Dance"],"picked":"SKIP","floor":36.0},{"not_picked":["Dagger Spray+1","Cloak And Dagger","Dodge and Roll"],"picked":"SKIP","floor":38.0},{"not_picked":["Well Laid Plans","Deadly Poison"],"picked":"Bouncing Flask+1","floor":41},{"not_picked":["Corpse Explosion","Envenom","Unload"],"picked":"SKIP","floor":42},{"not_picked":["Thinking Ahead","Swift Strike+1"],"picked":"Flash of Steel+1","floor":45},{"not_picked":["Crippling Poison","Deflect","Deadly Poison"],"picked":"SKIP","floor":46}],"player_experience":678570,"relics_obtained":[{"floor":8.0,"key":"Bottled Flame"},{"floor":9.0,"key":"Bag of Preparation"},{"floor":13.0,"key":"Whetstone"},{"floor":17.0,"key":"Happy Flower"},{"floor":17.0,"key":"Pantograph"},{"floor":17.0,"key":"Thread and Needle"},{"floor":24.0,"key":"StoneCalendar"},{"floor":26.0,"key":"Tiny Chest"},{"floor":42,"key":"Ninja Scroll"},{"floor":43,"key":"Molten Egg 2"},{"floor":48,"key":"Lantern"}],"event_choices":[{"cards_removed":["Strike_G"],"damage_healed":0.0,"max_hp_gain":0.0,"max_hp_loss":0.0,"gold_gain":0.0,"event_name":"Bonfire Elementals","player_choice":"Offered Basic","floor":2.0,"gold_loss":0.0,"damage_taken":0.0},{"damage_healed":0.0,"max_hp_gain":0.0,"max_hp_loss":0.0,"gold_gain":150.0,"event_name":"Liars Game","player_choice":"AGREE","floor":7.0,"gold_loss":0.0,"damage_taken":0.0,"cards_obtained":["Doubt"]},{"damage_healed":0.0,"max_hp_gain":0.0,"max_hp_loss":0.0,"gold_gain":75.0,"event_name":"World of Goop","player_choice":"Gather Gold","floor":10.0,"gold_loss":0.0,"damage_taken":11.0},{"cards_removed":["Doubt"],"damage_healed":0.0,"max_hp_gain":0.0,"max_hp_loss":0.0,"gold_gain":0.0,"event_name":"Designer","player_choice":"Upgrade and Remove","floor":20.0,"gold_loss":110.0,"damage_taken":0.0,"cards_upgraded":["Defend_G"]},{"cards_removed":["Strike_G"],"damage_healed":0.0,"max_hp_gain":0.0,"max_hp_loss":0.0,"gold_gain":0.0,"event_name":"Falling","player_choice":"Removed Attack","floor":37.0,"gold_loss":0.0,"damage_taken":0.0},{"damage_healed":0,"gold_gain":0,"player_choice":"Memory 1","damage_taken":0,"max_hp_gain":0,"max_hp_loss":0,"event_name":"SensoryStone","floor":45,"gold_loss":0}],"is_beta":true,"boss_relics":[{"not_picked":["Orrery","Philosopher\u0027s Stone"],"picked":"Calling Bell"},{"not_picked":["HoveringKite","Runic Dome"],"picked":"Cursed Key"}],"items_purged_floors":[39],"is_endless":false,"potions_floor_spawned":[4,8,13,18,22,30,33,35,38,46],"killed_by":"Awakened One","ascension_level":15}