{"gold_per_floor":[111,123,140,156,156,156,190,190,190,190,206,306,323,357,357,434,434,448,461,7,24,39,39,59,59,137,137,149,149,169,169,169,241,241,256,256,256,266,29,29,44,57,57,16,16,36,36,50,50,50],"floor_reached":51,"playtime":2588,"items_purged":["Strike_B","Strike_B"],"score":1169,"play_id":"ded36286-1d9e-4008-88f1-869bb3f975ed","local_time":"20190212120213","is_ascension_mode":true,"campfire_choices":[{"data":"Lockon","floor":6.0,"key":"SMITH"},{"data":"Zap","floor":8.0,"key":"SMITH"},{"floor":10.0,"key":"REST"},{"data":"Blizzard","floor":15.0,"key":"SMITH"},{"data":"Buffer","floor":23.0,"key":"SMITH"},{"data":"Coolheaded","floor":27.0,"key":"SMITH"},{"floor":29.0,"key":"REST"},{"floor":32.0,"key":"REST"},{"data":"Chill","floor":40.0,"key":"SMITH"},{"floor":47.0,"key":"REST"},{"floor":49.0,"key":"REST"}],"neow_cost":"NONE","seed_source_timestamp":62567256318100,"circlet_count":0,"master_deck":["AscendersBane","Strike_B","Defend_B","Defend_B","Defend_B","Zap+1","Dualcast","Chill+1","Lockon+1","Steam","Barrage","Blizzard+1","Coolheaded+1","Lockon","Coolheaded","Buffer+1","Coolheaded","Hologram","FTL","Echo Form","Clumsy","Reboot","Leap+1","Madness","Madness","Coolheaded","Consume","Injury","Blizzard","Leap+1"],"special_seed":0,"relics":["Cracked Core","The Courier","Dodecahedron","Vajra","Cursed Key","Cables","Meat on the Bone","Shuriken","Inserter","ClockworkSouvenir","Sundial"],"potions_floor_usage":[],"damage_taken":[{"damage":5.0,"enemies":"Jaw Worm","floor":1.0,"turns":4.0},{"damage":0.0,"enemies":"2 Louse","floor":2.0,"turns":1.0},{"damage":1.0,"enemies":"Cultist","floor":3.0,"turns":4.0},{"damage":0.0,"enemies":"Looter","floor":4.0,"turns":3.0},{"damage":20.0,"enemies":"Lagavulin","floor":7.0,"turns":6.0},{"damage":0.0,"enemies":"Gremlin Gang","floor":11.0,"turns":2.0},{"damage":2.0,"enemies":"2 Fungi Beasts","floor":13.0,"turns":3.0},{"damage":5.0,"enemies":"3 Sentries","floor":14.0,"turns":6.0},{"damage":36.0,"enemies":"Slime Boss","floor":16.0,"turns":9.0},{"damage":0.0,"enemies":"Spheric Guardian","floor":18.0,"turns":4.0},{"damage":9.0,"enemies":"Shell Parasite","floor":19.0,"turns":6.0},{"damage":7.0,"enemies":"Sentry and Sphere","floor":21.0,"turns":6.0},{"damage":16.0,"enemies":"3 Cultists","floor":22.0,"turns":5.0},{"damage":0.0,"enemies":"Centurion and Healer","floor":24.0,"turns":6.0},{"damage":14.0,"enemies":"Snake Plant","floor":28.0,"turns":6.0},{"damage":12.0,"enemies":"Shelled Parasite and Fungi","floor":30.0,"turns":5.0},{"damage":22.0,"enemies":"Colosseum Slavers","floor":31.0,"turns":5.0},{"damage":0.0,"enemies":"Automaton","floor":33.0,"turns":9.0},{"damage":15.0,"enemies":"Orb Walker","floor":35.0,"turns":5.0},{"damage":26.0,"enemies":"3 Darklings","floor":38.0,"turns":7.0},{"damage":8.0,"enemies":"Transient","floor":41.0,"turns":5.0},{"damage":0.0,"enemies":"Spire Growth","floor":42.0,"turns":6.0},{"damage":20.0,"enemies":"Jaw Worm Horde","floor":46.0,"turns":7.0},{"damage":13.0,"enemies":"3 Darklings","floor":48.0,"turns":4.0},{"damage":32,"enemies":"Donu and Deca","floor":50,"turns":15}],"seed_played":"4924132648539717974","potions_obtained":[{"floor":2.0,"key":"Explosive Potion"},{"floor":4.0,"key":"EssenceOfSteel"},{"floor":13.0,"key":"Fire Potion"},{"floor":19.0,"key":"FocusPotion"},{"floor":30.0,"key":"Dexterity Potion"},{"floor":38.0,"key":"Dexterity Potion"}],"is_trial":false,"path_per_floor":["M","M","M","M","?","R","E","R","T","R","M","?","M","E","R","B",null,"M","M","$","M","M","R","M","?","T","R","M","R","M","?","R","B",null,"M","?","?","M","$","R","M","M","T","$","?","M","R","M","R","B",null],"character_chosen":"DEFECT","items_purchased":["Cables","Meat on the Bone","ClockworkSouvenir","PowerPotion"],"campfire_rested":5,"item_purchase_floors":[20,20,39,44],"current_hp_per_floor":[63,63,62,62,67,67,47,47,47,71,71,71,69,64,64,28,67,67,58,58,51,47,47,47,47,47,47,45,69,57,47,71,71,78,63,63,53,39,39,39,43,43,43,43,43,35,59,46,70,50],"gold":50,"neow_bonus":"TRANSFORM_CARD","is_prod":false,"is_daily":false,"chose_seed":false,"campfire_upgraded":6,"win_rate":0,"timestamp":1549990933,"path_taken":["M","M","M","M","?","R","E","R","T","R","M","?","M","E","R","BOSS","M","?","$","M","M","R","M","?","T","R","M","R","?","?","R","BOSS","M","?","?","M","$","R","M","M","T","$","?","M","R","M","R","BOSS"],"build_version":"2019-02-06","purchased_purges":2,"victory":true,"max_hp_per_floor":[75,75,75,75,80,80,80,80,80,80,80,80,80,80,80,80,80,80,80,80,80,80,80,80,80,80,80,80,80,80,80,80,80,80,80,80,80,80,80,80,80,80,80,80,80,80,80,80,80,80],"card_choices":[{"not_picked":["Sweeping Beam","Rebound"],"picked":"Lockon","floor":1.0},{"not_picked":["Stack","Chaos"],"picked":"Steam","floor":2.0},{"not_picked":["Hologram","Storm"],"picked":"Barrage","floor":3.0},{"not_picked":["Storm","Rainbow"],"picked":"Blizzard","floor":4.0},{"not_picked":["Sweeping Beam","Steam Power"],"picked":"Coolheaded","floor":7.0},{"not_picked":["Hello World","Reprogram"],"picked":"Lockon","floor":11.0},{"not_picked":["Steam Power","Aggregate","Stack"],"picked":"SKIP","floor":13.0},{"not_picked":["Steam","Barrage"],"picked":"Coolheaded","floor":14.0},{"not_picked":["Thunder Strike","Amplify"],"picked":"Buffer","floor":16.0},{"not_picked":["Redo","Undo"],"picked":"Coolheaded","floor":18.0},{"not_picked":["Stack","Beam Cell"],"picked":"Hologram","floor":19.0},{"not_picked":["Force Field","Stack"],"picked":"FTL","floor":21.0},{"not_picked":["Streamline+1","Hologram","Beam Cell"],"picked":"SKIP","floor":22.0},{"not_picked":["Streamline","Cold Snap","Beam Cell"],"picked":"SKIP","floor":24.0},{"not_picked":["Sweeping Beam","Hologram","Go for the Eyes+1"],"picked":"SKIP","floor":28.0},{"not_picked":["FTL","Melter","Ball Lightning"],"picked":"SKIP","floor":30.0},{"not_picked":["Fission","Buffer"],"picked":"Reboot","floor":33.0},{"not_picked":["Cold Snap","Auto Shields"],"picked":"Leap+1","floor":35.0},{"not_picked":["Tempest","Barrage","Chaos"],"picked":"SKIP","floor":38.0},{"not_picked":["Beam Cell","Stack"],"picked":"Coolheaded","floor":41.0},{"not_picked":["Coolheaded","Glacier"],"picked":"Consume","floor":42.0},{"not_picked":["Coolheaded","Skim"],"picked":"Blizzard","floor":46.0},{"not_picked":["Hello World","Compile Driver"],"picked":"Leap+1","floor":48.0}],"player_experience":613226,"relics_obtained":[{"floor":7.0,"key":"The Courier"},{"floor":9.0,"key":"Dodecahedron"},{"floor":14.0,"key":"Vajra"},{"floor":26.0,"key":"Shuriken"},{"floor":43.0,"key":"Sundial"}],"event_choices":[{"damage_healed":0.0,"max_hp_gain":5.0,"max_hp_loss":0.0,"gold_gain":0.0,"event_name":"Big Fish","player_choice":"Donut","floor":5.0,"gold_loss":0.0,"damage_taken":0.0},{"damage_healed":0.0,"max_hp_gain":0.0,"max_hp_loss":0.0,"gold_gain":100.0,"event_name":"Golden Shrine","player_choice":"Pray","floor":12.0,"gold_loss":0.0,"damage_taken":0.0},{"damage_healed":0.0,"max_hp_gain":0.0,"max_hp_loss":0.0,"gold_gain":0.0,"event_name":"Match and Keep!","player_choice":"1 cards matched","floor":25.0,"gold_loss":0.0,"damage_taken":0.0,"cards_obtained":["Echo Form"]},{"damage_healed":0.0,"max_hp_gain":0.0,"max_hp_loss":0.0,"gold_gain":0.0,"event_name":"Colosseum","player_choice":"Fight","floor":31.0,"gold_loss":0.0,"damage_taken":0.0},{"damage_healed":0.0,"max_hp_gain":0.0,"max_hp_loss":0.0,"gold_gain":0.0,"event_name":"Colosseum","player_choice":"Fled From Nobs","floor":31.0,"gold_loss":0.0,"damage_taken":0.0},{"cards_removed":["Defend_B"],"damage_healed":0.0,"max_hp_gain":0.0,"max_hp_loss":0.0,"gold_gain":0.0,"event_name":"Falling","player_choice":"Removed Skill","floor":36.0,"gold_loss":0.0,"damage_taken":0.0},{"damage_healed":0.0,"max_hp_gain":0.0,"max_hp_loss":0.0,"gold_gain":0.0,"event_name":"Winding Halls","player_choice":"Embrace Madness","floor":37.0,"gold_loss":0.0,"damage_taken":10.0,"cards_obtained":["Madness","Madness"]},{"damage_healed":0.0,"max_hp_gain":0.0,"max_hp_loss":0.0,"gold_gain":0.0,"event_name":"SecretPortal","player_choice":"Ignored","floor":45.0,"gold_loss":0.0,"damage_taken":0.0}],"is_beta":true,"boss_relics":[{"not_picked":["Snecko Eye","Tiny House"],"picked":"Cursed Key"},{"not_picked":["Lizard Tail","Orrery"],"picked":"Inserter"}],"items_purged_floors":[20,39],"is_endless":false,"potions_floor_spawned":[2,4,7,13,19,22,28,30,38],"ascension_level":13}