{"gold_per_floor":[119,119,119,194,194,194,20,32,79,79,105,24,59,33,33,106,106,126,51,51,61,61,61],"floor_reached":23,"playtime":720,"items_purged":[],"score":401,"play_id":"a1ae61df-2dc5-4d48-acd1-1e250570f518","local_time":"20190208121232","is_ascension_mode":true,"campfire_choices":[{"data":"Zap","floor":6,"key":"SMITH"},{"floor":10,"key":"REST"},{"floor":15,"key":"REST"}],"neow_cost":"NONE","seed_source_timestamp":174043966801000,"circlet_count":0,"master_deck":["AscendersBane","Defend_B","Defend_B","Defend_B","Defend_B","Zap+1","Dualcast","Coolheaded+1","Melter","Pain","Ball Lightning","Auto Shields+1","Self Repair","Barrage","Doom and Gloom","Biased Cognition","Darkness","Conserve Battery","Double Energy"],"relics":["Cracked Core","Potion Belt","WarpedTongs","PreservedInsect","War Paint","Whetstone","Dream Catcher","Inserter"],"potions_floor_usage":[11,13,21],"damage_taken":[{"damage":0,"enemies":"Small Slimes","floor":1,"turns":3},{"damage":14,"enemies":"2 Louse","floor":8,"turns":2},{"damage":16,"enemies":"3 Sentries","floor":11,"turns":5},{"damage":17,"enemies":"Gremlin Nob","floor":13,"turns":4},{"damage":2,"enemies":"Slime Boss","floor":16,"turns":7},{"damage":11,"enemies":"Spheric Guardian","floor":18,"turns":3},{"damage":40,"enemies":"2 Thieves","floor":21,"turns":3},{"damage":34,"enemies":"Colosseum Slavers","floor":22,"turns":5},{"damage":22,"enemies":"Gremlin Leader","floor":23,"turns":2}],"seed_played":"-2074318885941282313","potions_obtained":[{"floor":1,"key":"Energy Potion"},{"floor":8,"key":"Weak Potion"},{"floor":16,"key":"Explosive Potion"}],"is_trial":false,"path_per_floor":["M","?","$","?","?","R","$","M","T","R","E","$","E","$","R","B",null,"M","?","?","M","?","E"],"character_chosen":"DEFECT","items_purchased":["PreservedInsect","Ball Lightning","Self Repair","Barrage"],"campfire_rested":2,"item_purchase_floors":[7,7,12,14],"current_hp_per_floor":[68,65,65,54,54,54,54,40,40,62,46,46,29,29,51,59,71,67,67,67,37,13,0],"gold":61,"neow_bonus":"TRANSFORM_CARD","is_prod":false,"is_daily":false,"chose_seed":false,"campfire_upgraded":1,"win_rate":0,"timestamp":1549645952,"path_taken":["M","?","$","?","?","R","$","?","T","R","E","?","E","?","R","BOSS","M","?","?","M","?","E"],"build_version":"2019-02-06","purchased_purges":0,"victory":false,"max_hp_per_floor":[75,75,75,75,75,75,75,75,75,75,75,75,75,75,75,75,75,75,75,75,75,75,75],"card_choices":[{"not_picked":["Gash","Rebound"],"picked":"Melter","floor":1},{"not_picked":["Barrage","Streamline"],"picked":"Auto Shields","floor":8},{"not_picked":["Streamline","Stack","Auto Shields"],"picked":"SKIP","floor":11},{"not_picked":["Go for the Eyes","Turbo","Compile Driver"],"picked":"SKIP","floor":13},{"not_picked":["Undo","Hologram"],"picked":"Doom and Gloom","floor":15},{"not_picked":["Meteor Strike","Rainbow"],"picked":"Biased Cognition","floor":16},{"not_picked":["Redo","Reinforced Body+1"],"picked":"Darkness","floor":18},{"not_picked":["Hello World","Streamline","Beam Cell"],"picked":"SKIP","floor":21}],"player_experience":601577,"relics_obtained":[{"floor":9,"key":"War Paint"},{"floor":11,"key":"Whetstone"},{"floor":13,"key":"Dream Catcher"}],"event_choices":[{"damage_healed":0,"gold_gain":0,"player_choice":"Success","damage_taken":3,"relics_obtained":["Potion Belt"],"max_hp_gain":0,"max_hp_loss":0,"event_name":"Scrap Ooze","floor":2,"gold_loss":0},{"damage_healed":0,"gold_gain":75,"player_choice":"Gather Gold","damage_taken":11,"max_hp_gain":0,"max_hp_loss":0,"event_name":"World of Goop","floor":4,"gold_loss":0},{"damage_healed":0,"gold_gain":0,"player_choice":"Rummage","damage_taken":0,"relics_obtained":["WarpedTongs"],"max_hp_gain":0,"max_hp_loss":0,"event_name":"Accursed Blacksmith","floor":5,"gold_loss":0,"cards_obtained":["Pain"]},{"cards_removed":["Strike_B"],"damage_healed":0,"gold_gain":0,"player_choice":"Gave Gold","damage_taken":0,"max_hp_gain":0,"max_hp_loss":0,"event_name":"Beggar","floor":19,"gold_loss":75},{"damage_healed":0,"gold_gain":0,"cards_transformed":["Strike_B","Strike_B"],"player_choice":"Became Test Subject","damage_taken":0,"max_hp_gain":0,"max_hp_loss":0,"event_name":"Drug Dealer","floor":20,"gold_loss":0,"cards_obtained":["Conserve Battery","Double Energy"]},{"damage_healed":0,"gold_gain":0,"player_choice":"Fight","damage_taken":0,"max_hp_gain":0,"max_hp_loss":0,"event_name":"Colosseum","floor":22,"gold_loss":0},{"damage_healed":0,"gold_gain":0,"player_choice":"Fled From Nobs","damage_taken":0,"max_hp_gain":0,"max_hp_loss":0,"event_name":"Colosseum","floor":22,"gold_loss":0}],"is_beta":true,"boss_relics":[{"not_picked":["Lizard Tail","FrozenCore"],"picked":"Inserter"}],"items_purged_floors":[],"is_endless":false,"potions_floor_spawned":[1,8,16,22],"killed_by":"Gremlin Leader","ascension_level":13}