{"gold_per_floor":[117,133,146,146,26,26,57,74,74,23,23,34,52,66,66,141,141,153,173,185,185,196,196,216,216,216,141,141,152,52,52,52,126,126,136,151,151,163,2,2,34,34,34,34,53,0,0,0,0,0],"floor_reached":51,"playtime":2462,"items_purged":["Strike_G","Strike_G","Writhe"],"score":1129,"play_id":"e5737231-dd19-4820-91d5-020412d2f216","local_time":"20190209172532","is_ascension_mode":true,"campfire_choices":[{"data":"Deadly Poison","floor":6,"key":"SMITH"},{"floor":15,"key":"REST"},{"floor":23,"key":"REST"},{"floor":25,"key":"REST"},{"data":"Footwork","floor":28,"key":"SMITH"},{"floor":32,"key":"REST"},{"data":"Malaise","floor":40,"key":"SMITH"},{"data":"Footwork","floor":42,"key":"SMITH"},{"data":"Catalyst","floor":44,"key":"SMITH"},{"data":"Catalyst","floor":49,"key":"SMITH"}],"neow_cost":"NONE","seed_source_timestamp":277477879559400,"circlet_count":0,"master_deck":["AscendersBane","Defend_G","Defend_G","Defend_G","Defend_G","Defend_G+1","Survivor","Neutralize","Deadly Poison+1","Catalyst+1","Deflect","Poisoned Stab","All Out Attack","Footwork+1","Backflip","Footwork+1","Dodge and Roll","Deadly Poison+1","Malaise+1","Catalyst+1","Poisoned Stab","Glass Knife","Tools of the Trade","Blur","Deflect","Dodge and Roll","Malaise","Acrobatics","Well Laid Plans","Leg Sweep","Writhe","Backflip"],"relics":["Ring of the Snake","Matryoshka","Vajra","Pear","Sozu","War Paint","Thread and Needle","Cursed Key","Bottled Lightning","PreservedInsect","Red Mask"],"potions_floor_usage":[8,16,33],"damage_taken":[{"damage":0,"enemies":"2 Louse","floor":1,"turns":4},{"damage":0,"enemies":"Cultist","floor":2,"turns":4},{"damage":2,"enemies":"Small Slimes","floor":3,"turns":3},{"damage":54,"enemies":"Gremlin Nob","floor":7,"turns":5},{"damage":3,"enemies":"Exordium Thugs","floor":8,"turns":4},{"damage":7,"enemies":"3 Louse","floor":12,"turns":3},{"damage":1,"enemies":"Exordium Wildlife","floor":13,"turns":4},{"damage":7,"enemies":"Red Slaver","floor":14,"turns":5},{"damage":25,"enemies":"The Guardian","floor":16,"turns":8},{"damage":7,"enemies":"Spheric Guardian","floor":18,"turns":5},{"damage":6,"enemies":"3 Byrds","floor":19,"turns":6},{"damage":10,"enemies":"Centurion and Healer","floor":20,"turns":7},{"damage":28,"enemies":"Sentry and Sphere","floor":22,"turns":6},{"damage":17,"enemies":"Snake Plant","floor":24,"turns":6},{"damage":0,"enemies":"Centurion and Healer","floor":29,"turns":8},{"damage":2,"enemies":"Colosseum Slavers","floor":31,"turns":7},{"damage":76,"enemies":"Collector","floor":33,"turns":7},{"damage":39,"enemies":"3 Darklings","floor":35,"turns":7},{"damage":0,"enemies":"Orb Walker","floor":36,"turns":3},{"damage":9,"enemies":"Writhing Mass","floor":38,"turns":8},{"damage":0,"enemies":"Nemesis","floor":41,"turns":11},{"damage":0,"enemies":"3 Darklings","floor":45,"turns":8},{"damage":39,"enemies":"Donu and Deca","floor":50,"turns":18}],"seed_played":"300693113234520854","potions_obtained":[{"floor":7,"key":"Block Potion"},{"floor":12,"key":"Poison Potion"},{"floor":13,"key":"SneckoOil"}],"is_trial":false,"path_per_floor":["M","M","M","?","$","R","E","M","T","$","?","M","M","M","R","B",null,"M","M","M","?","M","R","M","R","T","?","R","M","$","?","R","B",null,"M","M","?","M","$","R","E","R","T","R","M","?","$","?","R","B",null],"character_chosen":"THE_SILENT","items_purchased":["Poisoned Stab","Backflip","Well Laid Plans"],"campfire_rested":4,"item_purchase_floors":[5,10,39],"current_hp_per_floor":[63,63,61,80,80,80,26,23,33,33,24,17,16,9,36,11,70,63,57,47,47,19,46,29,56,56,56,56,56,56,54,81,5,69,30,30,53,44,44,44,44,44,44,44,44,44,44,79,79,40],"gold":0,"neow_bonus":"ONE_RANDOM_RARE_CARD","is_prod":false,"is_daily":false,"chose_seed":false,"campfire_upgraded":6,"win_rate":0,"timestamp":1549751132,"path_taken":["M","M","M","?","$","R","E","?","T","?","?","M","M","M","R","BOSS","M","M","M","?","M","R","M","R","T","?","R","?","?","?","R","BOSS","M","M","?","M","$","R","E","R","T","R","M","?","$","?","R","BOSS"],"build_version":"2019-02-06","purchased_purges":3,"victory":true,"max_hp_per_floor":[70,70,70,80,80,80,80,80,90,90,90,90,90,90,90,90,90,90,90,90,90,90,90,90,90,90,90,90,90,90,90,90,90,90,90,90,90,90,90,90,90,90,90,90,90,90,90,79,79,79],"card_choices":[{"not_picked":["Outmaneuver","PiercingWail"],"picked":"Deadly Poison","floor":1},{"not_picked":["Poisoned Stab","Sucker Punch"],"picked":"Catalyst","floor":2},{"not_picked":["Slice","Concentrate"],"picked":"Deflect","floor":3},{"not_picked":["Slice","Expertise"],"picked":"All Out Attack","floor":7},{"not_picked":["Wraith Form v2","Sucker Punch"],"picked":"Footwork","floor":8},{"not_picked":["Dagger Spray","Acrobatics"],"picked":"Footwork","floor":12},{"not_picked":["Acrobatics","Slice"],"picked":"Dodge and Roll","floor":13},{"not_picked":["All Out Attack","Underhanded Strike"],"picked":"Deadly Poison","floor":14},{"not_picked":["After Image","Die Die Die"],"picked":"Malaise","floor":16},{"not_picked":["Finisher","Predator","Dash"],"picked":"SKIP","floor":18},{"not_picked":["Sucker Punch","Cloak And Dagger"],"picked":"Catalyst","floor":19},{"not_picked":["Quick Slash","Acrobatics"],"picked":"Poisoned Stab","floor":20},{"not_picked":["Flying Knee","Outmaneuver"],"picked":"Blur","floor":22},{"not_picked":["Envenom","Dagger Spray"],"picked":"Deflect","floor":24},{"not_picked":["Slice","Terror+1"],"picked":"Dodge and Roll","floor":29},{"not_picked":["Grand Finale","After Image"],"picked":"Malaise","floor":33},{"not_picked":["Dagger Spray","Outmaneuver","Quick Slash"],"picked":"SKIP","floor":35},{"not_picked":["Infinite Blades","Outmaneuver"],"picked":"Acrobatics","floor":36},{"not_picked":["Sucker Punch","Caltrops","Finisher"],"picked":"SKIP","floor":38},{"not_picked":["Sucker Punch","Underhanded Strike"],"picked":"Leg Sweep","floor":41},{"not_picked":["Poisoned Stab","Acrobatics"],"picked":"Backflip","floor":45}],"player_experience":603822,"relics_obtained":[{"floor":7,"key":"Matryoshka"},{"floor":9,"key":"Vajra"},{"floor":9,"key":"Pear"},{"floor":26,"key":"War Paint"},{"floor":26,"key":"Thread and Needle"},{"floor":41,"key":"Bottled Lightning"},{"floor":43,"key":"PreservedInsect"}],"event_choices":[{"cards_removed":["Phantasmal Killer"],"damage_healed":9,"gold_gain":0,"player_choice":"Offered Rare","damage_taken":0,"max_hp_gain":10,"max_hp_loss":0,"event_name":"Bonfire Elementals","floor":4,"gold_loss":0},{"damage_healed":0,"gold_gain":0,"player_choice":"Damaged","damage_taken":9,"max_hp_gain":0,"max_hp_loss":0,"event_name":"Wheel of Change","floor":11,"gold_loss":0},{"damage_healed":0,"gold_gain":0,"cards_transformed":["Strike_G","Strike_G"],"player_choice":"Became Test Subject","damage_taken":0,"max_hp_gain":0,"max_hp_loss":0,"event_name":"Drug Dealer","floor":21,"gold_loss":0,"cards_obtained":["Glass Knife","Tools of the Trade"]},{"cards_removed":["Strike_G"],"damage_healed":0,"gold_gain":0,"player_choice":"Gave Gold","damage_taken":0,"max_hp_gain":0,"max_hp_loss":0,"event_name":"Beggar","floor":27,"gold_loss":75},{"damage_healed":0,"gold_gain":0,"player_choice":"Fight","damage_taken":0,"max_hp_gain":0,"max_hp_loss":0,"event_name":"Colosseum","floor":31,"gold_loss":0},{"damage_healed":0,"gold_gain":0,"player_choice":"Fled From Nobs","damage_taken":0,"max_hp_gain":0,"max_hp_loss":0,"event_name":"Colosseum","floor":31,"gold_loss":0},{"damage_healed":23,"gold_gain":0,"player_choice":"Writhe","damage_taken":0,"max_hp_gain":0,"max_hp_loss":0,"event_name":"Winding Halls","floor":37,"gold_loss":0,"cards_obtained":["Writhe"]},{"damage_healed":0,"gold_gain":0,"player_choice":"Paid","damage_taken":0,"relics_obtained":["Red Mask"],"max_hp_gain":0,"max_hp_loss":0,"event_name":"Tomb of Lord Red Mask","floor":46,"gold_loss":53},{"damage_healed":79,"gold_gain":0,"player_choice":"Heal","damage_taken":0,"max_hp_gain":0,"max_hp_loss":11,"event_name":"The Moai Head","floor":48,"gold_loss":0}],"is_beta":true,"boss_relics":[{"not_picked":["Calling Bell","HoveringKite"],"picked":"Sozu"},{"not_picked":["Runic Pyramid","Snecko Eye"],"picked":"Cursed Key"}],"items_purged_floors":[5,30,39],"is_endless":false,"potions_floor_spawned":[7,12,13,19,22,24,29,31,36,38],"ascension_level":13}