{"gold_per_floor":[114,114,114,130,149,177,177,177,177,142,154,26,59,75,75,170,170,185,30,47,60,76,76,91,120,120,120,131,141,241,241,241,340,340,350,350,5,22,32,64,74,109,109,119,56,73,73,88,88,88],"floor_reached":51,"playtime":6326,"items_purged":["Regret"],"score":831,"play_id":"2ad4923f-6a24-49af-9158-f8cce072a70f","local_time":"20190525183942","is_ascension_mode":true,"campfire_choices":[{"floor":7.0,"key":"REST"},{"data":"Footwork","floor":15.0,"key":"SMITH"},{"floor":23,"key":"REST"},{"floor":27,"key":"REST"},{"floor":32,"key":"REST"},{"data":"Noxious Fumes","floor":49,"key":"SMITH"}],"neow_cost":"NONE","seed_source_timestamp":505100797581568,"circlet_count":0,"master_deck":["Defend_G","Defend_G","Defend_G","Defend_G","Defend_G","Strike_G","Strike_G","Strike_G","Strike_G","Survivor","Neutralize+1","Noxious Fumes","Noxious Fumes+1","Escape Plan","Well Laid Plans","Footwork+1","Flying Knee","Skewer+1","Backstab+1","Venomology","PiercingWail","Cloak And Dagger","Footwork","Backflip","Dodge and Roll","Leg Sweep","Crippling Poison+1","Dash+1","Necronomicurse","A Thousand Cuts","Choke+1","Footwork+1","Escape Plan","Blur"],"special_seed":0,"relics":["Ring of the Snake","Blue Candle","PreservedInsect","Thread and Needle","Paper Crane","Molten Egg 2","White Beast Statue","Lantern","Bag of Marbles","The Courier","Turnip","Singing Bowl","Necronomicon","Eternal Feather","Potion Belt","Toy Ornithopter","Du-Vu Doll","Centennial Puzzle","Mercury Hourglass"],"potions_floor_usage":[18,20,21,22,22,24,24,25,25,28,29,30,30,30,33,33,33,35,35,39,39,40,40,40,40,42,42,42,44,44,48,50,50,50,50],"damage_taken":[{"damage":0.0,"enemies":"Jaw Worm","floor":1.0,"turns":6.0},{"damage":0.0,"enemies":"2 Louse","floor":4.0,"turns":3.0},{"damage":0.0,"enemies":"Cultist","floor":5.0,"turns":5.0},{"damage":27.0,"enemies":"Gremlin Nob","floor":6.0,"turns":5.0},{"damage":1.0,"enemies":"Exordium Wildlife","floor":11.0,"turns":7.0},{"damage":9.0,"enemies":"3 Sentries","floor":13.0,"turns":6.0},{"damage":1.0,"enemies":"Large Slime","floor":14.0,"turns":6.0},{"damage":1.0,"enemies":"Hexaghost","floor":16.0,"turns":10.0},{"damage":21,"enemies":"2 Thieves","floor":18,"turns":5},{"damage":1,"enemies":"Shell Parasite","floor":20,"turns":7},{"damage":10,"enemies":"Cultist and Chosen","floor":21,"turns":7},{"damage":7,"enemies":"Sentry and Sphere","floor":22,"turns":6},{"damage":2,"enemies":"Snake Plant","floor":24,"turns":7},{"damage":19,"enemies":"Gremlin Leader","floor":25,"turns":10},{"damage":1,"enemies":"Cultist and Chosen","floor":28,"turns":8},{"damage":7,"enemies":"Chosen and Byrds","floor":29,"turns":5},{"damage":5,"enemies":"Colosseum Slavers","floor":30,"turns":4},{"damage":0,"enemies":"Colosseum Nobs","floor":30,"turns":3},{"damage":17,"enemies":"Collector","floor":33,"turns":12},{"damage":1,"enemies":"3 Darklings","floor":35,"turns":7},{"damage":0,"enemies":"3 Shapes","floor":38,"turns":5},{"damage":23,"enemies":"Sphere and 2 Shapes","floor":39,"turns":6},{"damage":0,"enemies":"Reptomancer","floor":40,"turns":7},{"damage":14,"enemies":"4 Shapes","floor":41,"turns":6},{"damage":45,"enemies":"Giant Head","floor":42,"turns":12},{"damage":11,"enemies":"Transient","floor":44,"turns":5},{"damage":0,"enemies":"Spire Growth","floor":46,"turns":4},{"damage":14,"enemies":"4 Shapes","floor":48,"turns":5},{"damage":10,"enemies":"Awakened One","floor":50,"turns":20}],"seed_played":"7828056823066960277","potions_obtained":[{"floor":1.0,"key":"Poison Potion"},{"floor":11.0,"key":"SkillPotion"},{"floor":14.0,"key":"Regen Potion"},{"floor":18,"key":"Dexterity Potion"},{"floor":20,"key":"Strength Potion"},{"floor":22,"key":"AttackPotion"},{"floor":24,"key":"Energy Potion"},{"floor":25,"key":"LiquidBronze"},{"floor":28,"key":"FairyPotion"},{"floor":29,"key":"AttackPotion"},{"floor":30,"key":"Ancient Potion"},{"floor":33,"key":"SkillPotion"},{"floor":35,"key":"SpeedPotion"},{"floor":38,"key":"GhostInAJar"},{"floor":39,"key":"GhostInAJar"},{"floor":40,"key":"SpeedPotion"},{"floor":41,"key":"Fruit Juice"},{"floor":42,"key":"Fire Potion"},{"floor":44,"key":"Swift Potion"},{"floor":46,"key":"Ancient Potion"},{"floor":48,"key":"FearPotion"}],"is_trial":false,"path_per_floor":["M","?","$","M","M","E","R","?","T","?","M","$","E","M","R","B",null,"M","$","M","M","M","R","M","E","T","R","M","M","?","?","R","B",null,"M","?","$","M","M","E","M","E","T","M","$","M","?","M","R","B",null],"character_chosen":"THE_SILENT","items_purchased":["Footwork","Flying Knee","Lantern","Potion Belt","Toy Ornithopter","Blur"],"campfire_rested":4,"item_purchase_floors":[12,12,19,37,37,45],"current_hp_per_floor":[70,37,37,37,37,10,31,31,31,48,47,47,38,37,37,51,70,49,49,48,38,31,52,50,31,31,52,51,44,39,23,44,27,70,69,69,69,71,58,74,62,37,37,38,38,40,40,48,66,76],"gold":88,"neow_bonus":"UPGRADE_CARD","is_prod":false,"is_daily":false,"chose_seed":false,"campfire_upgraded":2,"win_rate":0,"timestamp":1558798782,"path_taken":["M","?","$","M","M","E","R","?","T","?","M","$","E","M","R","BOSS","M","$","M","M","M","R","M","E","T","R","M","M","?","?","R","BOSS","M","?","$","M","M","E","M","E","T","M","$","?","?","M","R","BOSS"],"build_version":"2019-01-23","purchased_purges":1,"victory":true,"max_hp_per_floor":[70,70,70,70,70,70,70,70,70,70,70,70,70,70,70,70,70,70,70,70,70,70,70,70,70,70,70,70,70,70,70,70,70,70,70,70,70,72,72,74,76,81,81,83,83,85,85,87,87,87],"card_choices":[{"not_picked":["Accuracy","Concentrate","Deflect"],"picked":"SKIP","floor":1.0},{"not_picked":["Predator","Skewer"],"picked":"Noxious Fumes","floor":4.0},{"not_picked":["Endless Agony","Deflect"],"picked":"Noxious Fumes","floor":5.0},{"not_picked":["Expertise","Calculated Gamble"],"picked":"Escape Plan","floor":6.0},{"not_picked":["Outmaneuver","Acrobatics"],"picked":"Well Laid Plans","floor":11.0},{"not_picked":["Reflex","Sucker Punch"],"picked":"Skewer","floor":13.0},{"not_picked":["Bullet Time","Dagger Spray+1"],"picked":"Backstab+1","floor":14.0},{"not_picked":["Bullet Time","Storm of Steel"],"picked":"Venomology","floor":16.0},{"not_picked":["Eviscerate+1","Deflect"],"picked":"PiercingWail","floor":18},{"not_picked":["Flechettes+1","Calculated Gamble"],"picked":"Cloak And Dagger","floor":20},{"not_picked":["Concentrate+1","Accuracy"],"picked":"Footwork","floor":21},{"not_picked":["Dagger Spray+1","Prepared"],"picked":"Backflip","floor":22},{"not_picked":["Cloak And Dagger+1","Backflip"],"picked":"Dodge and Roll","floor":24},{"not_picked":["Well Laid Plans","Catalyst"],"picked":"Leg Sweep","floor":25},{"not_picked":["Doppelganger","Eviscerate+1"],"picked":"Crippling Poison+1","floor":28},{"not_picked":["Concentrate","Poisoned Stab+1","Slice+1"],"picked":"SKIP","floor":29},{"not_picked":["Backstab+1","Dodge and Roll"],"picked":"Dash+1","floor":30},{"not_picked":["Grand Finale+1","Envenom"],"picked":"A Thousand Cuts","floor":33},{"not_picked":["Dagger Spray+1","Bane+1"],"picked":"Choke+1","floor":35},{"not_picked":["Well Laid Plans+1","Poisoned Stab+1","Outmaneuver+1"],"picked":"Singing Bowl","floor":38},{"not_picked":["Noxious Fumes+1","All Out Attack+1"],"picked":"Footwork+1","floor":39},{"not_picked":["Finisher+1","Bane+1","Noxious Fumes+1"],"picked":"Singing Bowl","floor":40},{"not_picked":["Distraction+1","Deflect+1","Noxious Fumes+1"],"picked":"Singing Bowl","floor":41},{"not_picked":["Finisher+1","Well Laid Plans"],"picked":"Escape Plan","floor":42},{"not_picked":["Cloak And Dagger","Endless Agony+1","Sucker Punch+1"],"picked":"Singing Bowl","floor":44},{"not_picked":["Envenom","Cloak And Dagger+1","Dagger Throw+1"],"picked":"Singing Bowl","floor":46},{"not_picked":["Dagger Throw+1","PiercingWail","Backflip"],"picked":"Singing Bowl","floor":48}],"player_experience":824878,"relics_obtained":[{"floor":6.0,"key":"PreservedInsect"},{"floor":9.0,"key":"Paper Crane"},{"floor":13.0,"key":"Molten Egg 2"},{"floor":25,"key":"Bag of Marbles"},{"floor":26,"key":"The Courier"},{"floor":30,"key":"Turnip"},{"floor":30,"key":"Singing Bowl"},{"floor":31,"key":"Necronomicon"},{"floor":40,"key":"Du-Vu Doll"},{"floor":42,"key":"Centennial Puzzle"},{"floor":43,"key":"Mercury Hourglass"}],"event_choices":[{"damage_healed":0.0,"max_hp_gain":0.0,"max_hp_loss":0.0,"gold_gain":0.0,"event_name":"Scrap Ooze","player_choice":"Success","floor":2.0,"gold_loss":0.0,"damage_taken":33.0,"relics_obtained":["Blue Candle"]},{"damage_healed":0.0,"max_hp_gain":0.0,"max_hp_loss":0.0,"gold_gain":0.0,"event_name":"Big Fish","player_choice":"Box","floor":8.0,"gold_loss":0.0,"damage_taken":0.0,"relics_obtained":["Thread and Needle"],"cards_obtained":["Regret"]},{"damage_healed":17.0,"max_hp_gain":0.0,"max_hp_loss":0.0,"gold_gain":0.0,"event_name":"The Cleric","player_choice":"Healed","floor":10.0,"gold_loss":35.0,"damage_taken":0.0},{"damage_healed":0,"gold_gain":0,"player_choice":"Fight","damage_taken":0,"max_hp_gain":0,"max_hp_loss":0,"event_name":"Colosseum","floor":30,"gold_loss":0},{"damage_healed":0,"gold_gain":0,"player_choice":"Fought Nobs","damage_taken":0,"max_hp_gain":0,"max_hp_loss":0,"event_name":"Colosseum","floor":30,"gold_loss":0},{"damage_healed":0,"gold_gain":0,"player_choice":"Obtained Book","damage_taken":16,"max_hp_gain":0,"max_hp_loss":0,"event_name":"Cursed Tome","floor":31,"gold_loss":0},{"damage_healed":0,"gold_gain":0,"player_choice":"Bought 0 Potions","damage_taken":0,"max_hp_gain":0,"max_hp_loss":0,"event_name":"The Woman in Blue","floor":36,"gold_loss":0},{"cards_removed":["Strike_G"],"damage_healed":0,"gold_gain":0,"player_choice":"Removed Attack","damage_taken":0,"max_hp_gain":0,"max_hp_loss":0,"event_name":"Falling","floor":47,"gold_loss":0}],"is_beta":false,"boss_relics":[{"not_picked":["Velvet Choker","Runic Pyramid"],"picked":"White Beast Statue"},{"not_picked":["Philosopher\u0027s Stone","Astrolabe"],"picked":"Eternal Feather"}],"items_purged_floors":[37],"is_endless":false,"potions_floor_spawned":[1,11,14,18,20,21,22,24,25,28,29,30,30,33,35,38,39,40,41,42,44,46,48],"ascension_level":1}