{"gold_per_floor":[115,190,190,208,225,225,235,245,245,260,260,210,210,47,47,144,144,160,171,96,112,130,130],"floor_reached":23,"playtime":1096,"items_purged":["Strike_G"],"score":241,"play_id":"52283946-0c49-44df-a80e-6b1be002c217","local_time":"20190312141312","is_ascension_mode":true,"campfire_choices":[{"data":"Sucker Punch","floor":6,"key":"SMITH"},{"data":"Noxious Fumes","floor":11,"key":"SMITH"},{"floor":15,"key":"REST"}],"neow_cost":"NONE","seed_source_timestamp":529364651715345,"circlet_count":0,"master_deck":["Defend_G","Defend_G","Defend_G","Defend_G","Defend_G","Survivor","Neutralize","Sucker Punch+1","Deflect","Terror","Noxious Fumes+1","Bane","Sadistic Nature","Envenom","Cloak And Dagger+1","Setup+1","Catalyst+1"],"relics":["Ring of the Snake","Bottled Tornado","Empty Cage"],"potions_floor_usage":[8,18,19,22,22],"damage_taken":[{"damage":0,"enemies":"Cultist","floor":1,"turns":4},{"damage":0,"enemies":"Small Slimes","floor":4,"turns":3},{"damage":4,"enemies":"Jaw Worm","floor":5,"turns":4},{"damage":13,"enemies":"Lots of Slimes","floor":7,"turns":6},{"damage":9,"enemies":"Exordium Thugs","floor":8,"turns":7},{"damage":1,"enemies":"Looter","floor":10,"turns":4},{"damage":22,"enemies":"The Guardian","floor":16,"turns":10},{"damage":13,"enemies":"3 Byrds","floor":18,"turns":5},{"damage":11,"enemies":"Chosen","floor":19,"turns":6},{"damage":13,"enemies":"Snake Plant","floor":21,"turns":4},{"damage":9,"enemies":"Cultist and Chosen","floor":22,"turns":6},{"damage":28,"enemies":"Slavers","floor":23,"turns":1}],"seed_played":"4061051076031216533","potions_obtained":[{"floor":1,"key":"SpeedPotion"},{"floor":5,"key":"GamblersBrew"},{"floor":8,"key":"Swift Potion"},{"floor":10,"key":"Explosive Potion"},{"floor":21,"key":"Swift Potion"},{"floor":22,"key":"FearPotion"}],"is_trial":false,"path_per_floor":["M","?","$","M","M","R","M","M","T","M","R","?","?","$","R","B",null,"M","M","$","M","M","E"],"character_chosen":"THE_SILENT","items_purchased":["Sadistic Nature"],"campfire_rested":1,"item_purchase_floors":[14],"current_hp_per_floor":[70,59,59,59,55,55,42,33,33,32,32,32,25,25,48,26,64,51,40,40,27,18,0],"gold":130,"neow_bonus":"TEN_PERCENT_HP_BONUS","is_prod":false,"is_daily":false,"chose_seed":false,"campfire_upgraded":2,"win_rate":0,"timestamp":1552425192,"path_taken":["M","?","$","M","M","R","M","M","T","M","R","?","?","?","R","BOSS","M","M","$","M","?","E"],"build_version":"2019-01-23","purchased_purges":1,"victory":false,"max_hp_per_floor":[77,77,77,77,77,77,77,77,77,77,77,77,77,77,77,77,77,77,77,77,77,77,77],"card_choices":[{"not_picked":["Outmaneuver","Poisoned Stab"],"picked":"Sucker Punch","floor":1},{"not_picked":["Catalyst","Expertise"],"picked":"Deflect","floor":4},{"not_picked":["Endless Agony","All Out Attack"],"picked":"Terror","floor":5},{"not_picked":["Sucker Punch","Poisoned Stab"],"picked":"Noxious Fumes","floor":7},{"not_picked":["Outmaneuver","Cloak And Dagger","Backstab"],"picked":"SKIP","floor":8},{"not_picked":["Expertise","Underhanded Strike"],"picked":"Bane","floor":10},{"not_picked":["Wraith Form v2","A Thousand Cuts"],"picked":"Envenom","floor":16},{"not_picked":["Deadly Poison+1","Poisoned Stab"],"picked":"Cloak And Dagger+1","floor":18},{"not_picked":["Deadly Poison","Eviscerate","Underhanded Strike+1"],"picked":"SKIP","floor":19},{"not_picked":["Doppelganger","Calculated Gamble"],"picked":"Setup+1","floor":21},{"not_picked":["Setup+1","Poisoned Stab+1"],"picked":"Catalyst+1","floor":22}],"player_experience":699935,"relics_obtained":[{"floor":9,"key":"Bottled Tornado"}],"event_choices":[{"damage_healed":0,"gold_gain":75,"player_choice":"Gather Gold","damage_taken":11,"max_hp_gain":0,"max_hp_loss":0,"event_name":"World of Goop","floor":2,"gold_loss":0},{"cards_removed":["Strike_G"],"damage_healed":0,"gold_gain":0,"player_choice":"Card Removal","damage_taken":0,"max_hp_gain":0,"max_hp_loss":0,"event_name":"The Cleric","floor":12,"gold_loss":50},{"cards_removed":["Strike_G"],"damage_healed":0,"gold_gain":0,"player_choice":"Card Removal","damage_taken":7,"max_hp_gain":0,"max_hp_loss":0,"event_name":"Golden Wing","floor":13,"gold_loss":0}],"is_beta":false,"boss_relics":[{"not_picked":["Orrery","Calling Bell"],"picked":"Empty Cage"}],"items_purged_floors":[20],"is_endless":false,"potions_floor_spawned":[1,5,8,10,21,22],"killed_by":"Slavers","ascension_level":6}