{"gold_per_floor":[115,133,143,0,0,0,0,34,34,67,87,104,118,131,131,231,231,244,263,94,113,113,144,144,160,242,50,79,91,111,127,127,127],"floor_reached":33,"playtime":1376,"items_purged":["Strike_B","Defend_B","Strike_B"],"score":358,"play_id":"927ec73c-f5dd-4d6a-bd53-ea7f47d7a237","local_time":"20190502203103","is_ascension_mode":true,"campfire_choices":[{"data":"Zap","floor":6,"key":"SMITH"},{"floor":15,"key":"REST"},{"floor":24,"key":"RECALL"},{"floor":32,"key":"REST"}],"neow_cost":"NONE","seed_source_timestamp":851179987726800,"circlet_count":0,"master_deck":["Strike_B","Defend_B","Defend_B","Zap+1","Dualcast","Consume","Storm","Electrodynamics","Defragment","Chill","Biased Cognition","Recycle+1","Self Repair","Capacitor","Self Repair","Loop","Heatsinks"],"relics":["Cracked Core","NeowsBlessing","Mummified Hand","Singing Bowl","Sozu","Sundial","Ornamental Fan","Gambling Chip"],"potions_floor_usage":[10,16,28,33],"damage_taken":[{"damage":0,"enemies":"Cultist","floor":1,"turns":1},{"damage":0,"enemies":"Jaw Worm","floor":2,"turns":1},{"damage":0,"enemies":"2 Louse","floor":3,"turns":1},{"damage":13,"enemies":"3 Sentries","floor":8,"turns":3},{"damage":12,"enemies":"Gremlin Nob","floor":10,"turns":3},{"damage":9,"enemies":"Red Slaver","floor":11,"turns":2},{"damage":15,"enemies":"Gremlin Gang","floor":12,"turns":2},{"damage":17,"enemies":"Lots of Slimes","floor":13,"turns":2},{"damage":11,"enemies":"Looter","floor":14,"turns":2},{"damage":13,"enemies":"Slime Boss","floor":16,"turns":7},{"damage":12,"enemies":"2 Thieves","floor":18,"turns":2},{"damage":3,"enemies":"Shell Parasite","floor":19,"turns":3},{"damage":7,"enemies":"Cultist and Chosen","floor":21,"turns":4},{"damage":24,"enemies":"Slavers","floor":23,"turns":2},{"damage":16,"enemies":"Snake Plant","floor":25,"turns":3},{"damage":16,"enemies":"Gremlin Leader","floor":28,"turns":4},{"damage":10,"enemies":"Snecko","floor":29,"turns":4},{"damage":39,"enemies":"Shelled Parasite and Fungi","floor":30,"turns":4},{"damage":18,"enemies":"Chosen and Byrds","floor":31,"turns":3},{"damage":64,"enemies":"Champ","floor":33,"turns":7}],"seed_played":"-6785031138595726122","potions_obtained":[{"floor":1,"key":"PowerPotion"},{"floor":8,"key":"FocusPotion"},{"floor":10,"key":"Ancient Potion"},{"floor":14,"key":"Dexterity Potion"},{"floor":16,"key":"Poison Potion"}],"is_trial":false,"path_per_floor":["M","M","M","$","?","R","?","E","T","E","M","M","M","M","R","B",null,"M","M","$","M","?","E","R","M","T","$","E","M","M","M","R","B"],"character_chosen":"DEFECT","items_purchased":["Storm","Self Repair","Self Repair"],"campfire_rested":2,"item_purchase_floors":[4,20,27],"current_hp_per_floor":[75,75,75,75,75,75,75,62,62,50,43,28,13,4,28,15,81,71,68,68,70,70,55,55,48,48,48,46,52,29,25,52,0],"gold":127,"neow_bonus":"THREE_ENEMY_KILL","is_prod":false,"is_daily":false,"chose_seed":false,"campfire_upgraded":1,"win_rate":0,"timestamp":1556843463,"path_taken":["M","?","M","$","?","R","?","E","T","E","?","M","?","?","R","BOSS","M","M","$","?","?","E","R","M","T","$","E","M","M","M","R","BOSS"],"build_version":"2019-01-23","purchased_purges":3,"victory":false,"max_hp_per_floor":[75,75,75,75,75,75,75,75,75,75,77,77,79,81,81,81,81,83,83,83,85,85,87,87,89,89,89,89,91,93,93,93,93],"card_choices":[{"not_picked":["Leap","Sweeping Beam"],"picked":"Consume","floor":1},{"not_picked":["Barrage","Ball Lightning","Go for the Eyes"],"picked":"SKIP","floor":2},{"not_picked":["Beam Cell","Turbo","Lockon"],"picked":"SKIP","floor":3},{"not_picked":["Rebound","Auto Shields","Reprogram"],"picked":"SKIP","floor":8},{"not_picked":["Darkness","Streamline"],"picked":"Defragment","floor":10},{"not_picked":["Ball Lightning","Sweeping Beam","Leap"],"picked":"Singing Bowl","floor":11},{"not_picked":["Rebound","Sweeping Beam"],"picked":"Chill","floor":12},{"not_picked":["Skim","Static Discharge","Darkness"],"picked":"Singing Bowl","floor":13},{"not_picked":["Cold Snap","Ball Lightning","Streamline"],"picked":"Singing Bowl","floor":14},{"not_picked":["Meteor Strike","Rainbow"],"picked":"Biased Cognition","floor":16},{"not_picked":["Coolheaded","Go for the Eyes","Sweeping Beam"],"picked":"Singing Bowl","floor":18},{"not_picked":["Redo","Go for the Eyes"],"picked":"Recycle+1","floor":19},{"not_picked":["Thunder Strike","Hello World+1","Gash"],"picked":"Singing Bowl","floor":21},{"not_picked":["Ball Lightning+1","Hyperbeam","Barrage"],"picked":"Singing Bowl","floor":23},{"not_picked":["Compile Driver+1","Leap","Rebound"],"picked":"Singing Bowl","floor":25},{"not_picked":["Steam","Streamline"],"picked":"Loop","floor":28},{"not_picked":["Conserve Battery+1","Steam","Go for the Eyes"],"picked":"Singing Bowl","floor":29},{"not_picked":["Streamline","FTL+1","Barrage"],"picked":"Singing Bowl","floor":30},{"not_picked":["Skim","Gash"],"picked":"Heatsinks","floor":31}],"player_experience":233479,"relics_obtained":[{"floor":8,"key":"Mummified Hand"},{"floor":10,"key":"Singing Bowl"},{"floor":23,"key":"Sundial"},{"floor":26,"key":"Ornamental Fan"},{"floor":28,"key":"Gambling Chip"}],"event_choices":[{"cards_removed":["Strike_B"],"damage_healed":0,"gold_gain":0,"player_choice":"Forget","damage_taken":0,"max_hp_gain":0,"max_hp_loss":0,"event_name":"Living Wall","floor":5,"gold_loss":0},{"damage_healed":0,"gold_gain":0,"cards_transformed":["Defend_B"],"player_choice":"Transformed","damage_taken":0,"max_hp_gain":0,"max_hp_loss":0,"event_name":"Transmorgrifier","floor":7,"gold_loss":0,"cards_obtained":["Electrodynamics"]},{"damage_healed":0,"gold_gain":0,"player_choice":"Read","damage_taken":0,"max_hp_gain":0,"max_hp_loss":0,"event_name":"The Library","floor":22,"gold_loss":0,"cards_obtained":["Capacitor"]}],"is_beta":false,"boss_relics":[{"not_picked":["Runic Dome","White Beast Statue"],"picked":"Sozu"}],"items_purged_floors":[4,20,27],"is_endless":false,"potions_floor_spawned":[1,8,10,14,16,21,23,29,31],"killed_by":"Champ","ascension_level":2}