{"gold_per_floor":[114,114,133,58,58,58,74,74,127,167,242,267,267,283,283,411,411,436,162,182,182,182,216,216,235,235,235,266,266,266,285,285,414,414,427,427,131,154,154,154,193,193,193,44,44,65,65,90,90,90],"floor_reached":51,"playtime":4512,"items_purged":["Doubt","Strike_B"],"score":661,"play_id":"6018cec7-98a7-47b9-81b3-608bc152b239","local_time":"20190519234819","is_ascension_mode":false,"campfire_choices":[{"data":"Zap","floor":6,"key":"SMITH"},{"floor":8,"key":"REST"},{"floor":13,"key":"REST"},{"data":"Loop","floor":15,"key":"SMITH"},{"floor":24,"key":"REST"},{"floor":27,"key":"REST"},{"data":"Echo Form","floor":29,"key":"SMITH"},{"floor":32,"key":"REST"},{"data":"Buffer","floor":40,"key":"SMITH"},{"floor":42,"key":"REST"},{"data":"Double Energy","floor":45,"key":"SMITH"},{"data":"Metamorphosis","floor":47,"key":"SMITH"},{"floor":49,"key":"REST"}],"neow_cost":"CURSE","seed_source_timestamp":133898544264191,"circlet_count":0,"master_deck":["Strike_B","Strike_B","Defend_B","Defend_B","Defend_B","Defend_B","Zap+1","Dualcast","Ball Lightning","Hologram","Loop+1","Beam Cell","Ball Lightning","Capacitor","Echo Form+1","Beam Cell+1","Steam","Hello World+1","Consume+1","Coolheaded","Static Discharge+1","Cold Snap+1","Double Energy+1","Buffer+1","Loop+1","Metamorphosis+1","Redo+1","Chaos+1","Go for the Eyes+1"],"relics":["Cracked Core","Unceasing Top","Golden Idol","Regal Pillow","WingedGreaves","Black Star","Vajra","Dream Catcher","FossilizedHelix","Potion Belt","Centennial Puzzle","Bag of Preparation","Nuclear Battery","Nunchaku","Ginger","Sundial","Molten Egg 2","Pen Nib"],"potions_floor_usage":[16,23,23,23,28,41,50],"damage_taken":[{"damage":0,"enemies":"Small Slimes","floor":1,"turns":2},{"damage":0,"enemies":"2 Louse","floor":3,"turns":1},{"damage":3,"enemies":"Jaw Worm","floor":7,"turns":3},{"damage":28,"enemies":"Gremlin Nob","floor":10,"turns":4},{"damage":12,"enemies":"Exordium Thugs","floor":12,"turns":3},{"damage":2,"enemies":"3 Louse","floor":14,"turns":2},{"damage":32,"enemies":"Hexaghost","floor":16,"turns":9},{"damage":22,"enemies":"Spheric Guardian","floor":18,"turns":4},{"damage":14,"enemies":"Shell Parasite","floor":20,"turns":4},{"damage":22,"enemies":"Gremlin Leader","floor":23,"turns":5},{"damage":1,"enemies":"Snecko","floor":25,"turns":4},{"damage":21,"enemies":"Book of Stabbing","floor":28,"turns":4},{"damage":33,"enemies":"Colosseum Slavers","floor":30,"turns":3},{"damage":9,"enemies":"Shelled Parasite and Fungi","floor":31,"turns":5},{"damage":40,"enemies":"Collector","floor":33,"turns":11},{"damage":2,"enemies":"Orb Walker","floor":35,"turns":4},{"damage":30,"enemies":"3 Shapes","floor":38,"turns":4},{"damage":6,"enemies":"Giant Head","floor":41,"turns":10},{"damage":9,"enemies":"Transient","floor":46,"turns":5},{"damage":0,"enemies":"Sphere and 2 Shapes","floor":48,"turns":4},{"damage":62,"enemies":"Time Eater","floor":50,"turns":9}],"seed_played":"-4026768920584483377","potions_obtained":[{"floor":7,"key":"Ancient Potion"},{"floor":10,"key":"Ancient Potion"},{"floor":18,"key":"Dexterity Potion"},{"floor":23,"key":"AttackPotion"},{"floor":35,"key":"Dexterity Potion"},{"floor":38,"key":"Fire Potion"},{"floor":41,"key":"Strength Potion"},{"floor":48,"key":"Explosive Potion"}],"is_trial":false,"path_per_floor":["M","?","M","$","?","R","M","R","T","E","?","M","R","M","R","B",null,"M","$","M","?","?","E","R","M","T","R","E","R","?","M","R","B",null,"M","?","$","M","?","R","E","R","T","$","R","M","R","M","R","B",null],"character_chosen":"DEFECT","items_purchased":["Vajra","Steam","Nunchaku","Pen Nib"],"campfire_rested":7,"item_purchase_floors":[19,19,37,44],"current_hp_per_floor":[75,57,57,57,50,50,47,69,69,41,30,18,55,53,53,21,75,53,53,39,39,25,3,40,39,39,75,54,54,21,12,49,9,75,73,71,71,41,41,41,35,71,71,71,71,62,62,62,71,9],"gold":90,"neow_bonus":"ONE_RARE_RELIC","is_prod":false,"is_daily":false,"chose_seed":false,"campfire_upgraded":6,"win_rate":0.0,"timestamp":1558334899,"path_taken":["M","?","M","$","?","R","M","R","T","E","?","?","R","M","R","BOSS","M","$","M","?","?","E","R","?","T","R","E","R","?","M","R","BOSS","M","?","$","M","?","R","E","R","T","$","R","M","R","M","R","BOSS"],"build_version":"2019-01-23","purchased_purges":2,"victory":true,"max_hp_per_floor":[75,75,75,75,75,75,75,75,75,75,75,75,75,75,75,75,75,75,75,75,75,75,75,75,75,75,75,75,75,75,75,75,75,75,75,71,71,71,71,71,71,71,71,71,71,71,71,71,71,71],"card_choices":[{"not_picked":["Barrage","Go for the Eyes"],"picked":"Ball Lightning","floor":1},{"not_picked":["Chaos","Rebound"],"picked":"Hologram","floor":3},{"not_picked":["Cold Snap","Streamline"],"picked":"Loop","floor":7},{"not_picked":["Compile Driver","Force Field"],"picked":"Beam Cell","floor":10},{"not_picked":["Fusion","All For One"],"picked":"Ball Lightning","floor":12},{"not_picked":["Streamline","Lockon"],"picked":"Capacitor","floor":14},{"not_picked":["Multi-Cast","Biased Cognition"],"picked":"Echo Form","floor":16},{"not_picked":["Self Repair","Sweeping Beam+1"],"picked":"Beam Cell+1","floor":18},{"not_picked":["Capacitor","Leap+1"],"picked":"Hello World+1","floor":20},{"not_picked":["Coolheaded","Beam Cell"],"picked":"Consume+1","floor":23},{"not_picked":["Beam Cell","Leap"],"picked":"Coolheaded","floor":24},{"not_picked":["Stack+1","Consume+1"],"picked":"Static Discharge+1","floor":25},{"not_picked":["Stack","Go for the Eyes"],"picked":"Cold Snap+1","floor":27},{"not_picked":["Steam","Conserve Battery"],"picked":"Double Energy","floor":28},{"not_picked":["Reprogram","Scrape","Steam"],"picked":"SKIP","floor":31},{"not_picked":["Amplify","Reboot"],"picked":"Buffer","floor":33},{"not_picked":["Stack+1","Ball Lightning+1","Go for the Eyes"],"picked":"SKIP","floor":35},{"not_picked":["Storm","Reinforced Body"],"picked":"Loop+1","floor":38},{"not_picked":["Madness","Mayhem"],"picked":"Metamorphosis","floor":39},{"not_picked":["Barrage","Ball Lightning","Melter"],"picked":"SKIP","floor":41},{"not_picked":["Steam Power","Gash+1"],"picked":"Redo+1","floor":46},{"not_picked":["Ball Lightning+1","Compile Driver+1"],"picked":"Chaos+1","floor":48},{"not_picked":["FTL+1","Self Repair"],"picked":"Go for the Eyes+1","floor":49}],"player_experience":15499,"relics_obtained":[{"floor":9,"key":"Regal Pillow"},{"floor":10,"key":"WingedGreaves"},{"floor":23,"key":"Dream Catcher"},{"floor":23,"key":"FossilizedHelix"},{"floor":26,"key":"Potion Belt"},{"floor":28,"key":"Centennial Puzzle"},{"floor":28,"key":"Bag of Preparation"},{"floor":41,"key":"Ginger"},{"floor":41,"key":"Sundial"},{"floor":43,"key":"Molten Egg 2"}],"event_choices":[{"damage_healed":0,"gold_gain":0,"player_choice":"Take Damage","damage_taken":18,"relics_obtained":["Golden Idol"],"max_hp_gain":0,"max_hp_loss":0,"event_name":"Golden Idol","floor":2,"gold_loss":0},{"cards_removed":["Strike_B"],"damage_healed":0,"gold_gain":0,"player_choice":"Card Removal","damage_taken":7,"max_hp_gain":0,"max_hp_loss":0,"event_name":"Golden Wing","floor":5,"gold_loss":0},{"damage_healed":0,"gold_gain":75,"player_choice":"Gather Gold","damage_taken":11,"max_hp_gain":0,"max_hp_loss":0,"event_name":"World of Goop","floor":11,"gold_loss":0},{"damage_healed":0,"gold_gain":0,"player_choice":"Ignored","damage_taken":0,"max_hp_gain":0,"max_hp_loss":0,"event_name":"Vampires","floor":21,"gold_loss":0},{"damage_healed":0,"gold_gain":0,"player_choice":"POTION ","damage_taken":14,"max_hp_gain":0,"max_hp_loss":0,"event_name":"Knowing Skull","floor":22,"potions_obtained":["GamblersBrew"],"gold_loss":0,"cards_obtained":[]},{"damage_healed":0,"gold_gain":0,"player_choice":"Fight","damage_taken":0,"max_hp_gain":0,"max_hp_loss":0,"event_name":"Colosseum","floor":30,"gold_loss":0},{"damage_healed":0,"gold_gain":0,"player_choice":"Fled From Nobs","damage_taken":0,"max_hp_gain":0,"max_hp_loss":0,"event_name":"Colosseum","floor":30,"gold_loss":0},{"damage_healed":0,"gold_gain":0,"player_choice":"Max HP","damage_taken":0,"max_hp_gain":0,"max_hp_loss":4,"event_name":"Winding Halls","floor":36,"gold_loss":0},{"damage_healed":0,"gold_gain":0,"player_choice":"Memory 1","damage_taken":0,"max_hp_gain":0,"max_hp_loss":0,"event_name":"SensoryStone","floor":39,"gold_loss":0}],"is_beta":false,"boss_relics":[{"not_picked":["Tiny House","Snecko Eye"],"picked":"Black Star"},{"not_picked":["Calling Bell","Runic Pyramid"],"picked":"Nuclear Battery"}],"items_purged_floors":[4,19],"is_endless":false,"potions_floor_spawned":[7,10,18,23,30,35,38,41,48],"ascension_level":0}