{"gold_per_floor":[119,44,60,70,70,70,104,104,104,104,104,124,124],"floor_reached":13,"playtime":445,"items_purged":["Strike_B"],"score":91,"play_id":"43e9bf73-3f80-4ce9-af74-9960a667fbd6","local_time":"20190502200748","is_ascension_mode":true,"campfire_choices":[{"data":"Zap","floor":6,"key":"SMITH"},{"data":"Defragment","floor":8,"key":"SMITH"},{"data":"Recycle","floor":10,"key":"SMITH"}],"neow_cost":"TEN_PERCENT_HP_LOSS","seed_source_timestamp":850716582514700,"circlet_count":0,"master_deck":["Strike_B","Defend_B","Defend_B","Defend_B","Zap+1","Dualcast","Consume","Tempest","Defragment+1","Recycle+1","Coolheaded"],"relics":["Cracked Core","Symbiotic Virus","Regal Pillow"],"potions_floor_usage":[],"damage_taken":[{"damage":0,"enemies":"Small Slimes","floor":1,"turns":3},{"damage":0,"enemies":"2 Louse","floor":3,"turns":2},{"damage":19,"enemies":"Jaw Worm","floor":4,"turns":4},{"damage":20,"enemies":"Lagavulin","floor":7,"turns":5},{"damage":6,"enemies":"Looter","floor":12,"turns":2},{"damage":25,"enemies":"3 Sentries","floor":13,"turns":4}],"seed_played":"5325322202123062401","potions_obtained":[{"floor":3,"key":"FocusPotion"},{"floor":12,"key":"GamblersBrew"}],"is_trial":false,"path_per_floor":["M","$","M","M","?","R","E","R","T","R","?","M","E"],"character_chosen":"DEFECT","items_purchased":[],"campfire_rested":0,"item_purchase_floors":[],"current_hp_per_floor":[68,68,68,49,49,49,29,29,29,29,29,23,0],"gold":124,"neow_bonus":"REMOVE_TWO","is_prod":false,"is_daily":false,"chose_seed":false,"campfire_upgraded":3,"win_rate":0,"timestamp":1556842068,"path_taken":["M","$","M","M","?","R","E","R","T","R","?","M","E"],"build_version":"2019-01-23","purchased_purges":1,"victory":false,"max_hp_per_floor":[68,68,68,68,68,68,68,68,68,68,68,68,68],"card_choices":[{"not_picked":["Leap","Ball Lightning"],"picked":"Consume","floor":1},{"not_picked":["Leap","Auto Shields"],"picked":"Tempest","floor":3},{"not_picked":["Sweeping Beam","Rebound"],"picked":"Defragment","floor":4},{"not_picked":["Hologram","Conserve Battery"],"picked":"Recycle","floor":7},{"not_picked":["Gash","Steam"],"picked":"Coolheaded","floor":12}],"player_experience":233034,"relics_obtained":[{"floor":7,"key":"Symbiotic Virus"},{"floor":9,"key":"Regal Pillow"}],"event_choices":[{"cards_removed":["Strike_B"],"damage_healed":0,"gold_gain":0,"player_choice":"Forget","damage_taken":0,"max_hp_gain":0,"max_hp_loss":0,"event_name":"Living Wall","floor":5,"gold_loss":0},{"damage_healed":0,"gold_gain":0,"player_choice":"Searched \u00270\u0027 times","damage_taken":0,"max_hp_gain":0,"max_hp_loss":0,"event_name":"Dead Adventurer","floor":11,"gold_loss":0}],"is_beta":false,"boss_relics":[],"items_purged_floors":[2],"is_endless":false,"potions_floor_spawned":[3,12],"killed_by":"3 Sentries","ascension_level":2}