{"gold_per_floor":[110,124,138,14,31,31,44,44,44,79,79,98,127,202,202,278,278,291,291,36,50,67,95,114,448,475,509,509,520,520,33,33,111,111,129,129,141,151,162,193,193,222,246,258,275,286,286,286,286,286,286,286,32,57,57],"floor_reached":55,"playtime":5284,"items_purged":["Strike_R","Strike_R","Strike_R"],"score":1427,"play_id":"2ad3b492-b77d-4af4-8aad-b436d0f757cf","local_time":"20190507122953","is_ascension_mode":true,"campfire_choices":[{"data":"Metallicize","floor":6.0,"key":"SMITH"},{"data":"Inflame","floor":11.0,"key":"SMITH"},{"floor":15.0,"key":"REST"},{"data":"Flame Barrier","floor":30.0,"key":"SMITH"},{"data":"Metallicize","floor":32.0,"key":"SMITH"},{"floor":41.0,"key":"REST"},{"floor":49.0,"key":"RECALL"},{"data":"Juggernaut","floor":52.0,"key":"SMITH"}],"neow_cost":"PERCENT_DAMAGE","seed_source_timestamp":0,"circlet_count":0,"master_deck":["AscendersBane","Strike_R","Strike_R","Defend_R","Defend_R","Defend_R","Defend_R","Bash","Metallicize+1","Iron Wave","Pommel Strike","Pommel Strike","Ghostly Armor","Cleave","Inflame+1","Carnage","Corruption","Reaper","True Grit","Barricade","Sentinel","Uppercut","Reaper","Clothesline","Flame Barrier+1","Metallicize+1","Flame Barrier","Juggernaut+1","Heavy Blade+1","Shrug It Off","Heavy Blade+1","Reaper","Carnage+1","Feel No Pain"],"special_seed":0,"relics":["Black Blood","Incense Burner","Centennial Puzzle","Pen Nib","Bottled Flame","Snecko Eye","MutagenicStrength","Art of War","Old Coin","Blood Vial","Bronze Scales","Shuriken","Dream Catcher","Ancient Tea Set","Medical Kit","Mummified Hand"],"potions_floor_usage":[55,55],"damage_taken":[{"damage":13.0,"enemies":"Jaw Worm","floor":1.0,"turns":5.0},{"damage":0.0,"enemies":"2 Louse","floor":2.0,"turns":3.0},{"damage":0.0,"enemies":"Cultist","floor":3.0,"turns":4.0},{"damage":13.0,"enemies":"3 Louse","floor":5.0,"turns":3.0},{"damage":13.0,"enemies":"Blue Slaver","floor":7.0,"turns":5.0},{"damage":2.0,"enemies":"3 Sentries","floor":10.0,"turns":8.0},{"damage":2.0,"enemies":"Looter","floor":12.0,"turns":4.0},{"damage":16.0,"enemies":"Gremlin Nob","floor":13.0,"turns":3.0},{"damage":14.0,"enemies":"Slime Boss","floor":16.0,"turns":12.0},{"damage":0.0,"enemies":"2 Thieves","floor":18.0,"turns":3.0},{"damage":2.0,"enemies":"Chosen","floor":21.0,"turns":7.0},{"damage":0.0,"enemies":"Sentry and Sphere","floor":22.0,"turns":6.0},{"damage":28.0,"enemies":"Gremlin Leader","floor":23.0,"turns":10.0},{"damage":19.0,"enemies":"Snecko","floor":24.0,"turns":6.0},{"damage":21.0,"enemies":"Book of Stabbing","floor":25.0,"turns":6.0},{"damage":49.0,"enemies":"Gremlin Leader","floor":27.0,"turns":8.0},{"damage":14.0,"enemies":"Snake Plant","floor":29.0,"turns":3.0},{"damage":0.0,"enemies":"Champ","floor":33.0,"turns":9.0},{"damage":0.0,"enemies":"3 Shapes","floor":35.0,"turns":5.0},{"damage":18.0,"enemies":"Orb Walker","floor":37.0,"turns":4.0},{"damage":6.0,"enemies":"Jaw Worm Horde","floor":38.0,"turns":4.0},{"damage":28.0,"enemies":"Writhing Mass","floor":39.0,"turns":7.0},{"damage":19.0,"enemies":"Nemesis","floor":40.0,"turns":9.0},{"damage":46.0,"enemies":"Giant Head","floor":42.0,"turns":9.0},{"damage":0.0,"enemies":"4 Shapes","floor":44.0,"turns":5.0},{"damage":16.0,"enemies":"Sphere and 2 Shapes","floor":45.0,"turns":5.0},{"damage":1.0,"enemies":"Transient","floor":46.0,"turns":5.0},{"damage":63.0,"enemies":"Time Eater","floor":50.0,"turns":11.0},{"damage":47.0,"enemies":"Shield and Spear","floor":54.0,"turns":7.0},{"damage":85,"enemies":"The Heart","floor":55,"turns":3}],"seed_played":"6226890679120313436","potions_obtained":[{"floor":1.0,"key":"AttackPotion"},{"floor":7.0,"key":"Fire Potion"},{"floor":10.0,"key":"LiquidBronze"},{"floor":13.0,"key":"Ancient Potion"},{"floor":16.0,"key":"Regen Potion"},{"floor":23.0,"key":"Swift Potion"},{"floor":24.0,"key":"Ancient Potion"},{"floor":29.0,"key":"GamblersBrew"},{"floor":33.0,"key":"SkillPotion"},{"floor":38.0,"key":"FearPotion"},{"floor":42.0,"key":"GamblersBrew"},{"floor":54.0,"key":"Energy Potion"}],"is_trial":false,"path_per_floor":["M","M","M","$","M","R","M","?","T","E","R","M","E","?","R","B",null,"M","?","$","M","M","E","M","E","T","E","?","M","R","$","R","B",null,"M","?","M","M","M","E","R","E","T","M","M","M","?","?","R","B",null,"R","$","E","B"],"character_chosen":"IRONCLAD","items_purchased":["Pommel Strike","Barricade","Metallicize","Flame Barrier","Shuriken","Medical Kit","Strength Potion"],"campfire_rested":2,"item_purchase_floors":[4,20,31,31,31,53,53],"current_hp_per_floor":[43,49,55,55,48,48,41,41,41,45,45,49,39,28,50,42,67,73,73,73,75,75,69,66,66,66,60,60,65,65,65,65,75,75,75,75,71,75,57,50,72,64,64,75,69,75,75,75,75,41,67,67,67,44,0],"gold":57,"neow_bonus":"ONE_RARE_RELIC","is_prod":false,"is_daily":false,"chose_seed":false,"campfire_upgraded":5,"win_rate":0,"timestamp":1557257393,"path_taken":["M","M","M","$","M","R","M","?","T","E","R","M","E","?","R","BOSS","M","?","$","M","M","E","M","E","T","E","?","M","R","$","R","BOSS","M","?","M","M","M","E","R","E","T","M","M","?","?","?","R","BOSS","R","$","E","BOSS"],"build_version":"2019-01-23","purchased_purges":3,"victory":false,"max_hp_per_floor":[75,75,75,75,75,75,75,75,75,75,75,75,75,75,75,75,75,75,75,75,75,75,75,75,75,75,75,75,75,75,75,75,75,75,75,75,75,75,75,75,75,75,75,75,75,75,75,75,75,75,75,75,75,75,75],"card_choices":[{"not_picked":["Iron Wave","Body Slam"],"picked":"Metallicize","floor":1.0},{"not_picked":["Seeing Red","Cleave"],"picked":"Iron Wave","floor":2.0},{"not_picked":["Body Slam","Intimidate"],"picked":"Pommel Strike","floor":3.0},{"not_picked":["Cleave","Second Wind"],"picked":"Ghostly Armor","floor":5.0},{"not_picked":["Wild Strike","Blood for Blood"],"picked":"Cleave","floor":7.0},{"not_picked":["Shrug It Off","Dropkick"],"picked":"Inflame","floor":10.0},{"not_picked":["Sword Boomerang","Shrug It Off"],"picked":"Carnage","floor":12.0},{"not_picked":["Shrug It Off","Hemokinesis"],"picked":"Corruption","floor":13.0},{"not_picked":["Fiend Fire","Immolate"],"picked":"Reaper","floor":16.0},{"not_picked":["Perfected Strike","Spot Weakness+1"],"picked":"True Grit","floor":18.0},{"not_picked":["Corruption","Armaments","Pommel Strike"],"picked":"SKIP","floor":21.0},{"not_picked":["Pommel Strike","Headbutt","Twin Strike"],"picked":"SKIP","floor":22.0},{"not_picked":["Pommel Strike","Offering"],"picked":"Sentinel","floor":23.0},{"not_picked":["Anger","Dropkick"],"picked":"Uppercut","floor":24.0},{"not_picked":["Pommel Strike","Body Slam"],"picked":"Reaper","floor":25.0},{"not_picked":["Armaments","Infernal Blade"],"picked":"Clothesline","floor":27.0},{"not_picked":["Wild Strike","Infernal Blade","Anger"],"picked":"SKIP","floor":29.0},{"not_picked":["Reaper","Barricade"],"picked":"Juggernaut","floor":33.0},{"not_picked":["True Grit","Twin Strike"],"picked":"Heavy Blade+1","floor":35.0},{"not_picked":["Thunderclap","Twin Strike"],"picked":"Shrug It Off","floor":37.0},{"not_picked":["Rampage","Perfected Strike","Rupture"],"picked":"SKIP","floor":38.0},{"not_picked":["True Grit+1","Anger+1"],"picked":"Heavy Blade+1","floor":39.0},{"not_picked":["Armaments","Blood for Blood","Brutality"],"picked":"SKIP","floor":40.0},{"not_picked":["Warcry+1","Corruption"],"picked":"Reaper","floor":42.0},{"not_picked":["Pommel Strike+1","Shrug It Off"],"picked":"Carnage+1","floor":44.0},{"not_picked":["Pummel+1","Battle Trance+1","Blood for Blood+1"],"picked":"SKIP","floor":45.0},{"not_picked":["Second Wind","Power Through"],"picked":"Feel No Pain","floor":46.0},{"not_picked":["Iron Wave","Sword Boomerang","Burning Pact+1"],"picked":"SKIP","floor":54.0}],"player_experience":456364,"relics_obtained":[{"floor":9.0,"key":"Centennial Puzzle"},{"floor":10.0,"key":"Pen Nib"},{"floor":13.0,"key":"Bottled Flame"},{"floor":23.0,"key":"Art of War"},{"floor":25.0,"key":"Old Coin"},{"floor":26.0,"key":"Blood Vial"},{"floor":27.0,"key":"Bronze Scales"},{"floor":40.0,"key":"Dream Catcher"},{"floor":42.0,"key":"Ancient Tea Set"},{"floor":54.0,"key":"Mummified Hand"}],"event_choices":[{"damage_healed":0.0,"max_hp_gain":0.0,"max_hp_loss":0.0,"gold_gain":0.0,"event_name":"Golden Wing","player_choice":"Ignored","floor":8.0,"gold_loss":0.0,"damage_taken":0.0},{"damage_healed":0.0,"max_hp_gain":0.0,"max_hp_loss":0.0,"gold_gain":75.0,"event_name":"World of Goop","player_choice":"Gather Gold","floor":14.0,"gold_loss":0.0,"damage_taken":11.0},{"damage_healed":0.0,"max_hp_gain":0.0,"max_hp_loss":0.0,"gold_gain":0.0,"event_name":"Drug Dealer","player_choice":"Inject Mutagens","floor":19.0,"gold_loss":0.0,"damage_taken":0.0,"relics_obtained":["MutagenicStrength"]},{"damage_healed":0.0,"max_hp_gain":0.0,"max_hp_loss":0.0,"gold_gain":0.0,"event_name":"The Library","player_choice":"Read","floor":28.0,"gold_loss":0.0,"damage_taken":0.0,"cards_obtained":["Flame Barrier"]},{"damage_healed":0.0,"max_hp_gain":0.0,"max_hp_loss":0.0,"gold_gain":0.0,"event_name":"Wheel of Change","player_choice":"Full Heal","floor":36.0,"gold_loss":0.0,"damage_taken":0.0},{"damage_healed":0.0,"max_hp_gain":0.0,"max_hp_loss":0.0,"gold_gain":0.0,"event_name":"Mysterious Sphere","player_choice":"Ignored","floor":47.0,"gold_loss":0.0,"damage_taken":0.0},{"damage_healed":0.0,"max_hp_gain":0.0,"max_hp_loss":0.0,"gold_gain":0.0,"event_name":"Tomb of Lord Red Mask","player_choice":"Ignored","floor":48.0,"gold_loss":0.0,"damage_taken":0.0}],"is_beta":false,"boss_relics":[{"not_picked":["White Beast Statue","Tiny House"],"picked":"Snecko Eye"},{"not_picked":["Eternal Feather","Astrolabe"],"picked":"Black Blood"}],"items_purged_floors":[4,20,31],"is_endless":false,"potions_floor_spawned":[1,7,10,13,16,23,24,29,33,38,39,42,45,46,54],"killed_by":"The Heart","ascension_level":15}