{"gold_per_floor":[113,78,78,78,95,125,145,145,145,157,187,187,198,74,74,175,175,191,109,109,129,129,160,160,180,180,207,207,222,248,266,266,365,365,381,433,433,443,453,453,485,485,534,561,571,571,571,604,604,604],"floor_reached":51,"playtime":2247,"items_purged":["Defend_R"],"score":1184,"play_id":"09d0dfbe-5f23-47f6-a511-c388c830e883","local_time":"20190601001229","is_ascension_mode":true,"campfire_choices":[{"data":"Perfected Strike","floor":8,"key":"SMITH"},{"data":"Perfected Strike","floor":12,"key":"SMITH"},{"data":"Perfected Strike","floor":15,"key":"SMITH"},{"floor":24,"key":"REST"},{"floor":28,"key":"REST"},{"floor":32,"key":"REST"},{"floor":40,"key":"REST"},{"floor":42,"key":"REST"},{"data":"Demon Form","floor":46,"key":"SMITH"},{"floor":49,"key":"REST"}],"neow_cost":"NONE","seed_source_timestamp":15190462857908,"circlet_count":0,"master_deck":["Strike_R","Strike_R","Strike_R","Strike_R","Strike_R","Defend_R","Defend_R","Defend_R","Bash","Perfected Strike+1","Perfected Strike+1","Disarm","Shrug It Off","Perfected Strike+1","Perfected Strike+1","Twin Strike","Offering","Swift Strike","Wild Strike+1","Wild Strike+1","Wild Strike+1","Shrug It Off","Shrug It Off","Flame Barrier+1","Perfected Strike+1","Perfected Strike+1","True Grit+1","Pommel Strike+1","Wild Strike+1","Demon Form+1","Thinking Ahead","Evolve"],"relics":["Burning Blood","NeowsBlessing","Dodecahedron","Regal Pillow","Pear","Omamori","Cursed Key","Sundial","Molten Egg 2","Orichalcum","Smiling Mask","Sozu","Thread and Needle","Gremlin Horn","Ancient Tea Set","Gambling Chip","Bag of Marbles"],"potions_floor_usage":[11,11,27,27,33,33],"damage_taken":[{"damage":0,"enemies":"Small Slimes","floor":1,"turns":1},{"damage":0,"enemies":"Jaw Worm","floor":5,"turns":1},{"damage":0,"enemies":"3 Sentries","floor":6,"turns":2},{"damage":0,"enemies":"Cultist","floor":7,"turns":2},{"damage":0,"enemies":"Large Slime","floor":10,"turns":4},{"damage":8,"enemies":"Lagavulin","floor":11,"turns":3},{"damage":13,"enemies":"Exordium Thugs","floor":13,"turns":3},{"damage":18,"enemies":"Slime Boss","floor":16,"turns":5},{"damage":12,"enemies":"Shell Parasite","floor":18,"turns":2},{"damage":3,"enemies":"Chosen","floor":21,"turns":3},{"damage":16,"enemies":"Gremlin Leader","floor":23,"turns":6},{"damage":0,"enemies":"Sentry and Sphere","floor":25,"turns":2},{"damage":17,"enemies":"Slavers","floor":27,"turns":3},{"damage":12,"enemies":"Cultist and Chosen","floor":29,"turns":3},{"damage":28,"enemies":"Gremlin Leader","floor":30,"turns":4},{"damage":22,"enemies":"Shelled Parasite and Fungi","floor":31,"turns":3},{"damage":52,"enemies":"Automaton","floor":33,"turns":5},{"damage":6,"enemies":"Orb Walker","floor":35,"turns":1},{"damage":10,"enemies":"2 Orb Walkers","floor":36,"turns":2},{"damage":9,"enemies":"3 Darklings","floor":38,"turns":3},{"damage":0,"enemies":"Maw","floor":39,"turns":4},{"damage":34,"enemies":"Reptomancer","floor":41,"turns":6},{"damage":6,"enemies":"Nemesis","floor":44,"turns":1},{"damage":3,"enemies":"Writhing Mass","floor":45,"turns":2},{"damage":21,"enemies":"Giant Head","floor":48,"turns":6},{"damage":54,"enemies":"Donu and Deca","floor":50,"turns":5}],"seed_played":"3326926898810702211","potions_obtained":[{"floor":4,"key":"Block Potion"},{"floor":4,"key":"FairyPotion"},{"floor":4,"key":"AttackPotion"},{"floor":13,"key":"Ancient Potion"},{"floor":21,"key":"Poison Potion"},{"floor":23,"key":"PowerPotion"},{"floor":27,"key":"Swift Potion"},{"floor":30,"key":"SteroidPotion"},{"floor":31,"key":"Energy Potion"}],"is_trial":false,"path_per_floor":["M","?","?","?","M","E","M","R","T","M","E","R","M","$","R","B",null,"M","$","?","M","$","E","R","M","T","E","R","M","E","M","R","B",null,"M","?","?","M","M","R","E","R","T","E","M","R","?","E","R","B",null],"character_chosen":"IRONCLAD","items_purchased":["Twin Strike","Swift Strike"],"campfire_rested":6,"item_purchase_floors":[14,19],"current_hp_per_floor":[78,78,71,71,77,80,80,80,90,90,88,88,81,81,81,69,85,79,79,79,82,82,72,90,90,90,79,90,84,62,46,88,42,78,78,74,74,71,77,90,62,90,90,90,90,90,90,75,90,42],"gold":604,"neow_bonus":"THREE_ENEMY_KILL","is_prod":false,"is_daily":false,"chose_seed":false,"campfire_upgraded":4,"win_rate":0,"timestamp":1559362349,"path_taken":["M","?","?","?","M","E","M","R","T","?","E","R","M","$","R","BOSS","M","$","?","M","?","E","R","M","T","E","R","M","E","M","R","BOSS","M","?","?","?","M","R","E","R","T","E","M","R","?","E","R","BOSS"],"build_version":"2019-01-23","purchased_purges":1,"victory":true,"max_hp_per_floor":[80,80,80,80,80,80,80,80,90,90,90,90,90,90,90,90,90,90,90,90,90,90,90,90,90,90,90,90,90,90,90,90,90,90,90,90,90,90,90,90,90,90,90,90,90,90,90,90,90,90],"card_choices":[{"not_picked":["Thunderclap","Flex"],"picked":"Perfected Strike","floor":1},{"not_picked":["Rampage","Sword Boomerang"],"picked":"Perfected Strike","floor":5},{"not_picked":["Impervious","Thunderclap"],"picked":"Disarm","floor":6},{"not_picked":["Second Wind","Sword Boomerang"],"picked":"Shrug It Off","floor":7},{"not_picked":["Sword Boomerang","Anger"],"picked":"Perfected Strike","floor":10},{"not_picked":["Thunderclap","Barricade"],"picked":"Perfected Strike","floor":11},{"not_picked":["Entrench","Thunderclap","Sword Boomerang"],"picked":"SKIP","floor":13},{"not_picked":["Feed","Double Tap"],"picked":"Offering","floor":16},{"not_picked":["Reckless Charge+1","Entrench+1","Flame Barrier"],"picked":"SKIP","floor":18},{"not_picked":["Thunderclap","Inflame","Clash"],"picked":"SKIP","floor":21},{"not_picked":["True Grit","Clash"],"picked":"Wild Strike+1","floor":23},{"not_picked":["Anger","Burning Pact+1","Carnage"],"picked":"SKIP","floor":25},{"not_picked":["Entrench","Headbutt+1"],"picked":"Wild Strike+1","floor":27},{"not_picked":["Iron Wave+1","Carnage+1"],"picked":"Wild Strike+1","floor":29},{"not_picked":["Whirlwind+1","Searing Blow+1"],"picked":"Shrug It Off","floor":30},{"not_picked":["Havoc","Flex","Iron Wave+1"],"picked":"SKIP","floor":31},{"not_picked":["Wild Strike+1","Feel No Pain"],"picked":"Shrug It Off","floor":35},{"not_picked":["Rupture","Battle Trance"],"picked":"Flame Barrier+1","floor":36},{"not_picked":["Warcry","Feel No Pain"],"picked":"Perfected Strike+1","floor":38},{"not_picked":["Sword Boomerang+1","Anger+1"],"picked":"True Grit+1","floor":39},{"not_picked":["Heavy Blade+1","Warcry"],"picked":"Pommel Strike+1","floor":41},{"not_picked":["Uppercut+1","Burning Pact"],"picked":"Wild Strike+1","floor":44},{"not_picked":["Reckless Charge+1","Clash+1"],"picked":"Demon Form","floor":45},{"not_picked":["Forethought","Dark Shackles"],"picked":"Thinking Ahead","floor":47},{"not_picked":["Fire Breathing+1","Heavy Blade+1"],"picked":"Evolve","floor":48}],"player_experience":349216,"relics_obtained":[{"floor":6,"key":"Regal Pillow"},{"floor":9,"key":"Pear"},{"floor":11,"key":"Omamori"},{"floor":23,"key":"Sundial"},{"floor":26,"key":"Molten Egg 2"},{"floor":27,"key":"Orichalcum"},{"floor":30,"key":"Smiling Mask"},{"floor":36,"key":"Thread and Needle"},{"floor":41,"key":"Gremlin Horn"},{"floor":43,"key":"Ancient Tea Set"},{"floor":44,"key":"Gambling Chip"},{"floor":48,"key":"Bag of Marbles"}],"event_choices":[{"damage_healed":0,"gold_gain":0,"player_choice":"Left Gold","damage_taken":0,"max_hp_gain":0,"max_hp_loss":0,"event_name":"World of Goop","floor":2,"gold_loss":35},{"damage_healed":0,"gold_gain":0,"player_choice":"Success","damage_taken":7,"relics_obtained":["Dodecahedron"],"max_hp_gain":0,"max_hp_loss":0,"event_name":"Scrap Ooze","floor":3,"gold_loss":0},{"damage_healed":0,"gold_gain":0,"player_choice":"Got Potions","damage_taken":0,"max_hp_gain":0,"max_hp_loss":0,"event_name":"Lab","floor":4,"gold_loss":0},{"damage_healed":0,"gold_gain":0,"player_choice":"Forge","damage_taken":0,"max_hp_gain":0,"max_hp_loss":0,"event_name":"Accursed Blacksmith","floor":20,"gold_loss":0,"cards_upgraded":["Perfected Strike"]},{"damage_healed":0,"gold_gain":0,"player_choice":"Fight","damage_taken":0,"max_hp_gain":0,"max_hp_loss":0,"event_name":"Mysterious Sphere","floor":36,"gold_loss":0},{"damage_healed":0,"gold_gain":0,"player_choice":"Copied","damage_taken":0,"max_hp_gain":0,"max_hp_loss":0,"event_name":"Duplicator","floor":37,"gold_loss":0,"cards_obtained":["Perfected Strike"]},{"damage_healed":0,"gold_gain":0,"player_choice":"Memory 1","damage_taken":0,"max_hp_gain":0,"max_hp_loss":0,"event_name":"SensoryStone","floor":47,"gold_loss":0}],"is_beta":false,"boss_relics":[{"not_picked":["Runic Pyramid","Philosopher\u0027s Stone"],"picked":"Cursed Key"},{"not_picked":["Eternal Feather","Astrolabe"],"picked":"Sozu"}],"items_purged_floors":[14],"is_endless":false,"potions_floor_spawned":[7,10,13,21,23,27,30,31,35,36,39,48],"ascension_level":7}