{"gold_per_floor":[116,130,130,148,163,163,190,203,251,268,268,268,12,27,27,104,104,117,117,130,55,68,68,68,68],"floor_reached":25,"playtime":959,"items_purged":["Strike_B"],"score":400,"play_id":"042ac1cd-aaa8-490f-8df3-37854716e427","local_time":"20190524222140","is_ascension_mode":true,"campfire_choices":[{"data":"Genetic Algorithm","floor":6.0,"key":"SMITH"},{"data":"Sunder","floor":11.0,"key":"SMITH"},{"floor":15.0,"key":"REST"},{"data":"Fission","floor":23,"key":"SMITH"}],"neow_cost":"NONE","seed_source_timestamp":13552490958400,"circlet_count":0,"master_deck":["AscendersBane","Strike_B+1","Strike_B+1","Defend_B+1","Defend_B+1","Defend_B+1","Defend_B+1","Zap+1","Dualcast","Leap","BootSequence","Genetic Algorithm+1","Ball Lightning","Sunder+1","Sunder","Trip","Conserve Battery","Fission+1","Leap"],"special_seed":0,"relics":["FrozenCore","Kunai","Ancient Tea Set"],"potions_floor_usage":[22],"damage_taken":[{"damage":10.0,"enemies":"Small Slimes","floor":1.0,"turns":3.0},{"damage":1.0,"enemies":"Cultist","floor":2.0,"turns":4.0},{"damage":3.0,"enemies":"Jaw Worm","floor":4.0,"turns":4.0},{"damage":7.0,"enemies":"3 Louse","floor":5.0,"turns":3.0},{"damage":31.0,"enemies":"3 Sentries","floor":7.0,"turns":11.0},{"damage":17.0,"enemies":"Exordium Wildlife","floor":8.0,"turns":5.0},{"damage":6.0,"enemies":"Blue Slaver","floor":10.0,"turns":4.0},{"damage":0.0,"enemies":"Lots of Slimes","floor":14.0,"turns":3.0},{"damage":12.0,"enemies":"The Guardian","floor":16.0,"turns":8.0},{"damage":6.0,"enemies":"Chosen","floor":18.0,"turns":7.0},{"damage":18.0,"enemies":"3 Byrds","floor":20.0,"turns":6.0},{"damage":20,"enemies":"Snake Plant","floor":22,"turns":3},{"damage":29,"enemies":"Book of Stabbing","floor":25,"turns":5}],"seed_played":"-5538460487616308785","potions_obtained":[{"floor":5.0,"key":"SpeedPotion"},{"floor":8.0,"key":"AttackPotion"},{"floor":10.0,"key":"AttackPotion"},{"floor":20.0,"key":"Fire Potion"}],"is_trial":false,"path_per_floor":["M","M","?","M","M","R","E","M","T","M","R","?","$","M","R","B",null,"M","?","M","?","M","R","?","E"],"character_chosen":"DEFECT","items_purchased":["Trip","Regen Potion"],"campfire_rested":1,"item_purchase_floors":[13,13],"current_hp_per_floor":[54,53,81,78,71,71,40,23,23,17,17,17,17,26,50,38,70,64,64,46,46,26,26,26,0],"gold":68,"neow_bonus":"UPGRADE_CARD","is_prod":false,"is_daily":false,"chose_seed":false,"campfire_upgraded":3,"win_rate":0,"timestamp":1558750900,"path_taken":["M","M","?","M","M","R","E","M","T","?","R","?","$","?","R","BOSS","M","?","M","?","M","R","?","E"],"build_version":"2019-05-24v2","purchased_purges":1,"victory":false,"max_hp_per_floor":[71,71,81,81,81,81,81,81,81,81,81,81,81,81,81,81,81,81,81,81,81,81,81,81,81],"card_choices":[{"not_picked":["Redo","Rebound"],"picked":"Leap","floor":1.0},{"not_picked":["Steam","Reprogram"],"picked":"Creative AI","floor":2.0},{"not_picked":["Hologram","Streamline"],"picked":"BootSequence","floor":4.0},{"not_picked":["FTL","Beam Cell"],"picked":"Genetic Algorithm","floor":5.0},{"not_picked":["Blizzard","Stack","Amplify"],"picked":"SKIP","floor":7.0},{"not_picked":["Barrage","Steam"],"picked":"Ball Lightning","floor":8.0},{"not_picked":["Turbo","Conserve Battery"],"picked":"Sunder","floor":10.0},{"not_picked":["Redo","Gash"],"picked":"Conserve Battery","floor":14.0},{"not_picked":["Amplify","Reboot"],"picked":"Fission","floor":16.0},{"not_picked":["Rebound","Conserve Battery","Ball Lightning"],"picked":"SKIP","floor":18.0},{"not_picked":["Redo","Hologram","Ball Lightning"],"picked":"SKIP","floor":20.0},{"not_picked":["Gash","Redo"],"picked":"Leap","floor":22}],"player_experience":716822,"relics_obtained":[{"floor":7.0,"key":"Kunai"},{"floor":9.0,"key":"Ancient Tea Set"}],"event_choices":[{"cards_removed":["Creative AI"],"damage_healed":18.0,"max_hp_gain":10.0,"max_hp_loss":0.0,"gold_gain":0.0,"event_name":"Bonfire Elementals","player_choice":"Offered Rare","floor":3.0,"gold_loss":0.0,"damage_taken":0.0},{"damage_healed":0.0,"max_hp_gain":0.0,"max_hp_loss":0.0,"gold_gain":0.0,"cards_transformed":["Strike_B"],"event_name":"Transmorgrifier","player_choice":"Transformed","floor":12.0,"gold_loss":0.0,"damage_taken":0.0,"cards_obtained":["Sunder"]},{"damage_healed":0.0,"max_hp_gain":0.0,"max_hp_loss":0.0,"gold_gain":0.0,"event_name":"Forgotten Altar","player_choice":"Smashed Altar","floor":19.0,"gold_loss":0.0,"damage_taken":0.0,"cards_obtained":["Decay"]},{"cards_removed":["Decay"],"damage_healed":0.0,"max_hp_gain":0.0,"max_hp_loss":0.0,"gold_gain":0.0,"event_name":"Beggar","player_choice":"Gave Gold","floor":21.0,"gold_loss":75.0,"damage_taken":0.0},{"damage_healed":0,"gold_gain":0,"player_choice":"Simplicity","damage_taken":0,"max_hp_gain":0,"max_hp_loss":0,"event_name":"Back to Basics","floor":24,"gold_loss":0,"cards_upgraded":["Strike_B","Strike_B","Defend_B","Defend_B","Defend_B","Defend_B"]}],"is_beta":true,"boss_relics":[{"not_picked":["Pandora\u0027s Box","Eternal Feather"],"picked":"FrozenCore"}],"items_purged_floors":[13],"is_endless":false,"potions_floor_spawned":[5,8,10,20],"killed_by":"Book of Stabbing","ascension_level":19}