{"gold_per_floor":[111,128,303,315,87,87,37,62,62,62,62,74,90,90,90,90],"floor_reached":16,"playtime":761,"items_purged":[],"score":115,"play_id":"79745ed4-416b-41ad-ad7a-dd247c4992ed","local_time":"20190512190925","is_ascension_mode":true,"campfire_choices":[{"data":"Neutralize","floor":6,"key":"SMITH"},{"floor":10,"key":"REST"},{"data":"Footwork","floor":15,"key":"SMITH"}],"neow_cost":"NONE","seed_source_timestamp":522136464670500,"circlet_count":0,"master_deck":["Defend_G","Defend_G","Defend_G","Defend_G","Defend_G","Strike_G","Strike_G","Strike_G","Strike_G","Survivor","Neutralize+1","Dramatic Entrance","Deflect","Slice","Doubt","Sucker Punch","Footwork+1","Dagger Throw","Dodge and Roll"],"relics":["Ring of the Snake","Happy Flower","Dead Branch","StoneCalendar","Question Card"],"potions_floor_usage":[16],"damage_taken":[{"damage":0,"enemies":"Small Slimes","floor":1,"turns":3},{"damage":0,"enemies":"Jaw Worm","floor":2,"turns":4},{"damage":0,"enemies":"2 Louse","floor":4,"turns":2},{"damage":41,"enemies":"Lagavulin","floor":8,"turns":13},{"damage":6,"enemies":"Exordium Wildlife","floor":12,"turns":2},{"damage":13,"enemies":"Gremlin Gang","floor":13,"turns":4},{"damage":34,"enemies":"Hexaghost","floor":16,"turns":17}],"seed_played":"3896684874656435909","potions_obtained":[{"floor":12,"key":"Ancient Potion"},{"floor":13,"key":"Swift Potion"}],"is_trial":false,"path_per_floor":["M","M","?","M","$","R","?","E","T","R","$","M","M","?","R","B"],"character_chosen":"THE_SILENT","items_purchased":["Happy Flower","Footwork"],"campfire_rested":1,"item_purchase_floors":[5,5],"current_hp_per_floor":[70,70,70,70,70,70,70,29,29,50,50,44,31,28,28,0],"gold":90,"neow_bonus":"RANDOM_COLORLESS","is_prod":false,"is_daily":false,"chose_seed":false,"campfire_upgraded":2,"win_rate":0,"timestamp":1557668365,"path_taken":["M","M","?","M","$","R","?","E","T","R","$","?","M","?","R","BOSS"],"build_version":"2019-01-23","purchased_purges":0,"victory":false,"max_hp_per_floor":[70,70,70,70,70,70,70,70,70,70,70,70,70,70,70,70],"card_choices":[{"not_picked":["Flying Knee","Setup"],"picked":"Deflect","floor":1},{"not_picked":["Backflip","Flechettes"],"picked":"Slice","floor":2},{"not_picked":["Choke","Deflect"],"picked":"Sucker Punch","floor":4},{"not_picked":["Blade Dance","Wraith Form v2"],"picked":"Dagger Throw","floor":8},{"not_picked":["Prepared","Terror","Underhanded Strike"],"picked":"SKIP","floor":12},{"not_picked":["Dagger Throw","Blade Dance"],"picked":"Dodge and Roll","floor":13}],"player_experience":172236,"relics_obtained":[{"floor":8,"key":"Dead Branch"},{"floor":9,"key":"StoneCalendar"}],"event_choices":[{"damage_healed":0,"gold_gain":175,"player_choice":"AGREE","damage_taken":0,"max_hp_gain":0,"max_hp_loss":0,"event_name":"Liars Game","floor":3,"gold_loss":0,"cards_obtained":["Doubt"]},{"cards_removed":["Strike_G"],"damage_healed":0,"gold_gain":0,"player_choice":"Card Removal","damage_taken":0,"max_hp_gain":0,"max_hp_loss":0,"event_name":"The Cleric","floor":7,"gold_loss":50},{"damage_healed":0,"gold_gain":0,"player_choice":"Success","damage_taken":3,"relics_obtained":["Question Card"],"max_hp_gain":0,"max_hp_loss":0,"event_name":"Scrap Ooze","floor":14,"gold_loss":0}],"is_beta":false,"boss_relics":[],"items_purged_floors":[],"is_endless":false,"potions_floor_spawned":[12,13],"killed_by":"Hexaghost","ascension_level":3}