{"gold_per_floor":[210,210,220,220,233,233,233,258,258,282,305,305,230,253,253,381,381,396,223,236,252,302,302,321,321],"floor_reached":25,"playtime":597,"items_purged":["Strike_B","Strike_B"],"score":197,"play_id":"e0c0e5db-3b90-491e-b5c1-27238fb19d4a","local_time":"20190525024325","is_ascension_mode":false,"campfire_choices":[{"data":"Hyperbeam","floor":7,"key":"SMITH"},{"floor":15,"key":"REST"},{"data":"Melter","floor":23,"key":"SMITH"}],"neow_cost":"NONE","seed_source_timestamp":49729571491000,"circlet_count":0,"master_deck":["Strike_B","Defend_B","Defend_B","Defend_B","Defend_B","Zap","Dualcast","Auto Shields","Hyperbeam+1","Stack","Steam","Sweeping Beam","Fusion","Core Surge","Melter+1","Hologram+1"],"relics":["Cracked Core","Singing Bowl","Golden Idol","Strawberry","Sozu"],"potions_floor_usage":[],"damage_taken":[{"damage":7,"enemies":"2 Louse","floor":1,"turns":2},{"damage":0,"enemies":"Cultist","floor":3,"turns":3},{"damage":6,"enemies":"Jaw Worm","floor":5,"turns":2},{"damage":7,"enemies":"Large Slime","floor":8,"turns":5},{"damage":18,"enemies":"Exordium Thugs","floor":10,"turns":3},{"damage":0,"enemies":"3 Louse","floor":11,"turns":1},{"damage":0,"enemies":"Lots of Slimes","floor":14,"turns":1},{"damage":27,"enemies":"Slime Boss","floor":16,"turns":8},{"damage":14,"enemies":"Spheric Guardian","floor":18,"turns":4},{"damage":12,"enemies":"Shell Parasite","floor":20,"turns":3},{"damage":12,"enemies":"Centurion and Healer","floor":21,"turns":4},{"damage":37,"enemies":"Snecko","floor":24,"turns":5},{"damage":17,"enemies":"Snake Plant","floor":25,"turns":3}],"seed_played":"4758205157588000864","potions_obtained":[{"floor":1,"key":"Regen Potion"},{"floor":10,"key":"EssenceOfSteel"},{"floor":11,"key":"FocusPotion"},{"floor":12,"key":"PowerPotion"}],"is_trial":false,"path_per_floor":["M","?","M","?","M","?","R","M","T","M","M","?","$","M","R","B",null,"M","$","M","M","?","R","M","M"],"character_chosen":"DEFECT","items_purchased":["Melter"],"campfire_rested":1,"item_purchase_floors":[19],"current_hp_per_floor":[68,68,68,43,39,39,39,32,39,23,23,23,23,23,47,20,80,68,68,58,48,48,48,11,0],"gold":321,"neow_bonus":"HUNDRED_GOLD","is_prod":false,"is_daily":false,"chose_seed":false,"campfire_upgraded":2,"win_rate":0,"timestamp":1558732405,"path_taken":["M","?","?","?","M","?","R","M","T","M","M","?","$","?","R","BOSS","M","$","M","M","?","R","M","?"],"build_version":"2019-01-23","purchased_purges":2,"victory":false,"max_hp_per_floor":[75,75,75,75,77,71,71,71,78,80,80,80,80,80,80,80,80,82,82,84,86,86,86,86,86],"card_choices":[{"not_picked":["Consume","Turbo"],"picked":"Auto Shields","floor":1},{"not_picked":["Turbo","Tempest"],"picked":"Stack","floor":3},{"not_picked":["Hologram","Conserve Battery","Go for the Eyes"],"picked":"Singing Bowl","floor":5},{"not_picked":["Melter","Rainbow"],"picked":"Steam","floor":8},{"not_picked":["Static Discharge","Consume","Redo"],"picked":"Singing Bowl","floor":10},{"not_picked":["Gash","Glacier"],"picked":"Sweeping Beam","floor":11},{"not_picked":["Auto Shields","Conserve Battery"],"picked":"Fusion","floor":14},{"not_picked":["Reboot","Echo Form"],"picked":"Core Surge","floor":16},{"not_picked":["Stack","Hologram+1","Barrage"],"picked":"Singing Bowl","floor":18},{"not_picked":["Rip and Tear","Cold Snap","Steam"],"picked":"Singing Bowl","floor":20},{"not_picked":["Barrage+1","Redo","Lockon"],"picked":"Singing Bowl","floor":21},{"not_picked":["Rebound","Cold Snap+1"],"picked":"Hologram+1","floor":24}],"player_experience":227295,"relics_obtained":[{"floor":9,"key":"Strawberry"}],"event_choices":[{"damage_healed":0,"gold_gain":0,"cards_transformed":["Strike_B"],"player_choice":"Transformed","damage_taken":0,"max_hp_gain":0,"max_hp_loss":0,"event_name":"Transmorgrifier","floor":2,"gold_loss":0,"cards_obtained":["Hyperbeam"]},{"damage_healed":0,"gold_gain":0,"player_choice":"Success","damage_taken":25,"relics_obtained":["Singing Bowl"],"max_hp_gain":0,"max_hp_loss":0,"event_name":"Scrap Ooze","floor":4,"gold_loss":0},{"damage_healed":0,"gold_gain":0,"player_choice":"Lose Max HP","damage_taken":0,"relics_obtained":["Golden Idol"],"max_hp_gain":0,"max_hp_loss":6,"event_name":"Golden Idol","floor":6,"gold_loss":0},{"damage_healed":0,"gold_gain":0,"player_choice":"Got Potions","damage_taken":0,"max_hp_gain":0,"max_hp_loss":0,"event_name":"Lab","floor":12,"gold_loss":0},{"damage_healed":0,"gold_gain":100,"player_choice":"Bet on Murderer","damage_taken":0,"max_hp_gain":0,"max_hp_loss":0,"event_name":"The Joust","floor":22,"gold_loss":50}],"is_beta":false,"boss_relics":[{"not_picked":["Tiny House","Black Star"],"picked":"Sozu"}],"items_purged_floors":[13,19],"is_endless":false,"potions_floor_spawned":[1,10,11,16,18,24],"killed_by":"Snake Plant","ascension_level":0}