{"gold_per_floor":[115,115,126,142,142,168,187,217,217,6,6,24,35,35],"floor_reached":14,"playtime":619,"items_purged":["Strike_R"],"score":117,"play_id":"2c68dddd-0fe8-409c-97f3-11ef8b7f5738","local_time":"20190512170410","is_ascension_mode":true,"campfire_choices":[{"floor":11.0,"key":"REST"}],"neow_cost":"PERCENT_DAMAGE","seed_source_timestamp":159057671194300,"circlet_count":0,"master_deck":["Strike_R","Strike_R","Strike_R","Strike_R","Defend_R","Defend_R","Defend_R","Bash","Dark Embrace","Heavy Blade","Disarm","Demon Form","Corruption","Enlightenment","Armaments","Battle Trance","Inflame"],"special_seed":0,"relics":["Burning Blood","Orichalcum","Question Card"],"potions_floor_usage":[14],"damage_taken":[{"damage":8.0,"enemies":"Jaw Worm","floor":1.0,"turns":5.0},{"damage":7.0,"enemies":"2 Louse","floor":3.0,"turns":3.0},{"damage":6.0,"enemies":"Cultist","floor":4.0,"turns":3.0},{"damage":18.0,"enemies":"Lagavulin","floor":6.0,"turns":5.0},{"damage":17.0,"enemies":"Lots of Slimes","floor":7.0,"turns":2.0},{"damage":47.0,"enemies":"3 Sentries","floor":8.0,"turns":10.0},{"damage":13.0,"enemies":"2 Fungi Beasts","floor":12.0,"turns":5.0},{"damage":11,"enemies":"Looter","floor":13,"turns":5},{"damage":29,"enemies":"Lots of Slimes","floor":14,"turns":3}],"seed_played":"-4637402743882579420","potions_obtained":[{"floor":1.0,"key":"Swift Potion"},{"floor":3.0,"key":"SteroidPotion"},{"floor":6.0,"key":"Explosive Potion"},{"floor":7.0,"key":"SpeedPotion"}],"is_trial":false,"path_per_floor":["M","?","M","M","?","E","M","E","T","$","R","M","M","M"],"character_chosen":"IRONCLAD","items_purchased":["Enlightenment","Armaments"],"campfire_rested":1,"item_purchase_floors":[10,10],"current_hp_per_floor":[54,80,79,79,79,67,56,15,15,15,39,32,27,0],"gold":35,"neow_bonus":"THREE_RARE_CARDS","is_prod":false,"is_daily":false,"chose_seed":false,"campfire_upgraded":0,"win_rate":0,"timestamp":1557695050,"path_taken":["M","?","M","M","?","E","M","E","T","$","R","M","M","?"],"build_version":"2019-01-23","purchased_purges":1,"victory":false,"max_hp_per_floor":[80,80,80,80,80,80,80,80,80,80,80,80,80,80],"card_choices":[{"not_picked":["Berserk","Immolate"],"picked":"Dark Embrace","floor":0.0},{"not_picked":["Intimidate","Pommel Strike","Evolve"],"picked":"SKIP","floor":1.0},{"not_picked":["Wild Strike","Perfected Strike"],"picked":"Heavy Blade","floor":3.0},{"not_picked":["Pommel Strike","Clash"],"picked":"Disarm","floor":4.0},{"not_picked":["Blood for Blood","Dropkick"],"picked":"Corruption","floor":6.0},{"not_picked":["Iron Wave","Wild Strike","Evolve"],"picked":"SKIP","floor":7.0},{"not_picked":["Iron Wave","Twin Strike","Barricade"],"picked":"SKIP","floor":8.0},{"not_picked":["Clothesline","Intimidate","Headbutt"],"picked":"Battle Trance","floor":12},{"not_picked":["Iron Wave","Carnage","Cleave"],"picked":"Inflame","floor":13}],"player_experience":272590,"relics_obtained":[{"floor":6.0,"key":"Orichalcum"},{"floor":8.0,"key":"Question Card"}],"event_choices":[{"damage_healed":26.0,"max_hp_gain":0.0,"max_hp_loss":0.0,"gold_gain":0.0,"event_name":"Big Fish","player_choice":"Banana","floor":2.0,"gold_loss":0.0,"damage_taken":0.0},{"damage_healed":0.0,"max_hp_gain":0.0,"max_hp_loss":0.0,"gold_gain":0.0,"cards_transformed":["Defend_R"],"event_name":"Transmorgrifier","player_choice":"Transformed","floor":5.0,"gold_loss":0.0,"damage_taken":0.0,"cards_obtained":["Demon Form"]}],"is_beta":false,"boss_relics":[],"items_purged_floors":[10],"is_endless":false,"potions_floor_spawned":[1,3,6,7],"killed_by":"Lots of Slimes","ascension_level":3}