{"gold_per_floor":[12,12,12,12,30,30,55,55,55,55,75,101,120,120,120,224,224,244,244,260,360,51,51,83,8,8,8,26,26,57,83,83,181,181,191,19,19,36,258,258,292,292,292,318,418,418,518,518,518,518,518,518,95,126,126],"floor_reached":55,"playtime":1593,"items_purged":["Writhe","Strike_R","Strike_R"],"score":1131,"play_id":"7d814d74-0985-4b9f-9534-84c635d7ca44","local_time":"20181129134541","is_ascension_mode":true,"campfire_choices":[{"data":"Cleave","floor":6,"key":"SMITH"},{"floor":8,"key":"REST"},{"data":"Clash","floor":10,"key":"SMITH"},{"data":"Hemokinesis","floor":15,"key":"SMITH"},{"floor":23,"key":"REST"},{"floor":27,"key":"DIG"},{"floor":32,"key":"DIG"},{"floor":40,"key":"DIG"},{"floor":42,"key":"DIG"},{"floor":46,"key":"RECALL"},{"floor":49,"key":"DIG"},{"floor":52,"key":"DIG"}],"neow_cost":"NO_GOLD","seed_source_timestamp":1188007521402815,"circlet_count":0,"master_deck":["Strike_R","Strike_R+1","Bash+1","Clash+1","Cleave+1","Hemokinesis+1","Reaper","Clothesline+1","Rampage","Bludgeon","Hemokinesis"],"relics":["Burning Blood","FossilizedHelix","Charon\u0027s Ashes","Anchor","Lantern","Busted Crown","Paper Frog","Thread and Needle","Dodecahedron","Bag of Marbles","Juzu Bracelet","Shovel","Blue Candle","Red Mask","Bag of Preparation","Omamori","Fusion Hammer","Matryoshka","Ginger","Toxic Egg 2","Gremlin Horn","Vajra","Ice Cream","Meat on the Bone","Shuriken","Centennial Puzzle","Whetstone"],"potions_floor_usage":[12,16,20,33,50,50,55,55,55],"damage_taken":[{"damage":0,"enemies":"Small Slimes","floor":1,"turns":3},{"damage":6,"enemies":"2 Louse","floor":5,"turns":2},{"damage":50,"enemies":"3 Sentries","floor":7,"turns":8},{"damage":0,"enemies":"Jaw Worm","floor":11,"turns":1},{"damage":0,"enemies":"Gremlin Nob","floor":12,"turns":2},{"damage":0,"enemies":"Exordium Thugs","floor":13,"turns":2},{"damage":58,"enemies":"Hexaghost","floor":16,"turns":8},{"damage":11,"enemies":"Spheric Guardian","floor":18,"turns":3},{"damage":4,"enemies":"Shell Parasite","floor":20,"turns":2},{"damage":16,"enemies":"Colosseum Slavers","floor":21,"turns":2},{"damage":25,"enemies":"Colosseum Nobs","floor":21,"turns":4},{"damage":19,"enemies":"Gremlin Leader","floor":24,"turns":5},{"damage":0,"enemies":"Centurion and Healer","floor":28,"turns":2},{"damage":0,"enemies":"Masked Bandits","floor":30,"turns":1},{"damage":5,"enemies":"Slavers","floor":31,"turns":4},{"damage":40,"enemies":"Automaton","floor":33,"turns":6},{"damage":0,"enemies":"3 Shapes","floor":35,"turns":1},{"damage":0,"enemies":"3 Darklings","floor":38,"turns":1},{"damage":7,"enemies":"Giant Head","floor":41,"turns":5},{"damage":2,"enemies":"Reptomancer","floor":44,"turns":2},{"damage":0,"enemies":"Mind Bloom Boss Battle","floor":45,"turns":2},{"damage":72,"enemies":"Donu and Deca","floor":50,"turns":7},{"damage":12,"enemies":"Shield and Spear","floor":54,"turns":3},{"damage":85,"enemies":"The Heart","floor":55,"turns":3}],"seed_played":"-8098826197151566644","potions_obtained":[{"floor":5,"key":"Energy Potion"},{"floor":11,"key":"Weak Potion"},{"floor":18,"key":"FearPotion"},{"floor":21,"key":"EssenceOfSteel"},{"floor":24,"key":"Ancient Potion"},{"floor":30,"key":"Block Potion"},{"floor":35,"key":"Regen Potion"}],"is_trial":false,"path_per_floor":["M","?","?","?","M","R","E","R","T","R","M","E","M","T","R","B",null,"M","?","M","?","$","R","E","?","T","R","M","?","?","E","R","B",null,"M","$","?","M","?","R","E","R","T","E","?","R","?","?","R","B",null,"R","$","E","B"],"character_chosen":"IRONCLAD","items_purchased":["Rampage","Bag of Marbles","Regen Potion","Regen Potion","Regen Potion","Centennial Puzzle"],"campfire_rested":2,"item_purchase_floors":[22,22,36,53,53,53],"current_hp_per_floor":[78,78,71,71,71,71,27,51,51,51,57,63,69,69,69,17,64,63,63,65,48,48,72,67,67,67,67,80,80,80,80,80,58,75,80,80,80,80,80,80,80,80,80,80,80,80,80,80,80,49,72,72,72,66,0],"gold":126,"neow_bonus":"REMOVE_TWO","is_prod":false,"is_daily":false,"chose_seed":false,"campfire_upgraded":3,"win_rate":0,"timestamp":1543517141,"path_taken":["M","?","?","?","?","R","E","R","T","R","M","E","M","?","R","BOSS","M","?","M","?","$","R","E","?","T","R","M","?","?","E","R","BOSS","M","$","?","M","?","R","E","R","T","E","?","R","?","?","R","BOSS","R","$","E","BOSS"],"build_version":"2018-11-15","purchased_purges":3,"victory":false,"max_hp_per_floor":[80,80,80,80,80,80,80,80,80,80,80,80,80,80,80,80,80,80,80,80,80,80,80,80,80,80,80,80,80,80,80,80,80,80,80,80,80,80,80,80,80,80,80,80,80,80,80,80,80,80,80,80,80,80,80],"card_choices":[{"not_picked":["True Grit","Seeing Red"],"picked":"Clash","floor":1},{"not_picked":["Body Slam","Sever Soul"],"picked":"Cleave","floor":5},{"not_picked":["Reckless Charge","Heavy Blade","Shockwave"],"picked":"SKIP","floor":7},{"not_picked":["True Grit","Sentinel","Flex"],"picked":"SKIP","floor":11},{"not_picked":["Wild Strike","Corruption","Bloodletting"],"picked":"SKIP","floor":12},{"not_picked":["Corruption","Sword Boomerang"],"picked":"Hemokinesis","floor":13},{"not_picked":["Barricade","Juggernaut"],"picked":"Reaper","floor":16},{"not_picked":["Bloodletting"],"picked":"SKIP","floor":18},{"not_picked":["Cleave"],"picked":"SKIP","floor":20},{"not_picked":[],"picked":"Clothesline+1","floor":21},{"not_picked":["Perfected Strike"],"picked":"SKIP","floor":24},{"not_picked":["Twin Strike"],"picked":"SKIP","floor":28},{"not_picked":[],"picked":"Battle Trance","floor":31},{"not_picked":[],"picked":"Bludgeon","floor":33},{"not_picked":["Heavy Blade+1"],"picked":"SKIP","floor":35},{"not_picked":["Pommel Strike+1"],"picked":"SKIP","floor":38},{"not_picked":["Sword Boomerang+1"],"picked":"SKIP","floor":41},{"not_picked":["Anger+1"],"picked":"SKIP","floor":44},{"not_picked":[],"picked":"Hemokinesis","floor":54}],"player_experience":389104,"relics_obtained":[{"floor":7,"key":"FossilizedHelix"},{"floor":9,"key":"Charon\u0027s Ashes"},{"floor":12,"key":"Anchor"},{"floor":14,"key":"Lantern"},{"floor":21,"key":"Thread and Needle"},{"floor":21,"key":"Dodecahedron"},{"floor":24,"key":"Juzu Bracelet"},{"floor":26,"key":"Shovel"},{"floor":27,"key":"Blue Candle"},{"floor":30,"key":"Red Mask"},{"floor":31,"key":"Bag of Preparation"},{"floor":32,"key":"Omamori"},{"floor":40,"key":"Matryoshka"},{"floor":41,"key":"Ginger"},{"floor":42,"key":"Toxic Egg 2"},{"floor":43,"key":"Gremlin Horn"},{"floor":44,"key":"Vajra"},{"floor":45,"key":"Ice Cream"},{"floor":49,"key":"Meat on the Bone"},{"floor":52,"key":"Shuriken"},{"floor":54,"key":"Whetstone"}],"event_choices":[{"damage_healed":0,"gold_gain":0,"player_choice":"Leave","damage_taken":0,"max_hp_gain":0,"max_hp_loss":0,"event_name":"The Cleric","floor":2,"gold_loss":0},{"cards_removed":["Defend_R"],"damage_healed":0,"gold_gain":0,"player_choice":"Card Removal","damage_taken":7,"max_hp_gain":0,"max_hp_loss":0,"event_name":"Golden Wing","floor":3,"gold_loss":0},{"cards_removed":["Defend_R"],"damage_healed":0,"gold_gain":0,"player_choice":"Forget","damage_taken":0,"max_hp_gain":0,"max_hp_loss":0,"event_name":"Living Wall","floor":4,"gold_loss":0},{"damage_healed":0,"gold_gain":0,"player_choice":"Opened","damage_taken":0,"relics_obtained":["Paper Frog"],"max_hp_gain":0,"max_hp_loss":0,"event_name":"The Mausoleum","floor":19,"gold_loss":0,"cards_obtained":["Writhe"]},{"damage_healed":0,"gold_gain":0,"player_choice":"Fight","damage_taken":0,"max_hp_gain":0,"max_hp_loss":0,"event_name":"Colosseum","floor":21,"gold_loss":0},{"damage_healed":0,"gold_gain":0,"player_choice":"Fought Nobs","damage_taken":0,"max_hp_gain":0,"max_hp_loss":0,"event_name":"Colosseum","floor":21,"gold_loss":0},{"cards_removed":["Defend_R"],"damage_healed":0,"gold_gain":0,"player_choice":"Gave Gold","damage_taken":0,"max_hp_gain":0,"max_hp_loss":0,"event_name":"Beggar","floor":25,"gold_loss":75},{"damage_healed":0,"gold_gain":0,"player_choice":"Ignored","damage_taken":0,"max_hp_gain":0,"max_hp_loss":0,"event_name":"Ghosts","floor":29,"gold_loss":0},{"damage_healed":0,"gold_gain":0,"player_choice":"Fought Bandits","damage_taken":0,"max_hp_gain":0,"max_hp_loss":0,"event_name":"Masked Bandits","floor":30,"gold_loss":0},{"damage_healed":0,"gold_gain":0,"player_choice":"Memory 1","damage_taken":0,"max_hp_gain":0,"max_hp_loss":0,"event_name":"SensoryStone","floor":37,"gold_loss":0},{"damage_healed":0,"gold_gain":222,"player_choice":"Wore Mask","damage_taken":0,"max_hp_gain":0,"max_hp_loss":0,"event_name":"Tomb of Lord Red Mask","floor":39,"gold_loss":0},{"damage_healed":0,"gold_gain":0,"player_choice":"Fight","damage_taken":0,"max_hp_gain":0,"max_hp_loss":0,"event_name":"MindBloom","floor":45,"gold_loss":0},{"damage_healed":0,"gold_gain":100,"player_choice":"Pray","damage_taken":0,"max_hp_gain":0,"max_hp_loss":0,"event_name":"Golden Shrine","floor":47,"gold_loss":0},{"cards_removed":["Battle Trance"],"damage_healed":0,"gold_gain":0,"player_choice":"Removed Skill","damage_taken":0,"max_hp_gain":0,"max_hp_loss":0,"event_name":"Falling","floor":48,"gold_loss":0}],"is_beta":true,"boss_relics":[{"not_picked":["Pandora\u0027s Box","Philosopher\u0027s Stone"],"picked":"Busted Crown"},{"not_picked":["Mark of Pain","Sozu"],"picked":"Fusion Hammer"}],"items_purged_floors":[22,36,53],"is_endless":false,"potions_floor_spawned":[5,11,18,21,21,24,30,35,41,45],"killed_by":"The Heart","ascension_level":6}