{"gold_per_floor":[110,130,130,130,130,169,169,185,254,273,314,314,349,364,364,495,495,518,518,537,550,55,55,91,91,391,431,447,480,501,519,519,649,649,663,676,177,195,214,214,214,238,293,318,33,33,366,420,420,420],"floor_reached":51,"playtime":5212,"items_purged":["Strike_G","Strike_G","Strike_G"],"score":805,"play_id":"3340dfdc-0a34-4dc5-b3fe-28f35758ff52","local_time":"20190531225950","is_ascension_mode":true,"campfire_choices":[{"data":"Neutralize","floor":7,"key":"SMITH"},{"data":"PiercingWail","floor":12,"key":"SMITH"},{"data":"After Image","floor":15,"key":"SMITH"},{"floor":23,"key":"REST"},{"data":"Footwork","floor":25,"key":"SMITH"},{"floor":32,"key":"REST"},{"floor":40,"key":"REST"},{"floor":46,"key":"REST"},{"floor":49,"key":"REST"}],"neow_cost":"NONE","seed_source_timestamp":1179962166327425,"circlet_count":0,"master_deck":["Defend_G","Defend_G","Defend_G","Defend_G","Defend_G","Strike_G","Strike_G+1","Survivor","Neutralize+1","Dagger Spray","Backflip","Distraction","PiercingWail+1","Poisoned Stab+1","Deadly Poison","After Image+1","A Thousand Cuts","Blade Dance+1","PiercingWail","Blade Dance","Escape Plan","Accuracy","Accuracy","Noxious Fumes","Blade Dance","Well Laid Plans","Footwork+1","Footwork","Burst","PiercingWail+1","Terror","Blur","Glass Knife","Malaise","Outmaneuver+1","Blur","Footwork","Escape Plan+1","Crippling Poison+1","Infinite Blades+1","Noxious Fumes+1"],"relics":["Ring of the Serpent","NeowsBlessing","Ancient Tea Set","The Courier","Matryoshka","Odd Mushroom","Nloth\u0027s Gift","Mummified Hand","Pen Nib","Old Coin","Regal Pillow","Letter Opener","Fusion Hammer","Shuriken","Whetstone","Smiling Mask","Dream Catcher","Lantern","Nunchaku","StoneCalendar"],"potions_floor_usage":[10,11,16,24,29,36,36,50,50],"damage_taken":[{"damage":0,"enemies":"Cultist","floor":1,"turns":1},{"damage":0,"enemies":"Small Slimes","floor":2,"turns":1},{"damage":0,"enemies":"3 Sentries","floor":6,"turns":1},{"damage":0,"enemies":"2 Louse","floor":8,"turns":2},{"damage":6,"enemies":"Large Slime","floor":10,"turns":9},{"damage":17,"enemies":"Lagavulin","floor":11,"turns":7},{"damage":6,"enemies":"The Mushroom Lair","floor":13,"turns":6},{"damage":1,"enemies":"Exordium Wildlife","floor":14,"turns":5},{"damage":8,"enemies":"Hexaghost","floor":16,"turns":9},{"damage":0,"enemies":"Shell Parasite","floor":18,"turns":8},{"damage":15,"enemies":"Spheric Guardian","floor":20,"turns":6},{"damage":23,"enemies":"Snecko","floor":21,"turns":7},{"damage":16,"enemies":"Book of Stabbing","floor":24,"turns":9},{"damage":25,"enemies":"Gremlin Leader","floor":27,"turns":6},{"damage":2,"enemies":"Centurion and Healer","floor":28,"turns":7},{"damage":0,"enemies":"Book of Stabbing","floor":29,"turns":5},{"damage":0,"enemies":"3 Cultists","floor":30,"turns":5},{"damage":4,"enemies":"Shelled Parasite and Fungi","floor":31,"turns":5},{"damage":8,"enemies":"Champ","floor":33,"turns":13},{"damage":0,"enemies":"3 Darklings","floor":35,"turns":5},{"damage":12,"enemies":"3 Shapes","floor":36,"turns":4},{"damage":9,"enemies":"3 Darklings","floor":38,"turns":6},{"damage":2,"enemies":"Maw","floor":39,"turns":9},{"damage":19,"enemies":"Spire Growth","floor":42,"turns":5},{"damage":2,"enemies":"Sphere and 2 Shapes","floor":44,"turns":4},{"damage":0,"enemies":"2 Orb Walkers","floor":48,"turns":5},{"damage":9,"enemies":"Donu and Deca","floor":50,"turns":7}],"seed_played":"72355410209689885","potions_obtained":[{"floor":1,"key":"Strength Potion"},{"floor":6,"key":"Weak Potion"},{"floor":11,"key":"Poison Potion"},{"floor":21,"key":"Regen Potion"},{"floor":27,"key":"FearPotion"},{"floor":28,"key":"Block Potion"},{"floor":33,"key":"Fire Potion"},{"floor":39,"key":"Regen Potion"},{"floor":42,"key":"Strength Potion"},{"floor":44,"key":"Strength Potion"}],"is_trial":false,"path_per_floor":["M","M","?","?","?","E","R","M","T","M","E","R","?","M","R","B",null,"M","?","M","M","$","R","E","R","T","E","M","E","M","M","R","B",null,"M","M","$","M","M","R","?","M","T","M","$","R","?","?","R","B",null],"character_chosen":"THE_SILENT","items_purchased":["Escape Plan","Accuracy","Accuracy","Noxious Fumes","Blade Dance","Well Laid Plans","Footwork","Footwork","Shuriken","Whetstone","Blur","Footwork","Nunchaku"],"campfire_rested":5,"item_purchase_floors":[22,22,22,22,22,22,22,22,37,37,37,37,45],"current_hp_per_floor":[70,70,67,65,70,70,70,70,70,64,47,47,41,40,40,32,70,70,70,55,32,32,53,52,52,52,27,25,25,25,21,57,49,70,70,58,58,49,47,70,70,51,51,49,49,70,70,70,70,61],"gold":420,"neow_bonus":"THREE_ENEMY_KILL","is_prod":false,"is_daily":false,"chose_seed":false,"campfire_upgraded":4,"win_rate":0,"timestamp":1559365190,"path_taken":["M","?","?","?","?","E","R","M","T","M","E","R","?","M","R","BOSS","M","?","M","M","$","R","E","R","T","E","M","E","?","M","R","BOSS","M","M","$","M","M","R","?","?","T","M","$","R","?","?","R","BOSS"],"build_version":"2019-01-23","purchased_purges":3,"victory":true,"max_hp_per_floor":[70,70,70,65,70,70,70,70,70,70,70,70,70,70,70,70,70,70,70,70,70,70,70,70,70,70,70,70,70,70,70,70,70,70,70,70,70,70,70,70,70,70,70,70,70,70,70,70,70,70],"card_choices":[{"not_picked":["Bouncing Flask","Prepared"],"picked":"Dagger Spray","floor":1},{"not_picked":["Sucker Punch","Dodge and Roll"],"picked":"Backflip","floor":2},{"not_picked":["Masterful Stab","Endless Agony"],"picked":"Distraction","floor":6},{"not_picked":["All Out Attack","Tools of the Trade"],"picked":"PiercingWail","floor":8},{"not_picked":["Sucker Punch","Calculated Gamble"],"picked":"Poisoned Stab","floor":10},{"not_picked":["Infinite Blades","Blade Dance"],"picked":"Deadly Poison","floor":11},{"not_picked":["Acrobatics","Outmaneuver"],"picked":"After Image","floor":14},{"not_picked":["Phantasmal Killer","Wraith Form v2"],"picked":"A Thousand Cuts","floor":16},{"not_picked":["Poisoned Stab","Dagger Throw"],"picked":"Blade Dance+1","floor":18},{"not_picked":["Deadly Poison+1","Flying Knee+1"],"picked":"PiercingWail","floor":20},{"not_picked":["Eviscerate","Dash"],"picked":"Blade Dance","floor":21},{"not_picked":["Reflex+1","Backflip"],"picked":"Burst","floor":24},{"not_picked":["Dagger Throw+1","Terror"],"picked":"PiercingWail+1","floor":27},{"not_picked":["Flying Knee","Bullet Time"],"picked":"Terror","floor":28},{"not_picked":["Leg Sweep","Flying Knee"],"picked":"Blur","floor":29},{"not_picked":["Dagger Throw","Prepared+1"],"picked":"Glass Knife","floor":30},{"not_picked":["Bouncing Flask","Sucker Punch","Well Laid Plans"],"picked":"SKIP","floor":31},{"not_picked":["Burst","Doppelganger"],"picked":"Malaise","floor":33},{"not_picked":["Underhanded Strike+1","PiercingWail+1"],"picked":"Outmaneuver+1","floor":35},{"not_picked":["Prepared","Poisoned Stab+1","Flechettes+1"],"picked":"SKIP","floor":36},{"not_picked":["Die Die Die","Catalyst"],"picked":"Escape Plan+1","floor":38},{"not_picked":["Flying Knee","Malaise"],"picked":"Crippling Poison+1","floor":39},{"not_picked":["Choke","Blur"],"picked":"Infinite Blades+1","floor":42},{"not_picked":["Crippling Poison","A Thousand Cuts","Deadly Poison+1"],"picked":"SKIP","floor":44},{"not_picked":["Poisoned Stab+1","Infinite Blades+1"],"picked":"Noxious Fumes+1","floor":48}],"player_experience":51369,"relics_obtained":[{"floor":6,"key":"Bag of Preparation"},{"floor":9,"key":"The Courier"},{"floor":11,"key":"Matryoshka"},{"floor":13,"key":"Odd Mushroom"},{"floor":24,"key":"Mummified Hand"},{"floor":26,"key":"Pen Nib"},{"floor":26,"key":"Old Coin"},{"floor":27,"key":"Regal Pillow"},{"floor":29,"key":"Letter Opener"},{"floor":43,"key":"Dream Catcher"},{"floor":43,"key":"Lantern"},{"floor":48,"key":"StoneCalendar"}],"event_choices":[{"damage_healed":0,"gold_gain":0,"player_choice":"Success","damage_taken":3,"relics_obtained":["Ancient Tea Set"],"max_hp_gain":0,"max_hp_loss":0,"event_name":"Scrap Ooze","floor":3,"gold_loss":0},{"damage_healed":0,"gold_gain":0,"player_choice":"Lose Max HP","damage_taken":0,"relics_obtained":["Golden Idol"],"max_hp_gain":0,"max_hp_loss":5,"event_name":"Golden Idol","floor":4,"gold_loss":0},{"damage_healed":0,"gold_gain":0,"player_choice":"Donut","damage_taken":0,"max_hp_gain":5,"max_hp_loss":0,"event_name":"Big Fish","floor":5,"gold_loss":0},{"damage_healed":0,"gold_gain":0,"player_choice":"Fought Mushrooms","damage_taken":0,"max_hp_gain":0,"max_hp_loss":0,"event_name":"Mushrooms","floor":13,"gold_loss":0},{"damage_healed":0,"gold_gain":0,"player_choice":"Traded Relic","damage_taken":0,"relics_obtained":["Nloth\u0027s Gift"],"max_hp_gain":0,"max_hp_loss":0,"event_name":"N\u0027loth","floor":19,"relics_lost":["Bag of Preparation"],"gold_loss":0},{"damage_healed":0,"gold_gain":0,"player_choice":"Gave Potion","damage_taken":0,"relics_obtained":["Smiling Mask"],"max_hp_gain":0,"max_hp_loss":0,"event_name":"WeMeetAgain","floor":41,"gold_loss":0},{"damage_healed":0,"gold_gain":333,"player_choice":"Gave Idol","damage_taken":0,"max_hp_gain":0,"max_hp_loss":0,"event_name":"The Moai Head","floor":47,"relics_lost":["Golden Idol"],"gold_loss":0},{"damage_healed":0,"gold_gain":0,"player_choice":"Fight","damage_taken":0,"max_hp_gain":0,"max_hp_loss":0,"event_name":"Mysterious Sphere","floor":48,"gold_loss":0}],"is_beta":false,"boss_relics":[{"not_picked":["Philosopher\u0027s Stone","Empty Cage"],"picked":"Ring of the Serpent"},{"not_picked":["Orrery","Calling Bell"],"picked":"Fusion Hammer"}],"items_purged_floors":[22,37,45],"is_endless":false,"potions_floor_spawned":[1,6,11,21,27,28,33,39,42,44],"ascension_level":1}