{"gold_per_floor":[112,112,112,60,74,74,89,122,173,243,268,268,289,324,324,447,447,470,470,470,370,385,419,419,52,79,79,79,103,103,202,202,328,328,352,685,534,534,545,545,545,565,565,40,53,53,88,0,0,0],"floor_reached":51,"playtime":3515,"items_purged":["Hello World"],"score":773,"play_id":"378192b3-0b66-47ee-a6a0-b03e0000cdaf","local_time":"20190525014352","is_ascension_mode":true,"campfire_choices":[{"floor":6.0,"key":"REST"},{"floor":12.0,"key":"REST"},{"floor":15.0,"key":"REST"},{"data":"Defragment","floor":24.0,"key":"SMITH"},{"data":"Redo","floor":28.0,"key":"SMITH"},{"data":"Go for the Eyes","floor":30.0,"key":"SMITH"},{"data":"Tempest","floor":32.0,"key":"SMITH"},{"data":"Loop","floor":41.0,"key":"SMITH"},{"floor":49,"key":"REST"}],"neow_cost":"NONE","seed_source_timestamp":446964780638547,"circlet_count":0,"master_deck":["Strike_B+1","Strike_B+1","Strike_B+1","Strike_B+1","Defend_B+1","Defend_B+1","Defend_B+1","Defend_B+1","Zap+1","Dualcast","Redo+1","Defragment+1","Cold Snap+1","Go for the Eyes+1","Sweeping Beam","Undo","Electrodynamics","Rip and Tear+1","Capacitor","Cold Snap","Self Repair","Tempest+1","Biased Cognition","Loop+1","Leap+1","Seek","FTL","Turbo+1"],"special_seed":0,"relics":["Cracked Core","Bronze Scales","Juzu Bracelet","Tiny Chest","Bag of Preparation","Eternal Feather","Pear","FossilizedHelix","Blood Vial","Sozu","Whetstone","Membership Card","Ice Cream","Boot","Emotion Chip","Red Mask"],"potions_floor_usage":[45,45],"damage_taken":[{"damage":2.0,"enemies":"Small Slimes","floor":1.0,"turns":4.0},{"damage":0.0,"enemies":"Jaw Worm","floor":5.0,"turns":3.0},{"damage":0.0,"enemies":"2 Louse","floor":7.0,"turns":2.0},{"damage":6.0,"enemies":"Lagavulin","floor":8.0,"turns":8.0},{"damage":22.0,"enemies":"Gremlin Nob","floor":10.0,"turns":4.0},{"damage":5.0,"enemies":"Red Slaver","floor":11.0,"turns":3.0},{"damage":2.0,"enemies":"Looter","floor":13.0,"turns":3.0},{"damage":22.0,"enemies":"3 Sentries","floor":14.0,"turns":5.0},{"damage":5.0,"enemies":"Slime Boss","floor":16.0,"turns":11.0},{"damage":0.0,"enemies":"3 Byrds","floor":18.0,"turns":2.0},{"damage":6.0,"enemies":"Chosen","floor":22.0,"turns":6.0},{"damage":40.0,"enemies":"Book of Stabbing","floor":23.0,"turns":7.0},{"damage":8.0,"enemies":"Centurion and Healer","floor":29.0,"turns":5.0},{"damage":54.0,"enemies":"Automaton","floor":33.0,"turns":9.0},{"damage":10.0,"enemies":"3 Darklings","floor":35.0,"turns":4.0},{"damage":6.0,"enemies":"3 Shapes","floor":39.0,"turns":4.0},{"damage":0.0,"enemies":"Giant Head","floor":40.0,"turns":8.0},{"damage":31.0,"enemies":"Jaw Worm Horde","floor":42.0,"turns":5.0},{"damage":0,"enemies":"Spire Growth","floor":45,"turns":4},{"damage":32,"enemies":"Nemesis","floor":47,"turns":7},{"damage":39,"enemies":"Donu and Deca","floor":50,"turns":7}],"seed_played":"353284421113612775","potions_obtained":[{"floor":1.0,"key":"FocusPotion"},{"floor":7.0,"key":"Energy Potion"},{"floor":8.0,"key":"PowerPotion"},{"floor":16.0,"key":"FairyPotion"},{"floor":29.0,"key":"EntropicBrew"}],"is_trial":false,"path_per_floor":["M","?","?","$","M","R","M","E","T","E","M","R","M","E","R","B",null,"M","?","?","$","M","E","R","$","T","?","R","M","R","?","R","B",null,"M","?","$","?","M","E","R","M","T","$","M","?","E","?","R","B",null],"character_chosen":"DEFECT","items_purchased":["PowerPotion","Capacitor","Cold Snap","Self Repair","FossilizedHelix","Loop","Membership Card","Ice Cream","Seek","FTL","Boot"],"campfire_rested":4,"item_purchase_floors":[4,21,21,25,25,37,44,44,44,44,44],"current_hp_per_floor":[73,55,40,40,40,62,62,56,56,34,29,51,49,27,49,44,75,75,75,75,75,69,39,51,51,51,51,63,64,76,76,85,38,85,82,82,82,82,85,85,85,54,54,54,63,63,33,33,73,43],"gold":0,"neow_bonus":"THREE_CARDS","is_prod":false,"is_daily":false,"chose_seed":false,"campfire_upgraded":5,"win_rate":0,"timestamp":1558737832,"path_taken":["M","?","?","$","M","R","M","E","T","E","M","R","M","E","R","BOSS","M","?","?","$","M","E","R","$","T","?","R","M","R","?","R","BOSS","M","?","$","?","M","E","R","M","T","$","M","?","E","?","R","BOSS"],"build_version":"2019-01-23","purchased_purges":1,"victory":true,"max_hp_per_floor":[75,75,75,75,75,75,75,75,75,75,75,75,75,75,75,75,75,75,75,75,75,75,85,85,85,85,85,85,85,85,85,85,85,85,85,85,85,85,85,85,85,85,85,85,85,85,85,85,85,85],"card_choices":[{"not_picked":["Darkness","Storm"],"picked":"Redo","floor":0.0},{"not_picked":["Scrape","Go for the Eyes"],"picked":"Hello World","floor":1.0},{"not_picked":["Barrage","FTL"],"picked":"Defragment","floor":5.0},{"not_picked":["Gash","Doom and Gloom"],"picked":"Cold Snap","floor":7.0},{"not_picked":["Consume","Force Field","Blizzard"],"picked":"SKIP","floor":8.0},{"not_picked":["Streamline","Turbo","Compile Driver"],"picked":"SKIP","floor":10.0},{"not_picked":["Rebound","Coolheaded"],"picked":"Go for the Eyes","floor":11.0},{"not_picked":["Stack","Barrage"],"picked":"Sweeping Beam","floor":13.0},{"not_picked":["Stack","Rainbow"],"picked":"Undo","floor":14.0},{"not_picked":["Meteor Strike","Buffer"],"picked":"Electrodynamics","floor":16.0},{"not_picked":["Go for the Eyes","Chaos+1"],"picked":"Rip and Tear","floor":18.0},{"not_picked":["Leap","Streamline","Sweeping Beam"],"picked":"SKIP","floor":22.0},{"not_picked":["Auto Shields","Beam Cell","Cold Snap"],"picked":"SKIP","floor":23.0},{"not_picked":["Ball Lightning+1","All For One"],"picked":"Tempest","floor":29.0},{"not_picked":["Fission","Thunder Strike"],"picked":"Biased Cognition","floor":33.0},{"not_picked":["Rebound","Redo","Darkness"],"picked":"SKIP","floor":35.0},{"not_picked":["Hologram","Hello World+1"],"picked":"Leap+1","floor":39.0},{"not_picked":["Fusion+1","Beam Cell","Steam+1"],"picked":"SKIP","floor":42.0},{"not_picked":["Sweeping Beam+1","Rebound+1","Barrage"],"picked":"SKIP","floor":45},{"not_picked":["Heatsinks","Sunder+1"],"picked":"Turbo+1","floor":47}],"player_experience":821363,"relics_obtained":[{"floor":8.0,"key":"Bronze Scales"},{"floor":9.0,"key":"Juzu Bracelet"},{"floor":10.0,"key":"Tiny Chest"},{"floor":14.0,"key":"Bag of Preparation"},{"floor":23.0,"key":"Pear"},{"floor":26.0,"key":"Blood Vial"},{"floor":43.0,"key":"Whetstone"},{"floor":47,"key":"Emotion Chip"}],"event_choices":[{"damage_healed":0.0,"max_hp_gain":0.0,"max_hp_loss":0.0,"gold_gain":0.0,"event_name":"Golden Idol","player_choice":"Take Damage","floor":2.0,"gold_loss":0.0,"damage_taken":18.0,"relics_obtained":["Golden Idol"]},{"damage_healed":0.0,"max_hp_gain":0.0,"max_hp_loss":0.0,"gold_gain":0.0,"event_name":"Shining Light","player_choice":"Entered Light","floor":3.0,"gold_loss":0.0,"damage_taken":15.0,"cards_upgraded":["Defend_B","Defend_B"]},{"damage_healed":0.0,"max_hp_gain":0.0,"max_hp_loss":0.0,"gold_gain":0.0,"event_name":"Back to Basics","player_choice":"Simplicity","floor":19.0,"gold_loss":0.0,"damage_taken":0.0,"cards_upgraded":["Strike_B","Strike_B","Strike_B","Strike_B","Defend_B","Defend_B"]},{"damage_healed":0.0,"max_hp_gain":0.0,"max_hp_loss":0.0,"gold_gain":0.0,"event_name":"Ghosts","player_choice":"Ignored","floor":20.0,"gold_loss":0.0,"damage_taken":0.0},{"damage_healed":0.0,"max_hp_gain":0.0,"max_hp_loss":0.0,"gold_gain":0.0,"event_name":"Upgrade Shrine","player_choice":"Upgraded","floor":27.0,"gold_loss":0.0,"damage_taken":0.0,"cards_upgraded":["Zap"]},{"damage_healed":0.0,"max_hp_gain":0.0,"max_hp_loss":0.0,"gold_gain":99.0,"event_name":"Nest","player_choice":"Stole From Cult","floor":31.0,"gold_loss":0.0,"damage_taken":0.0},{"damage_healed":0.0,"max_hp_gain":0.0,"max_hp_loss":0.0,"gold_gain":333.0,"event_name":"The Moai Head","player_choice":"Gave Idol","floor":36.0,"relics_lost":["Golden Idol"],"gold_loss":0.0,"damage_taken":0.0},{"damage_healed":0.0,"max_hp_gain":0.0,"max_hp_loss":0.0,"gold_gain":0.0,"event_name":"SensoryStone","player_choice":"Memory 1","floor":38.0,"gold_loss":0.0,"damage_taken":0.0},{"damage_healed":0,"gold_gain":0,"player_choice":"Ignored","damage_taken":0,"max_hp_gain":0,"max_hp_loss":0,"event_name":"SecretPortal","floor":46,"gold_loss":0},{"damage_healed":0,"gold_gain":0,"player_choice":"Paid","damage_taken":0,"relics_obtained":["Red Mask"],"max_hp_gain":0,"max_hp_loss":0,"event_name":"Tomb of Lord Red Mask","floor":48,"gold_loss":88}],"is_beta":false,"boss_relics":[{"not_picked":["Velvet Choker","Tiny House"],"picked":"Eternal Feather"},{"not_picked":["Fusion Hammer","Nuclear Battery"],"picked":"Sozu"}],"items_purged_floors":[37],"is_endless":false,"potions_floor_spawned":[1,7,8,16,29,39,40,42],"ascension_level":1}