{"gold_per_floor":[119,139,16,26,26,26,42,42,42,67,342,342,37,62,62,163,463,478,478,493,493],"floor_reached":21,"playtime":1700,"items_purged":["Strike_R","Regret"],"score":212,"play_id":"11fbbc3a-80f8-4922-b757-35088301fe1d","local_time":"20190107214132","is_ascension_mode":false,"campfire_choices":[{"data":"Heavy Blade","floor":6,"key":"SMITH"},{"data":"Inflame","floor":8,"key":"SMITH"},{"data":"Heavy Blade","floor":12,"key":"SMITH"},{"data":"Heavy Blade","floor":15,"key":"SMITH"}],"neow_cost":"NONE","seed_source_timestamp":198358731482282,"circlet_count":0,"master_deck":["Defend_R","Defend_R","Defend_R","Bash","Heavy Blade+1","Heavy Blade+1","Warcry","Feed","Inflame+1","Flame Barrier","Shrug It Off","Heavy Blade+1","Dark Embrace","Parasite","Parasite","Doubt","Rage","Bite","Bite","Bite","Bite","Bite","Bloodletting"],"relics":["Burning Blood","Potion Belt","Ornamental Fan","Shuriken","Lantern","Boot","Calling Bell","Strawberry","Matryoshka","Old Coin"],"potions_floor_usage":[16,21],"damage_taken":[{"damage":4,"enemies":"2 Louse","floor":1,"turns":3},{"damage":1,"enemies":"Cultist","floor":2,"turns":3},{"damage":3,"enemies":"Jaw Worm","floor":4,"turns":4},{"damage":12,"enemies":"Exordium Thugs","floor":7,"turns":5},{"damage":6,"enemies":"Gremlin Nob","floor":10,"turns":3},{"damage":17,"enemies":"3 Sentries","floor":14,"turns":6},{"damage":55,"enemies":"The Guardian","floor":16,"turns":9},{"damage":33,"enemies":"3 Byrds","floor":18,"turns":5},{"damage":18,"enemies":"Spheric Guardian","floor":20,"turns":4},{"damage":70,"enemies":"Masked Bandits","floor":21,"turns":5}],"seed_played":"5351618657359905037","potions_obtained":[{"floor":7,"key":"FearPotion"},{"floor":10,"key":"AttackPotion"},{"floor":14,"key":"Energy Potion"}],"is_trial":false,"path_per_floor":["M","M","$","M","?","R","M","R","T","E","?","R","$","E","R","B",null,"M","?","M","?"],"character_chosen":"IRONCLAD","items_purchased":["Warcry","Lantern","Shrug It Off"],"campfire_rested":0,"item_purchase_floors":[3,13,13],"current_hp_per_floor":[80,80,80,80,80,80,77,77,77,80,80,80,80,72,72,23,96,69,67,59,0],"gold":493,"neow_bonus":"RANDOM_COMMON_RELIC","is_prod":false,"is_daily":false,"chose_seed":false,"campfire_upgraded":4,"win_rate":0.0,"timestamp":1546915292,"path_taken":["M","M","$","M","?","R","?","R","T","E","?","R","$","E","R","BOSS","M","?","M","?"],"build_version":"2019-01-03v4","purchased_purges":2,"victory":false,"max_hp_per_floor":[80,80,80,80,80,80,83,83,83,86,86,86,86,89,89,89,96,96,67,67,67],"card_choices":[{"not_picked":["Flex","Clothesline"],"picked":"Heavy Blade","floor":1},{"not_picked":["Sword Boomerang","Cleave"],"picked":"Heavy Blade","floor":2},{"not_picked":["Warcry","Second Wind"],"picked":"Feed","floor":4},{"not_picked":["Iron Wave","Body Slam"],"picked":"Inflame","floor":7},{"not_picked":["Armaments","Dual Wield"],"picked":"Flame Barrier","floor":10},{"not_picked":["Berserk","Corruption"],"picked":"Heavy Blade","floor":14},{"not_picked":["Impervious","Demon Form"],"picked":"Dark Embrace","floor":16},{"not_picked":["Flex","Twin Strike+1"],"picked":"Rage","floor":18},{"not_picked":["Fire Breathing","Sword Boomerang+1"],"picked":"Bloodletting","floor":20}],"player_experience":25885,"relics_obtained":[{"floor":9,"key":"Ornamental Fan"},{"floor":10,"key":"Shuriken"},{"floor":14,"key":"Boot"},{"floor":17,"key":"Strawberry"},{"floor":17,"key":"Matryoshka"},{"floor":17,"key":"Old Coin"}],"event_choices":[{"cards_removed":["Defend_R"],"damage_healed":0,"gold_gain":0,"player_choice":"Card Removal","damage_taken":0,"max_hp_gain":0,"max_hp_loss":0,"event_name":"Wheel of Change","floor":5,"gold_loss":0},{"damage_healed":0,"gold_gain":275,"player_choice":"Desecrate","damage_taken":0,"max_hp_gain":0,"max_hp_loss":0,"event_name":"Golden Shrine","floor":11,"gold_loss":0,"cards_obtained":["Regret"]},{"damage_healed":0,"gold_gain":0,"player_choice":"Became a vampire","damage_taken":0,"max_hp_gain":0,"max_hp_loss":29,"event_name":"Vampires","floor":19,"gold_loss":0,"cards_obtained":["Bite","Bite","Bite","Bite","Bite"]},{"damage_healed":0,"gold_gain":0,"player_choice":"Fought Bandits","damage_taken":0,"max_hp_gain":0,"max_hp_loss":0,"event_name":"Masked Bandits","floor":21,"gold_loss":0}],"is_beta":false,"boss_relics":[{"not_picked":["Coffee Dripper","Runic Pyramid"],"picked":"Calling Bell"}],"items_purged_floors":[3,13],"is_endless":false,"potions_floor_spawned":[7,10,14],"killed_by":"Masked Bandits","ascension_level":0}