{"gold_per_floor":[115,131,146,162,95,95,115,140,163,338,338,372,372,399,399,501,501,517,535,546,546,546],"floor_reached":22,"playtime":1580,"items_purged":[],"score":216,"play_id":"6db8a4e6-b925-496f-b041-2063d4b055b4","local_time":"20180916155225","is_ascension_mode":true,"campfire_choices":[{"data":"Neutralize","floor":6,"key":"SMITH"},{"floor":11,"key":"REST"},{"data":"Unload","floor":13,"key":"SMITH"},{"floor":15,"key":"REST"}],"neow_cost":"NONE","seed_source_timestamp":99453990989612,"circlet_count":0,"master_deck":["Defend_G","Defend_G","Defend_G","Defend_G","Defend_G","Strike_G","Strike_G","Strike_G","Strike_G","Strike_G","Survivor","Neutralize+1","Cloak And Dagger","Cloak And Dagger","Escape Plan","Unload+1","Calculated Gamble","Backflip","Caltrops","Storm of Steel","Blade Dance+1"],"relics":["Ring of the Snake","Dream Catcher","Regal Pillow","Omamori","Ancient Tea Set","Odd Mushroom","Coffee Dripper","CultistMask"],"potions_floor_usage":[8,14,22],"damage_taken":[{"damage":1,"enemies":"Cultist","floor":1,"turns":5},{"damage":0,"enemies":"Small Slimes","floor":2,"turns":3},{"damage":0,"enemies":"2 Louse","floor":3,"turns":2},{"damage":22,"enemies":"Gremlin Gang","floor":4,"turns":8},{"damage":0,"enemies":"Large Slime","floor":7,"turns":7},{"damage":17,"enemies":"Gremlin Nob","floor":8,"turns":5},{"damage":17,"enemies":"3 Sentries","floor":12,"turns":11},{"damage":0,"enemies":"The Mushroom Lair","floor":14,"turns":4},{"damage":59,"enemies":"Slime Boss","floor":16,"turns":17},{"damage":19,"enemies":"Chosen","floor":18,"turns":7},{"damage":18,"enemies":"Spheric Guardian","floor":19,"turns":5},{"damage":31,"enemies":"Centurion and Healer","floor":20,"turns":9},{"damage":6,"enemies":"Chosen and Byrds","floor":22,"turns":6}],"seed_played":"2107278861927999016","potions_obtained":[{"floor":4,"key":"Weak Potion"},{"floor":8,"key":"GhostInAJar"},{"floor":12,"key":"Ancient Potion"},{"floor":16,"key":"SpeedPotion"},{"floor":20,"key":"FearPotion"}],"is_trial":false,"path_per_floor":["M","M","M","M","$","R","M","E","T","?","R","E","R","?","R","B",null,"M","M","M","?"],"character_chosen":"THE_SILENT","items_purchased":["Unload"],"campfire_rested":2,"item_purchase_floors":[5],"current_hp_per_floor":[69,69,69,47,47,47,47,30,30,30,66,49,49,49,70,11,70,51,33,2,2,0],"gold":546,"neow_bonus":"RANDOM_COMMON_RELIC","is_prod":false,"is_daily":false,"chose_seed":false,"campfire_upgraded":2,"win_rate":0,"timestamp":1537127545,"path_taken":["M","?","M","M","$","R","M","E","T","?","R","E","R","?","R","BOSS","M","M","M","?","M"],"build_version":"2018-09-12","purchased_purges":0,"victory":false,"max_hp_per_floor":[70,70,70,70,70,70,70,70,70,70,70,70,70,70,70,70,70,70,70,70,70,70],"card_choices":[{"not_picked":["Outmaneuver","Crippling Poison"],"picked":"Cloak And Dagger","floor":1},{"not_picked":["Acrobatics","Outmaneuver"],"picked":"Cloak And Dagger","floor":2},{"not_picked":["Deadly Poison","Outmaneuver","Calculated Gamble"],"picked":"SKIP","floor":3},{"not_picked":["Distraction","Tactician"],"picked":"Escape Plan","floor":4},{"not_picked":["PiercingWail","Grand Finale","Deadly Poison"],"picked":"SKIP","floor":7},{"not_picked":["Well Laid Plans","Flying Knee"],"picked":"Calculated Gamble","floor":8},{"not_picked":["Prepared","Flying Knee","Bane"],"picked":"SKIP","floor":12},{"not_picked":["Envenom","Setup"],"picked":"Backflip","floor":14},{"not_picked":["Underhanded Strike","Poisoned Stab"],"picked":"Caltrops","floor":15},{"not_picked":["Venomology","Wraith Form v2"],"picked":"Storm of Steel","floor":16},{"not_picked":["Tactician","Bane","Sucker Punch"],"picked":"SKIP","floor":18},{"not_picked":["Prepared","Flechettes"],"picked":"Blade Dance+1","floor":19},{"not_picked":["Blur","Deadly Poison","Underhanded Strike"],"picked":"SKIP","floor":20}],"player_experience":304759,"relics_obtained":[{"floor":8,"key":"Regal Pillow"},{"floor":9,"key":"Omamori"},{"floor":12,"key":"Ancient Tea Set"},{"floor":14,"key":"Odd Mushroom"}],"event_choices":[{"event_name":"Liars Game","player_choice":"agreed","floor":10,"damage_taken":0},{"event_name":"Mushrooms","player_choice":"Fought Mushrooms","floor":14,"damage_taken":0},{"event_name":"FaceTrader","player_choice":"Trade","floor":21,"damage_taken":0}],"is_beta":true,"boss_relics":[{"not_picked":["Snecko Eye","Orrery"],"picked":"Coffee Dripper"}],"items_purged_floors":[],"is_endless":false,"potions_floor_spawned":[4,8,12,16,20],"killed_by":"Chosen and Byrds","ascension_level":2}