{"gold_per_floor":[110,128,140,157,167,202,202,214,214,214],"floor_reached":10,"playtime":609,"items_purged":[],"score":79,"play_id":"71f9ddff-9e7b-4900-9879-e7dd6d338465","local_time":"20190309125521","is_ascension_mode":true,"campfire_choices":[{"floor":7,"key":"REST"}],"neow_cost":"TEN_PERCENT_HP_LOSS","seed_source_timestamp":1100204417900698,"circlet_count":0,"master_deck":["Strike_R","Strike_R","Strike_R","Strike_R","Strike_R","Defend_R","Defend_R","Defend_R","Defend_R","Bash","Finesse","Magnetism","Rampage","Armaments","Evolve","Body Slam","Pommel Strike"],"relics":["Burning Blood","Bag of Marbles"],"potions_floor_usage":[2,10,10],"damage_taken":[{"damage":0,"enemies":"Small Slimes","floor":1,"turns":3},{"damage":1,"enemies":"Cultist","floor":2,"turns":4},{"damage":10,"enemies":"2 Louse","floor":3,"turns":3},{"damage":1,"enemies":"2 Fungi Beasts","floor":4,"turns":4},{"damage":6,"enemies":"Looter","floor":5,"turns":4},{"damage":53,"enemies":"Gremlin Nob","floor":6,"turns":6},{"damage":28,"enemies":"Exordium Thugs","floor":8,"turns":5},{"damage":39,"enemies":"Lagavulin","floor":10,"turns":6}],"seed_played":"4745595512940380748","potions_obtained":[{"floor":1,"key":"AttackPotion"},{"floor":4,"key":"Regen Potion"},{"floor":8,"key":"Poison Potion"}],"is_trial":false,"path_per_floor":["M","M","M","M","M","E","R","M","T","E"],"character_chosen":"IRONCLAD","items_purchased":[],"campfire_rested":1,"item_purchase_floors":[],"current_hp_per_floor":[72,72,68,72,72,25,46,24,24,0],"gold":214,"neow_bonus":"RANDOM_COLORLESS_2","is_prod":false,"is_daily":false,"chose_seed":false,"campfire_upgraded":0,"win_rate":0,"timestamp":1552154121,"path_taken":["M","M","M","M","M","E","R","M","T","E"],"build_version":"2019-01-23","purchased_purges":0,"victory":false,"max_hp_per_floor":[72,72,72,72,72,72,72,72,72,72],"card_choices":[{"not_picked":["Iron Wave","Havoc","Perfected Strike"],"picked":"SKIP","floor":1},{"not_picked":["Sword Boomerang","Iron Wave"],"picked":"Rampage","floor":2},{"not_picked":["Havoc","Heavy Blade"],"picked":"Armaments","floor":3},{"not_picked":["Second Wind","Battle Trance"],"picked":"Evolve","floor":4},{"not_picked":["Impervious","True Grit"],"picked":"Body Slam","floor":5},{"not_picked":["Twin Strike","Cleave"],"picked":"Pommel Strike","floor":6},{"not_picked":["Anger","Perfected Strike","Wild Strike"],"picked":"SKIP","floor":8}],"player_experience":165370,"relics_obtained":[{"floor":6,"key":"Bag of Marbles"}],"event_choices":[],"is_beta":false,"boss_relics":[],"items_purged_floors":[],"is_endless":false,"potions_floor_spawned":[1,4,8],"killed_by":"Lagavulin","ascension_level":2}