{"gold_per_floor":[114,114,39,39,39,69,84,84,159,29,29,29,79,94,94,194,194,209,109,124,139,139,139,169,169,194,224,239,239,254,269,269,369,419,434,434,434,384,409,439,42,42,42,42,72,72,87,102,102,102],"floor_reached":50,"playtime":11119,"items_purged":["Headbutt","Regret","Cold Snap"],"score":611,"play_id":"a6ea5ef0-5d6c-4455-af0b-0d5246549767","local_time":"20190130231553","daily_mods":["Draft","Diverse","Terminal"],"is_ascension_mode":false,"campfire_choices":[{"data":"Noxious Fumes","floor":8,"key":"SMITH"},{"data":"Footwork","floor":15,"key":"SMITH"},{"data":"Tools of the Trade","floor":23,"key":"SMITH"},{"data":"Accuracy","floor":25,"key":"SMITH"},{"data":"Cloak And Dagger","floor":32,"key":"SMITH"},{"data":"Cloak And Dagger","floor":42,"key":"SMITH"},{"floor":49,"key":"REST"}],"neow_cost":"","seed_source_timestamp":0,"circlet_count":0,"master_deck":["Acrobatics","Infinite Blades","Noxious Fumes+1","Blade Dance","Cloak And Dagger","Dagger Spray+1","Sucker Punch","Cloak And Dagger+1","Accuracy+1","Cloak And Dagger+1","Terror","Cold Snap","Footwork+1","Poisoned Stab+1","Dash+1","Tools of the Trade+1","Shrug It Off","Cold Snap+1","Flying Knee+1","Dagger Spray+1","Corpse Explosion+1","Dagger Throw+1","Dual Wield+1","Madness","Madness","Swift Strike+1","Catalyst+1","Finesse","Rampage+1","Well Laid Plans+1","PiercingWail+1"],"special_seed":17927,"relics":["Cracked Core","Meat on the Bone","Dream Catcher","Molten Egg 2","Centennial Puzzle","Pen Nib","Nuclear Battery","DataDisk","Smiling Mask","Bag of Preparation","Tiny House","Juzu Bracelet","Vajra","War Paint","Boot","Mango","Bird Faced Urn","Pear"],"potions_floor_usage":[27,27,33,33,33,33,47,50],"damage_taken":[{"damage":0,"enemies":"Jaw Worm","floor":1,"turns":3},{"damage":0,"enemies":"Cultist","floor":5,"turns":3},{"damage":7,"enemies":"3 Sentries","floor":6,"turns":5},{"damage":0,"enemies":"Small Slimes","floor":7,"turns":3},{"damage":5,"enemies":"Looter","floor":14,"turns":3},{"damage":3,"enemies":"Slime Boss","floor":16,"turns":7},{"damage":13,"enemies":"2 Thieves","floor":18,"turns":3},{"damage":3,"enemies":"Shell Parasite","floor":20,"turns":4},{"damage":0,"enemies":"Centurion and Healer","floor":21,"turns":5},{"damage":3,"enemies":"Book of Stabbing","floor":24,"turns":5},{"damage":20,"enemies":"Slavers","floor":27,"turns":4},{"damage":3,"enemies":"Sentry and Sphere","floor":28,"turns":4},{"damage":0,"enemies":"Cultist and Chosen","floor":30,"turns":4},{"damage":1,"enemies":"Centurion and Healer","floor":31,"turns":4},{"damage":20,"enemies":"Automaton","floor":33,"turns":8},{"damage":0,"enemies":"Orb Walker","floor":35,"turns":4},{"damage":4,"enemies":"Giant Head","floor":40,"turns":6},{"damage":19,"enemies":"Reptomancer","floor":45,"turns":5},{"damage":14,"enemies":"3 Darklings","floor":47,"turns":3},{"damage":26,"enemies":"Sphere and 2 Shapes","floor":48,"turns":3},{"damage":61,"enemies":"Awakened One","floor":50,"turns":7}],"seed_played":"1719304631374948551","potions_obtained":[{"floor":1,"key":"EssenceOfSteel"},{"floor":16,"key":"PowerPotion"},{"floor":21,"key":"Explosive Potion"},{"floor":27,"key":"SkillPotion"},{"floor":29,"key":"EntropicBrew"},{"floor":33,"key":"GamblersBrew"}],"is_trial":false,"path_per_floor":["M","?","$","T","M","E","M","R","T","$","?","?","T","M","R","B",null,"M","$","M","M","?","R","E","R","T","E","M","?","M","M","R","B",null,"M","?","?","$","T","E","$","R","T","$","E","T","M","M","R","B"],"character_chosen":"DEFECT","items_purchased":["Footwork","Poisoned Stab+1","War Paint","Finesse","Boot"],"campfire_rested":1,"item_purchase_floors":[10,10,41,41,41],"current_hp_per_floor":[73,72,71,70,69,62,62,62,62,62,55,55,55,50,50,47,57,44,44,41,41,41,41,38,38,38,30,27,27,27,26,26,18,45,44,38,38,38,38,34,34,34,48,48,29,39,33,25,41,0],"gold":102,"neow_bonus":"","is_prod":false,"is_daily":true,"chose_seed":false,"campfire_upgraded":6,"win_rate":0,"timestamp":1548908153,"path_taken":["M","?","$","?","?","E","M","R","T","?","?","?","?","M","R","BOSS","M","$","?","M","?","R","E","R","T","E","M","?","M","M","R","BOSS","M","?","?","$","?","E","$","R","T","?","E","?","M","M","R","BOSS"],"build_version":"2019-01-23","purchased_purges":3,"victory":false,"max_hp_per_floor":[73,72,71,70,69,68,67,66,65,64,63,62,61,60,59,58,57,56,55,54,53,52,51,50,49,48,47,46,45,44,43,42,41,45,44,43,42,41,40,39,38,37,50,49,48,57,56,55,54,54],"card_choices":[{"not_picked":["Disarm","Flying Knee"],"picked":"Acrobatics","floor":0},{"not_picked":["Sucker Punch","Predator"],"picked":"Infinite Blades","floor":0},{"not_picked":["Headbutt","Endless Agony"],"picked":"Noxious Fumes","floor":0},{"not_picked":["PiercingWail","Flex"],"picked":"Corruption","floor":0},{"not_picked":["Clothesline","Intimidate"],"picked":"Blade Dance","floor":0},{"not_picked":["Go for the Eyes","Stack"],"picked":"Cloak And Dagger","floor":0},{"not_picked":["Heavy Blade","Darkness"],"picked":"Cold Snap","floor":0},{"not_picked":["Deadly Poison","Clothesline"],"picked":"Sweeping Beam","floor":0},{"not_picked":["Scrape","Reflex"],"picked":"Headbutt","floor":0},{"not_picked":["Armaments","Flex"],"picked":"Dagger Spray","floor":0},{"not_picked":["Steam Power","Havoc"],"picked":"Sucker Punch","floor":0},{"not_picked":["Bane","Steam"],"picked":"Burning Pact","floor":0},{"not_picked":["Rupture","Spot Weakness"],"picked":"Cloak And Dagger","floor":0},{"not_picked":["Dodge and Roll","Power Through"],"picked":"Accuracy","floor":0},{"not_picked":["Sucker Punch","Clash"],"picked":"Cloak And Dagger","floor":0},{"not_picked":["Blade Dance","Prepared"],"picked":"Terror","floor":1},{"not_picked":["Poisoned Stab","Twin Strike","Sucker Punch"],"picked":"SKIP","floor":5},{"not_picked":["True Grit","Bane","Cold Snap"],"picked":"SKIP","floor":6},{"not_picked":["True Grit","Bane"],"picked":"Cold Snap","floor":6},{"not_picked":["Clash","Bane","Deflect"],"picked":"SKIP","floor":7},{"not_picked":["Buffer","Cold Snap+1"],"picked":"Dash+1","floor":14},{"not_picked":["Biased Cognition","Exhume"],"picked":"Tools of the Trade","floor":16},{"not_picked":["Entrench","Armaments"],"picked":"Shrug It Off","floor":18},{"not_picked":["Armaments","Sweeping Beam+1","Heel Hook+1"],"picked":"SKIP","floor":20},{"not_picked":["Steam","Streamline+1"],"picked":"Cold Snap+1","floor":21},{"not_picked":["Prepared","Leap","Dodge and Roll"],"picked":"SKIP","floor":24},{"not_picked":["Stack","Distraction+1"],"picked":"Flying Knee+1","floor":27},{"not_picked":["Body Slam+1","Lockon+1","Auto Shields"],"picked":"SKIP","floor":28},{"not_picked":["Outmaneuver","Leap+1"],"picked":"Dagger Spray+1","floor":30},{"not_picked":["Underhanded Strike+1","Leap+1","Hologram"],"picked":"SKIP","floor":31},{"not_picked":["Bullet Time","Venomology"],"picked":"Corpse Explosion","floor":33},{"not_picked":["Prepared+1","Terror"],"picked":"Dagger Throw+1","floor":34},{"not_picked":["Gash+1","Flex+1"],"picked":"Dual Wield+1","floor":35},{"not_picked":["Trip","Forethought"],"picked":"Swift Strike+1","floor":37},{"not_picked":["Force Field+1","Scrape+1"],"picked":"Catalyst","floor":40},{"not_picked":["Reinforced Body+1","Prepared+1"],"picked":"Rampage+1","floor":45},{"not_picked":["Masterful Stab+1","Feel No Pain+1","Reinforced Body+1"],"picked":"SKIP","floor":47},{"not_picked":["Thunderclap+1","BootSequence+1"],"picked":"Well Laid Plans+1","floor":48},{"not_picked":["Dagger Throw+1","Cleave+1"],"picked":"PiercingWail+1","floor":49}],"player_experience":82475,"relics_obtained":[{"floor":4,"key":"Meat on the Bone"},{"floor":6,"key":"Dream Catcher"},{"floor":9,"key":"Molten Egg 2"},{"floor":13,"key":"Pen Nib"},{"floor":24,"key":"DataDisk"},{"floor":26,"key":"Smiling Mask"},{"floor":27,"key":"Bag of Preparation"},{"floor":39,"key":"Juzu Bracelet"},{"floor":40,"key":"Vajra"},{"floor":43,"key":"Mango"},{"floor":45,"key":"Bird Faced Urn"},{"floor":46,"key":"Pear"}],"event_choices":[{"cards_removed":["Corruption"],"damage_healed":0,"gold_gain":0,"player_choice":"Purged","damage_taken":0,"max_hp_gain":0,"max_hp_loss":0,"event_name":"Purifier","floor":2,"gold_loss":0},{"cards_removed":["Sweeping Beam"],"damage_healed":0,"gold_gain":0,"player_choice":"Card Removal","damage_taken":7,"max_hp_gain":0,"max_hp_loss":0,"event_name":"Golden Wing","floor":11,"gold_loss":0},{"damage_healed":0,"gold_gain":0,"player_choice":"Box","damage_taken":0,"relics_obtained":["Centennial Puzzle"],"max_hp_gain":0,"max_hp_loss":0,"event_name":"Big Fish","floor":12,"gold_loss":0,"cards_obtained":["Regret"]},{"cards_removed":["Burning Pact"],"damage_healed":0,"gold_gain":0,"player_choice":"Elegance","damage_taken":0,"max_hp_gain":0,"max_hp_loss":0,"event_name":"Back to Basics","floor":22,"gold_loss":0},{"damage_healed":0,"gold_gain":0,"player_choice":"Got Potions","damage_taken":0,"max_hp_gain":0,"max_hp_loss":0,"event_name":"Lab","floor":29,"gold_loss":0},{"damage_healed":0,"gold_gain":0,"player_choice":"Embrace Madness","damage_taken":6,"max_hp_gain":0,"max_hp_loss":0,"event_name":"Winding Halls","floor":36,"gold_loss":0,"cards_obtained":["Madness","Madness"]},{"damage_healed":0,"gold_gain":0,"player_choice":"Memory 1","damage_taken":0,"max_hp_gain":0,"max_hp_loss":0,"event_name":"SensoryStone","floor":37,"gold_loss":0}],"is_beta":false,"boss_relics":[{"not_picked":["Snecko Eye","Eternal Feather"],"picked":"Nuclear Battery"},{"not_picked":["Fusion Hammer","Astrolabe"],"picked":"Tiny House"}],"items_purged_floors":[3,19,38],"is_endless":false,"potions_floor_spawned":[1,16,21,27,31,33,40,45],"killed_by":"Awakened One","ascension_level":0}