{"gold_per_floor":[117,117,127,140,140,140,165,183,207,221,248,248,198,215,215,215],"floor_reached":16,"playtime":1361,"items_purged":["Strike_G"],"score":107,"play_id":"8cd73e13-80ce-4f7d-9340-6d49c1cc0d81","local_time":"20190521190318","is_ascension_mode":true,"campfire_choices":[{"floor":6,"key":"RECALL"},{"floor":15,"key":"REST"}],"neow_cost":"NONE","seed_source_timestamp":292759045919435,"circlet_count":0,"master_deck":["Defend_G","Defend_G","Defend_G","Defend_G","Defend_G","Strike_G","Strike_G","Survivor","Neutralize","Blade Dance","Prepared","Caltrops","Backflip"],"relics":["Busted Crown","PreservedInsect","Smiling Mask","Odd Mushroom"],"potions_floor_usage":[7,11,16,16],"damage_taken":[{"damage":0,"enemies":"2 Louse","floor":1,"turns":3},{"damage":1,"enemies":"Cultist","floor":3,"turns":4},{"damage":0,"enemies":"Small Slimes","floor":4,"turns":3},{"damage":27,"enemies":"3 Sentries","floor":7,"turns":15},{"damage":0,"enemies":"Red Slaver","floor":8,"turns":5},{"damage":3,"enemies":"Exordium Wildlife","floor":10,"turns":3},{"damage":8,"enemies":"The Mushroom Lair","floor":11,"turns":4},{"damage":1,"enemies":"Blue Slaver","floor":14,"turns":5},{"damage":55,"enemies":"Slime Boss","floor":16,"turns":12}],"seed_played":"1709842433865681116","potions_obtained":[{"floor":5,"key":"SpeedPotion"},{"floor":5,"key":"Energy Potion"},{"floor":5,"key":"SkillPotion"},{"floor":7,"key":"SmokeBomb"},{"floor":8,"key":"Strength Potion"},{"floor":14,"key":"Regen Potion"}],"is_trial":false,"path_per_floor":["M","?","M","M","?","R","E","M","T","M","?","?","$","M","R","B"],"character_chosen":"THE_SILENT","items_purchased":[],"campfire_rested":1,"item_purchase_floors":[],"current_hp_per_floor":[70,70,69,69,69,69,42,42,42,39,31,31,31,30,51,11],"gold":215,"neow_bonus":"BOSS_RELIC","is_prod":false,"is_daily":false,"chose_seed":false,"campfire_upgraded":0,"win_rate":1,"timestamp":1558490598,"path_taken":["M","?","M","?","?","R","E","M","T","?","?","?","$","?","R","BOSS"],"build_version":"2019-01-23","purchased_purges":1,"victory":false,"max_hp_per_floor":[70,70,70,70,70,70,70,70,70,70,70,70,70,70,70,70],"card_choices":[{"not_picked":[],"picked":"Blade Dance","floor":1},{"not_picked":["Masterful Stab"],"picked":"SKIP","floor":3},{"not_picked":[],"picked":"Caltrops","floor":4},{"not_picked":["Outmaneuver"],"picked":"SKIP","floor":7},{"not_picked":["Underhanded Strike"],"picked":"SKIP","floor":8},{"not_picked":[],"picked":"Backflip","floor":10},{"not_picked":["Prepared"],"picked":"SKIP","floor":14}],"player_experience":34729,"relics_obtained":[{"floor":7,"key":"PreservedInsect"},{"floor":9,"key":"Smiling Mask"},{"floor":11,"key":"Odd Mushroom"}],"event_choices":[{"damage_healed":0,"gold_gain":0,"cards_transformed":["Strike_G"],"player_choice":"Transformed","damage_taken":0,"max_hp_gain":0,"max_hp_loss":0,"event_name":"Transmorgrifier","floor":2,"gold_loss":0,"cards_obtained":["Prepared"]},{"damage_healed":0,"gold_gain":0,"player_choice":"Got Potions","damage_taken":0,"max_hp_gain":0,"max_hp_loss":0,"event_name":"Lab","floor":5,"gold_loss":0},{"damage_healed":0,"gold_gain":0,"player_choice":"Fought Mushrooms","damage_taken":0,"max_hp_gain":0,"max_hp_loss":0,"event_name":"Mushrooms","floor":11,"gold_loss":0},{"cards_removed":["Strike_G"],"damage_healed":0,"gold_gain":0,"player_choice":"Offered Basic","damage_taken":0,"max_hp_gain":0,"max_hp_loss":0,"event_name":"Bonfire Elementals","floor":12,"gold_loss":0}],"is_beta":false,"boss_relics":[],"items_purged_floors":[13],"is_endless":false,"potions_floor_spawned":[7,8,10,14],"killed_by":"Slime Boss","ascension_level":1}