{"gold_per_floor":[113,113,113,113,137,177,196,214,269,293,293,307,332,99,99,229,229,222,237,237,237,162,162],"floor_reached":23,"playtime":1547,"items_purged":["Shame"],"score":262,"play_id":"b53b07a7-8560-4ecc-85f7-0133babc34b8","local_time":"20190308175852","is_ascension_mode":true,"campfire_choices":[{"floor":11,"key":"REST"},{"data":"Dual Wield","floor":15,"key":"SMITH"}],"neow_cost":"CURSE","seed_source_timestamp":1031078384495684,"circlet_count":0,"master_deck":["Strike_R","Strike_R","Strike_R","Defend_R","Defend_R","Defend_R+1","Defend_R+1","Bash","Cleave","Feed","Rage","Dual Wield+1","Metallicize","Pommel Strike","Evolve","Barricade","Juggernaut","Flame Barrier","Entrench"],"relics":["Burning Blood","Mango","Golden Idol","Bottled Flame","Velvet Choker","Nilry\u0027s Codex"],"potions_floor_usage":[16,16,16],"damage_taken":[{"damage":2,"enemies":"Small Slimes","floor":1,"turns":5},{"damage":3,"enemies":"2 Louse","floor":5,"turns":3},{"damage":57,"enemies":"Lagavulin","floor":6,"turns":8},{"damage":5,"enemies":"Cultist","floor":7,"turns":4},{"damage":9,"enemies":"Blue Slaver","floor":8,"turns":9},{"damage":9,"enemies":"Exordium Thugs","floor":10,"turns":6},{"damage":3,"enemies":"2 Fungi Beasts","floor":12,"turns":4},{"damage":7,"enemies":"3 Louse","floor":13,"turns":3},{"damage":46,"enemies":"The Guardian","floor":16,"turns":17},{"damage":25,"enemies":"2 Thieves","floor":18,"turns":4},{"damage":28,"enemies":"Shell Parasite","floor":19,"turns":8},{"damage":60,"enemies":"Gremlin Leader","floor":23,"turns":4}],"seed_played":"8751755650491187692","potions_obtained":[{"floor":1,"key":"FairyPotion"},{"floor":7,"key":"Strength Potion"},{"floor":8,"key":"SpeedPotion"},{"floor":12,"key":"AttackPotion"},{"floor":13,"key":"Block Potion"}],"is_trial":false,"path_per_floor":["M","?","?","?","M","E","M","M","T","M","R","M","M","$","R","B",null,"M","M","?","?","?","E"],"character_chosen":"IRONCLAD","items_purchased":["Barricade"],"campfire_rested":1,"item_purchase_floors":[14],"current_hp_per_floor":[94,94,71,52,58,7,8,18,18,18,48,54,56,56,56,16,109,90,71,55,55,55,0],"gold":162,"neow_bonus":"ONE_RARE_RELIC","is_prod":false,"is_daily":false,"chose_seed":false,"campfire_upgraded":1,"win_rate":0,"timestamp":1552085932,"path_taken":["M","?","?","?","M","E","M","M","T","M","R","M","M","$","R","BOSS","M","M","?","?","?","E"],"build_version":"2019-01-23","purchased_purges":1,"victory":false,"max_hp_per_floor":[94,94,94,94,97,97,97,100,100,103,103,106,109,109,109,109,109,109,112,112,112,112,112],"card_choices":[{"not_picked":["Perfected Strike","Twin Strike"],"picked":"Cleave","floor":1},{"not_picked":["Twin Strike","Ghostly Armor"],"picked":"Rage","floor":5},{"not_picked":["Rupture","Combust"],"picked":"Dual Wield","floor":6},{"not_picked":["Clash","Heavy Blade"],"picked":"Metallicize","floor":7},{"not_picked":["Entrench","Thunderclap"],"picked":"Pommel Strike","floor":8},{"not_picked":["Immolate","Fire Breathing"],"picked":"Evolve","floor":10},{"not_picked":["Reckless Charge","Headbutt","Cleave"],"picked":"SKIP","floor":12},{"not_picked":["True Grit","Thunderclap","Rupture"],"picked":"SKIP","floor":13},{"not_picked":["Brutality","Limit Break"],"picked":"Juggernaut","floor":16},{"not_picked":["Headbutt","Corruption+1"],"picked":"Flame Barrier","floor":18},{"not_picked":["Blood for Blood+1","Flex+1","Heavy Blade"],"picked":"SKIP","floor":19}],"player_experience":159429,"relics_obtained":[{"floor":6,"key":"Bottled Flame"},{"floor":20,"key":"Nilry\u0027s Codex"}],"event_choices":[{"damage_healed":0,"gold_gain":0,"cards_transformed":["Strike_R"],"player_choice":"Change","damage_taken":0,"max_hp_gain":0,"max_hp_loss":0,"event_name":"Living Wall","floor":2,"gold_loss":0,"cards_obtained":["Feed"]},{"damage_healed":0,"gold_gain":0,"player_choice":"Take Damage","damage_taken":23,"relics_obtained":["Golden Idol"],"max_hp_gain":0,"max_hp_loss":0,"event_name":"Golden Idol","floor":3,"gold_loss":0},{"damage_healed":0,"gold_gain":0,"player_choice":"Entered Light","damage_taken":19,"max_hp_gain":0,"max_hp_loss":0,"event_name":"Shining Light","floor":4,"gold_loss":0,"cards_upgraded":["Defend_R","Defend_R"]},{"damage_healed":0,"gold_gain":0,"player_choice":"Obtained Book","damage_taken":16,"max_hp_gain":0,"max_hp_loss":0,"event_name":"Cursed Tome","floor":20,"gold_loss":0},{"damage_healed":0,"gold_gain":0,"player_choice":"Read","damage_taken":0,"max_hp_gain":0,"max_hp_loss":0,"event_name":"The Library","floor":21,"gold_loss":0,"cards_obtained":["Entrench"]},{"cards_removed":["Strike_R"],"damage_healed":0,"gold_gain":0,"player_choice":"Gave Gold","damage_taken":0,"max_hp_gain":0,"max_hp_loss":0,"event_name":"Beggar","floor":22,"gold_loss":75}],"is_beta":false,"boss_relics":[{"not_picked":["Orrery","Snecko Eye"],"picked":"Velvet Choker"}],"items_purged_floors":[14],"is_endless":false,"potions_floor_spawned":[1,7,8,12,13],"killed_by":"Gremlin Leader","ascension_level":2}