{"gold_per_floor":[113,6,6,20,20,20,46,46,73,73,90,40,74,90,90,192,192,210,220,234,234,251,251,551,551,604,638,20,20,20,20,20,123,123,139,139,162,181,232,266,266,281,281,316,0,0,0,10,10,10],"floor_reached":51,"playtime":6694,"items_purged":[],"score":754,"play_id":"ccea6239-2afe-4c17-abcb-1075ea00844a","local_time":"20190121231858","is_ascension_mode":false,"campfire_choices":[{"data":"Zap","floor":6,"key":"SMITH"},{"data":"Glacier","floor":8,"key":"SMITH"},{"data":"Leap","floor":15,"key":"SMITH"},{"floor":23,"key":"REST"},{"data":"Consume","floor":25,"key":"SMITH"},{"data":"Defragment","floor":32,"key":"SMITH"},{"data":"Creative AI","floor":41,"key":"SMITH"},{"floor":46,"key":"REST"},{"data":"Discovery","floor":49,"key":"SMITH"}],"neow_cost":"NONE","seed_source_timestamp":188845487639351,"circlet_count":0,"master_deck":["Strike_B","Strike_B+1","Strike_B","Defend_B","Defend_B","Defend_B","Defend_B","Zap+1","Dualcast+1","Glacier+1","Beam Cell+1","Beam Cell","Chill","Echo Form","Leap+1","Electrodynamics","Amplify","Electrodynamics","Glacier","Chill","Stack","Ball Lightning+1","Cold Snap","RitualDagger","Consume+1","Tempest+1","Defragment+1","Discovery+1","Glacier","Creative AI+1","Cold Snap+1","Bandage Up","Enlightenment","Swift Strike","Writhe","Defragment+1","FTL+1","Glacier+1","Pain","Reboot"],"relics":["Cracked Core","Potion Belt","Centennial Puzzle","Vajra","Pear","Orrery","Old Coin","Boot","Ancient Tea Set","Pantograph","Lantern","MutagenicStrength","Cursed Key","Bronze Scales","Pocketwatch","Shuriken","Bottled Tornado","Whetstone","Red Mask"],"potions_floor_usage":[16,16,19,20,33,33,39,50,50],"damage_taken":[{"damage":6,"enemies":"Cultist","floor":1,"turns":3},{"damage":5,"enemies":"Jaw Worm","floor":4,"turns":4},{"damage":23,"enemies":"Lagavulin","floor":7,"turns":6},{"damage":0,"enemies":"Small Slimes","floor":11,"turns":3},{"damage":9,"enemies":"3 Sentries","floor":13,"turns":8},{"damage":0,"enemies":"2 Fungi Beasts","floor":14,"turns":4},{"damage":42,"enemies":"The Guardian","floor":16,"turns":10},{"damage":0,"enemies":"3 Byrds","floor":18,"turns":2},{"damage":36,"enemies":"Chosen","floor":19,"turns":7},{"damage":5,"enemies":"Snake Plant","floor":20,"turns":5},{"damage":13,"enemies":"Sentry and Sphere","floor":22,"turns":4},{"damage":33,"enemies":"Gremlin Leader","floor":27,"turns":9},{"damage":32,"enemies":"Collector","floor":33,"turns":10},{"damage":8,"enemies":"3 Darklings","floor":35,"turns":5},{"damage":0,"enemies":"3 Shapes","floor":38,"turns":3},{"damage":38,"enemies":"2 Orb Walkers","floor":39,"turns":5},{"damage":4,"enemies":"Nemesis","floor":40,"turns":7},{"damage":32,"enemies":"Jaw Worm Horde","floor":42,"turns":4},{"damage":11,"enemies":"Reptomancer","floor":44,"turns":9},{"damage":38,"enemies":"Writhing Mass","floor":48,"turns":5},{"damage":28,"enemies":"Awakened One","floor":50,"turns":13}],"seed_played":"3073838936292324520","potions_obtained":[{"floor":4,"key":"SpeedPotion"},{"floor":7,"key":"PowerPotion"},{"floor":13,"key":"Regen Potion"},{"floor":16,"key":"PowerPotion"},{"floor":20,"key":"SneckoOil"},{"floor":27,"key":"Poison Potion"},{"floor":35,"key":"PowerPotion"},{"floor":42,"key":"FairyPotion"},{"floor":44,"key":"LiquidBronze"},{"floor":48,"key":"LiquidBronze"}],"is_trial":false,"path_per_floor":["M","?","$","M","$","R","E","R","T","?","M","?","E","M","R","B",null,"M","M","M","?","M","R","?","R","T","E","$","?","?","$","R","B",null,"M","?","T","M","?","E","R","M","T","E","?","R","?","M","R","B",null],"character_chosen":"DEFECT","items_purchased":["Pantograph","Defragment","Lantern","Discovery","Glacier"],"campfire_rested":2,"item_purchase_floors":[28,28,28,28,28],"current_hp_per_floor":[76,76,76,71,71,71,48,48,48,48,48,48,49,49,49,22,92,92,56,51,45,32,59,59,59,59,26,26,8,8,8,8,1,97,89,79,79,79,45,49,49,25,25,18,18,47,85,51,51,52],"gold":10,"neow_bonus":"TEN_PERCENT_HP_BONUS","is_prod":false,"is_daily":false,"chose_seed":false,"campfire_upgraded":7,"win_rate":0.0,"timestamp":1548130738,"path_taken":["M","?","$","?","$","R","E","R","T","?","M","?","E","M","R","BOSS","M","M","M","?","M","R","?","R","T","E","$","?","?","$","R","BOSS","M","?","?","?","?","E","R","M","T","E","?","R","?","M","R","BOSS"],"build_version":"2019-01-17v2","purchased_purges":0,"victory":true,"max_hp_per_floor":[82,82,82,82,82,82,82,82,82,82,82,82,92,92,92,92,92,92,92,92,92,92,92,92,92,92,92,92,97,97,97,97,97,97,97,97,97,97,97,97,97,97,97,97,97,97,85,85,85,85],"card_choices":[{"not_picked":["Turbo","Gash"],"picked":"Glacier","floor":1},{"not_picked":["Sweeping Beam","Redo"],"picked":"Beam Cell","floor":4},{"not_picked":["Steam","Barrage"],"picked":"Beam Cell","floor":7},{"not_picked":["Chaos","Compile Driver"],"picked":"Chill","floor":11},{"not_picked":["Skim","Cold Snap"],"picked":"Echo Form","floor":13},{"not_picked":["Static Discharge","Rebound"],"picked":"Leap","floor":14},{"not_picked":["Reboot","All For One"],"picked":"Electrodynamics","floor":16},{"not_picked":["Beam Cell","Leap"],"picked":"Amplify","floor":17},{"not_picked":["Hello World","Beam Cell"],"picked":"Electrodynamics","floor":17},{"not_picked":["Sunder","Turbo"],"picked":"Glacier","floor":17},{"not_picked":["Turbo","Rip and Tear"],"picked":"Chill","floor":17},{"not_picked":["Leap","Chill"],"picked":"Stack","floor":17},{"not_picked":["Redo","Compile Driver","Gash"],"picked":"SKIP","floor":18},{"not_picked":["Auto Shields","Tempest"],"picked":"Ball Lightning+1","floor":19},{"not_picked":["Go for the Eyes+1","Melter"],"picked":"Cold Snap","floor":20},{"not_picked":["Streamline","Rebound+1"],"picked":"Consume","floor":22},{"not_picked":["Barrage+1","Rainbow"],"picked":"Tempest+1","floor":27},{"not_picked":["Reboot","Meteor Strike"],"picked":"Creative AI","floor":33},{"not_picked":["Compile Driver","Recycle"],"picked":"Cold Snap+1","floor":35},{"not_picked":["Dramatic Entrance","Forethought"],"picked":"Bandage Up","floor":36},{"not_picked":["Purity","Trip"],"picked":"Enlightenment","floor":36},{"not_picked":["Impatience","HandOfGreed"],"picked":"Swift Strike","floor":36},{"not_picked":["Storm","Cold Snap+1"],"picked":"Defragment+1","floor":38},{"not_picked":["Stack","Beam Cell"],"picked":"FTL+1","floor":40},{"not_picked":["Auto Shields+1","Rebound+1"],"picked":"Glacier+1","floor":42},{"not_picked":["Hologram","Redo+1"],"picked":"Reboot","floor":44},{"not_picked":["Barrage+1","Streamline","Scrape"],"picked":"SKIP","floor":48}],"player_experience":63441,"relics_obtained":[{"floor":7,"key":"Centennial Puzzle"},{"floor":9,"key":"Vajra"},{"floor":13,"key":"Pear"},{"floor":26,"key":"Boot"},{"floor":27,"key":"Ancient Tea Set"},{"floor":37,"key":"Bronze Scales"},{"floor":39,"key":"Pocketwatch"},{"floor":40,"key":"Shuriken"},{"floor":43,"key":"Bottled Tornado"},{"floor":44,"key":"Whetstone"}],"event_choices":[{"damage_healed":0,"gold_gain":0,"player_choice":"Paid Gold","damage_taken":0,"relics_obtained":["Potion Belt"],"max_hp_gain":0,"max_hp_loss":0,"event_name":"WeMeetAgain","floor":2,"gold_loss":107},{"damage_healed":0,"gold_gain":0,"player_choice":"Grow","damage_taken":0,"max_hp_gain":0,"max_hp_loss":0,"event_name":"Living Wall","floor":10,"gold_loss":0,"cards_upgraded":["Dualcast"]},{"cards_removed":["Strike_B"],"damage_healed":0,"gold_gain":0,"player_choice":"Card Removal","damage_taken":0,"max_hp_gain":0,"max_hp_loss":0,"event_name":"The Cleric","floor":12,"gold_loss":50},{"damage_healed":0,"gold_gain":0,"player_choice":"Joined the Cult","damage_taken":6,"max_hp_gain":0,"max_hp_loss":0,"event_name":"Nest","floor":21,"gold_loss":0,"cards_obtained":["RitualDagger"]},{"damage_healed":0,"gold_gain":0,"player_choice":"Opened","damage_taken":0,"relics_obtained":["Old Coin"],"max_hp_gain":0,"max_hp_loss":0,"event_name":"The Mausoleum","floor":24,"gold_loss":0},{"damage_healed":0,"gold_gain":0,"player_choice":"Shed Blood","damage_taken":23,"max_hp_gain":5,"max_hp_loss":0,"event_name":"Forgotten Altar","floor":29,"gold_loss":0},{"damage_healed":0,"gold_gain":0,"player_choice":"Inject Mutagens","damage_taken":0,"relics_obtained":["MutagenicStrength"],"max_hp_gain":0,"max_hp_loss":0,"event_name":"Drug Dealer","floor":30,"gold_loss":0},{"damage_healed":0,"gold_gain":0,"player_choice":"Memory 3","damage_taken":10,"max_hp_gain":0,"max_hp_loss":0,"event_name":"SensoryStone","floor":36,"gold_loss":0},{"damage_healed":0,"gold_gain":0,"player_choice":"Fight","damage_taken":0,"max_hp_gain":0,"max_hp_loss":0,"event_name":"Mysterious Sphere","floor":39,"gold_loss":0},{"damage_healed":0,"gold_gain":0,"player_choice":"Paid","damage_taken":0,"relics_obtained":["Red Mask"],"max_hp_gain":0,"max_hp_loss":0,"event_name":"Tomb of Lord Red Mask","floor":45,"gold_loss":316},{"damage_healed":85,"gold_gain":0,"player_choice":"Heal","damage_taken":0,"max_hp_gain":0,"max_hp_loss":12,"event_name":"The Moai Head","floor":47,"gold_loss":0}],"is_beta":false,"boss_relics":[{"not_picked":["Snecko Eye","Calling Bell"],"picked":"Orrery"},{"not_picked":["Sozu","Empty Cage"],"picked":"Cursed Key"}],"items_purged_floors":[],"is_endless":false,"potions_floor_spawned":[4,7,13,16,20,27,35,42,44,48],"ascension_level":0}