{"gold_per_floor":[119,119,29,47,67,101,101,129,211,222,249,249,277,292,292,390,390,407,80,80,5,5,35,47,58,58,58,92,27,37,55,55,156,156,175,175,190,190,204,216,234,234,261,66,77,77,177,188,188,188],"floor_reached":51,"playtime":4415,"items_purged":["Strike_G"],"score":899,"play_id":"4b665066-3f57-441c-a41b-0d4d3c670c2f","local_time":"20190531000826","is_ascension_mode":true,"campfire_choices":[{"floor":7.0,"key":"REST"},{"floor":12.0,"key":"REST"},{"floor":15.0,"key":"REST"},{"floor":27.0,"key":"REST"},{"floor":32.0,"key":"REST"},{"floor":42,"key":"REST"},{"data":"After Image","floor":49,"key":"SMITH"}],"neow_cost":"NONE","seed_source_timestamp":264051419206911,"circlet_count":0,"master_deck":["Defend_G+1","Defend_G+1","Defend_G","Defend_G","Defend_G","Strike_G","Strike_G+1","Survivor","Neutralize+1","All Out Attack+1","Infinite Blades","Cloak And Dagger","Backflip","Crippling Poison","Malaise","Footwork","Footwork","Die Die Die","Dodge and Roll","Noxious Fumes","Sadistic Nature","Footwork","Crippling Poison+1","Acrobatics","Blur","After Image+1","Leg Sweep+1","Bouncing Flask","Madness","Madness"],"special_seed":0,"relics":["Ring of the Snake","Pantograph","War Paint","Tiny Chest","Art of War","Letter Opener","Sozu","Anchor","The Courier","Vajra","Empty Cage","Matryoshka","Blood Vial","Paper Crane","Incense Burner"],"potions_floor_usage":[48,50],"damage_taken":[{"damage":7.0,"enemies":"2 Louse","floor":1.0,"turns":4.0},{"damage":0.0,"enemies":"Small Slimes","floor":4.0,"turns":3.0},{"damage":0.0,"enemies":"Jaw Worm","floor":5.0,"turns":3.0},{"damage":22.0,"enemies":"Lagavulin","floor":6.0,"turns":7.0},{"damage":13.0,"enemies":"Gremlin Nob","floor":8.0,"turns":4.0},{"damage":0.0,"enemies":"3 Louse","floor":10.0,"turns":1.0},{"damage":9.0,"enemies":"Lagavulin","floor":11.0,"turns":7.0},{"damage":4.0,"enemies":"3 Sentries","floor":13.0,"turns":8.0},{"damage":3.0,"enemies":"Blue Slaver","floor":14.0,"turns":5.0},{"damage":0.0,"enemies":"The Guardian","floor":16.0,"turns":14.0},{"damage":0.0,"enemies":"Chosen","floor":18.0,"turns":6.0},{"damage":34.0,"enemies":"Slavers","floor":23.0,"turns":5.0},{"damage":4.0,"enemies":"Spheric Guardian","floor":24.0,"turns":6.0},{"damage":9.0,"enemies":"Centurion and Healer","floor":25.0,"turns":7.0},{"damage":4.0,"enemies":"Gremlin Leader","floor":28.0,"turns":6.0},{"damage":8.0,"enemies":"Shelled Parasite and Fungi","floor":30.0,"turns":7.0},{"damage":0.0,"enemies":"Chosen and Byrds","floor":31.0,"turns":5.0},{"damage":2,"enemies":"Collector","floor":33,"turns":11},{"damage":5,"enemies":"3 Darklings","floor":35,"turns":4},{"damage":6,"enemies":"Orb Walker","floor":37,"turns":5},{"damage":7,"enemies":"Maw","floor":39,"turns":11},{"damage":16,"enemies":"Jaw Worm Horde","floor":40,"turns":5},{"damage":18,"enemies":"Spire Growth","floor":41,"turns":8},{"damage":0,"enemies":"Maw","floor":45,"turns":8},{"damage":0,"enemies":"Mind Bloom Boss Battle","floor":47,"turns":9},{"damage":11,"enemies":"Transient","floor":48,"turns":5},{"damage":30,"enemies":"Awakened One","floor":50,"turns":19}],"seed_played":"-4526070159268026444","potions_obtained":[{"floor":6.0,"key":"SkillPotion"},{"floor":10.0,"key":"Fire Potion"},{"floor":13.0,"key":"Strength Potion"},{"floor":14.0,"key":"SpeedPotion"}],"is_trial":false,"path_per_floor":["M","?","$","M","M","E","R","E","T","M","E","R","E","M","R","B",null,"M","$","?","?","?","E","M","M","T","R","E","$","M","M","R","B",null,"M","T","M","$","M","M","M","R","T","$","M","?","?","M","R","B",null],"character_chosen":"THE_SILENT","items_purchased":["Infinite Blades","Cloak And Dagger","Noxious Fumes","Sadistic Nature","Blur","Paper Crane"],"campfire_rested":6,"item_purchase_floors":[3,3,19,19,29,44],"current_hp_per_floor":[63,49,49,49,49,27,48,35,35,35,26,47,43,40,61,70,70,70,70,70,70,70,36,32,23,23,44,40,40,32,32,53,68,70,65,65,59,59,52,36,18,39,39,39,41,32,59,50,50,40],"gold":188,"neow_bonus":"UPGRADE_CARD","is_prod":false,"is_daily":false,"chose_seed":false,"campfire_upgraded":1,"win_rate":0,"timestamp":1559250506,"path_taken":["M","?","$","M","M","E","R","E","T","M","E","R","E","M","R","BOSS","M","$","?","?","?","E","M","M","T","R","E","?","M","M","R","BOSS","M","?","M","$","M","M","M","R","T","$","M","?","?","M","R","BOSS"],"build_version":"2019-01-23","purchased_purges":1,"victory":true,"max_hp_per_floor":[70,70,70,70,70,70,70,70,70,70,70,70,70,70,70,70,70,70,70,70,70,70,70,70,70,70,70,70,70,70,70,70,70,70,70,70,70,70,70,70,70,70,70,70,70,70,70,70,70,70],"card_choices":[{"not_picked":["Bane","Reflex"],"picked":"All Out Attack","floor":1.0},{"not_picked":["Outmaneuver","Bouncing Flask"],"picked":"Backflip","floor":4.0},{"not_picked":["Outmaneuver","Slice"],"picked":"Crippling Poison","floor":5.0},{"not_picked":["Dagger Spray","Outmaneuver","Malaise"],"picked":"SKIP","floor":6.0},{"not_picked":["Catalyst","Crippling Poison","Deadly Poison"],"picked":"SKIP","floor":8.0},{"not_picked":["Outmaneuver","Infinite Blades"],"picked":"Dash","floor":10.0},{"not_picked":["Quick Slash","Acrobatics"],"picked":"Malaise","floor":11.0},{"not_picked":["Infinite Blades","Choke"],"picked":"Footwork","floor":13.0},{"not_picked":["Slice","Prepared"],"picked":"Footwork","floor":14.0},{"not_picked":["Night Terror","Grand Finale"],"picked":"Die Die Die","floor":16.0},{"not_picked":["Bane","Endless Agony"],"picked":"Dodge and Roll","floor":18.0},{"not_picked":["Expertise+1","Slice"],"picked":"Crippling Poison+1","floor":23.0},{"not_picked":["Underhanded Strike+1","Flechettes","Cloak And Dagger+1"],"picked":"SKIP","floor":24.0},{"not_picked":["Quick Slash+1","Backstab","Outmaneuver"],"picked":"SKIP","floor":25.0},{"not_picked":["Heel Hook","Cloak And Dagger"],"picked":"Acrobatics","floor":28.0},{"not_picked":["Dagger Spray","Sucker Punch","Eviscerate+1"],"picked":"SKIP","floor":30.0},{"not_picked":["Catalyst","Footwork+1"],"picked":"After Image","floor":31.0},{"not_picked":["Distraction","Dodge and Roll","Acrobatics"],"picked":"SKIP","floor":35},{"not_picked":["Quick Slash","Underhanded Strike+1","Reflex+1"],"picked":"SKIP","floor":37},{"not_picked":["Finisher","Caltrops"],"picked":"Leg Sweep+1","floor":39},{"not_picked":["Blade Dance","Dodge and Roll+1","Terror"],"picked":"SKIP","floor":40},{"not_picked":["Sucker Punch","Prepared+1"],"picked":"Bouncing Flask","floor":41},{"not_picked":["Dagger Throw","All Out Attack","Underhanded Strike"],"picked":"SKIP","floor":45},{"not_picked":["Bane","Acrobatics","A Thousand Cuts"],"picked":"SKIP","floor":48}],"player_experience":852367,"relics_obtained":[{"floor":6.0,"key":"Pantograph"},{"floor":8.0,"key":"War Paint"},{"floor":9.0,"key":"Tiny Chest"},{"floor":11.0,"key":"Art of War"},{"floor":13.0,"key":"Letter Opener"},{"floor":23.0,"key":"Anchor"},{"floor":26.0,"key":"The Courier"},{"floor":28.0,"key":"Vajra"},{"floor":36,"key":"Matryoshka"},{"floor":43,"key":"Blood Vial"},{"floor":47,"key":"Incense Burner"}],"event_choices":[{"damage_healed":0.0,"max_hp_gain":0.0,"max_hp_loss":0.0,"gold_gain":0.0,"event_name":"Shining Light","player_choice":"Entered Light","floor":2.0,"gold_loss":0.0,"damage_taken":14.0,"cards_upgraded":["All Out Attack","Strike_G"]},{"damage_healed":0.0,"max_hp_gain":0.0,"max_hp_loss":0.0,"gold_gain":0.0,"event_name":"Vampires","player_choice":"Ignored","floor":20.0,"gold_loss":0.0,"damage_taken":0.0},{"cards_removed":["Strike_G"],"damage_healed":0.0,"max_hp_gain":0.0,"max_hp_loss":0.0,"gold_gain":0.0,"event_name":"Beggar","player_choice":"Gave Gold","floor":21.0,"gold_loss":75.0,"damage_taken":0.0},{"damage_healed":0.0,"max_hp_gain":0.0,"max_hp_loss":0.0,"gold_gain":0.0,"event_name":"The Library","player_choice":"Read","floor":22.0,"gold_loss":0.0,"damage_taken":0.0,"cards_obtained":["Footwork"]},{"damage_healed":0,"gold_gain":0,"player_choice":"Embrace Madness","damage_taken":9,"max_hp_gain":0,"max_hp_loss":0,"event_name":"Winding Halls","floor":46,"gold_loss":0,"cards_obtained":["Madness","Madness"]},{"damage_healed":0,"gold_gain":0,"player_choice":"Fight","damage_taken":0,"max_hp_gain":0,"max_hp_loss":0,"event_name":"MindBloom","floor":47,"gold_loss":0}],"is_beta":false,"boss_relics":[{"not_picked":["Ring of the Serpent","Black Star"],"picked":"Sozu"},{"not_picked":["Runic Dome","Snecko Eye"],"picked":"Empty Cage"}],"items_purged_floors":[19],"is_endless":false,"potions_floor_spawned":[6,10,13,14,25,28,30,37,39,45,47],"ascension_level":5}