{"gold_per_floor":[210,224,241,241,416,416,449,449,476,476,554,1,14,33,33,136,136,148,148,148,48,68,68,82,82,82,94,94,108,31,50,50,153,153,171,185,197,197,197,223,82,82,155,169,169,169,169,26,26,26],"floor_reached":51,"playtime":2274,"items_purged":["Doubt","Writhe"],"score":1174,"play_id":"8f87b1bc-c9fe-4d9a-a736-d6988c9f765d","local_time":"20190129181259","is_ascension_mode":true,"campfire_choices":[{"data":"Zap","floor":6.0,"key":"SMITH"},{"data":"Beam Cell","floor":8.0,"key":"SMITH"},{"data":"Melter","floor":10.0,"key":"SMITH"},{"floor":15.0,"key":"REST"},{"data":"Buffer","floor":23.0,"key":"SMITH"},{"data":"Apotheosis","floor":32.0,"key":"SMITH"},{"data":"Seek","floor":42.0,"key":"SMITH"},{"data":"Seek","floor":45.0,"key":"SMITH"},{"data":"Go for the Eyes","floor":47.0,"key":"SMITH"},{"data":"Seek","floor":49.0,"key":"SMITH"}],"neow_cost":"NONE","seed_source_timestamp":330351999341000,"circlet_count":0,"master_deck":["AscendersBane","Zap+1","Dualcast","Barrage+1","Cold Snap","Beam Cell+1","Melter+1","Apotheosis+1","Coolheaded","Self Repair","Buffer+1","Electrodynamics","Go for the Eyes+1","Electrodynamics","Seek+1","Scrape","Conserve Battery","Capacitor","Defragment","Capacitor","Self Repair","Coolheaded+1","Loop","Echo Form","Loop+1","Leap+1","Seek+1","Heatsinks","Dark Shackles","Seek+1"],"special_seed":0,"relics":["Cracked Core","Bag of Marbles","Boot","StoneCalendar","Pandora\u0027s Box","Mummified Hand","Nilry\u0027s Codex","Pocketwatch","Coffee Dripper","Lantern","Question Card"],"potions_floor_usage":[50,50],"damage_taken":[{"damage":2.0,"enemies":"2 Louse","floor":1.0,"turns":3.0},{"damage":7.0,"enemies":"Jaw Worm","floor":2.0,"turns":3.0},{"damage":0.0,"enemies":"Small Slimes","floor":3.0,"turns":2.0},{"damage":29.0,"enemies":"3 Sentries","floor":7.0,"turns":9.0},{"damage":0.0,"enemies":"2 Fungi Beasts","floor":13.0,"turns":2.0},{"damage":6.0,"enemies":"3 Louse","floor":14.0,"turns":3.0},{"damage":0.0,"enemies":"Slime Boss","floor":16.0,"turns":7.0},{"damage":8.0,"enemies":"3 Byrds","floor":18.0,"turns":3.0},{"damage":7.0,"enemies":"Shell Parasite","floor":22.0,"turns":3.0},{"damage":0.0,"enemies":"Sentry and Sphere","floor":24.0,"turns":3.0},{"damage":0.0,"enemies":"Snecko","floor":27.0,"turns":4.0},{"damage":0.0,"enemies":"Centurion and Healer","floor":29.0,"turns":6.0},{"damage":18.0,"enemies":"Snake Plant","floor":31.0,"turns":3.0},{"damage":24.0,"enemies":"Collector","floor":33.0,"turns":7.0},{"damage":8.0,"enemies":"3 Shapes","floor":35.0,"turns":4.0},{"damage":0.0,"enemies":"3 Darklings","floor":36.0,"turns":3.0},{"damage":31.0,"enemies":"4 Shapes","floor":37.0,"turns":3.0},{"damage":39.0,"enemies":"Reptomancer","floor":40.0,"turns":5.0},{"damage":6.0,"enemies":"Sphere and 2 Shapes","floor":44.0,"turns":2.0},{"damage":0,"enemies":"Awakened One","floor":50,"turns":6}],"seed_played":"-2641358071477559032","potions_obtained":[{"floor":3.0,"key":"Regen Potion"},{"floor":7.0,"key":"LiquidBronze"},{"floor":16.0,"key":"LiquidBronze"},{"floor":44.0,"key":"Dexterity Potion"}],"is_trial":false,"path_per_floor":["M","M","M","?","?","R","E","R","T","R","?","$","M","M","R","B",null,"M","?","?","$","M","R","M","?","T","M","?","M","$","M","R","B",null,"M","M","M","?","?","E","$","R","T","M","R","?","R","$","R","B",null],"character_chosen":"DEFECT","items_purchased":["Apotheosis","StoneCalendar","FocusPotion","Seek","Seek"],"campfire_rested":1,"item_purchase_floors":[12,12,30,41,48],"current_hp_per_floor":[66,59,59,44,44,44,30,30,30,30,30,30,30,24,46,53,70,62,62,62,62,62,62,62,46,46,56,56,73,73,75,75,71,74,73,75,64,64,64,32,32,32,32,26,26,26,26,26,26,46],"gold":26,"neow_bonus":"HUNDRED_GOLD","is_prod":false,"is_daily":false,"chose_seed":false,"campfire_upgraded":9,"win_rate":0,"timestamp":1548803579,"path_taken":["M","M","M","?","?","R","E","R","T","R","?","$","M","M","R","BOSS","M","?","?","$","M","R","M","?","T","M","?","M","?","M","R","BOSS","M","M","M","?","?","E","$","R","T","M","R","?","R","?","R","BOSS"],"build_version":"2019-01-23","purchased_purges":2,"victory":true,"max_hp_per_floor":[75,75,75,75,75,75,75,75,75,75,75,75,75,75,75,75,75,75,75,75,75,75,75,75,75,75,75,75,75,75,75,75,75,75,75,75,75,75,75,75,75,75,75,75,75,75,75,75,75,75],"card_choices":[{"not_picked":["Capacitor","Fusion"],"picked":"Barrage","floor":1.0},{"not_picked":["White Noise","Coolheaded"],"picked":"Cold Snap","floor":2.0},{"not_picked":["Turbo","Redo"],"picked":"Beam Cell","floor":3.0},{"not_picked":["Sweeping Beam","Turbo"],"picked":"Melter","floor":7.0},{"not_picked":["Compile Driver","Stack"],"picked":"Coolheaded","floor":13.0},{"not_picked":["Multi-Cast","Beam Cell"],"picked":"Self Repair","floor":14.0},{"not_picked":["Thunder Strike","Amplify"],"picked":"Buffer","floor":16.0},{"not_picked":["Chill+1","Hologram"],"picked":"Defragment","floor":18.0},{"not_picked":["Compile Driver+1","Turbo","Blizzard"],"picked":"SKIP","floor":22.0},{"not_picked":["Storm","Chill+1"],"picked":"Capacitor","floor":24.0},{"not_picked":["Steam","Aggregate"],"picked":"Self Repair","floor":27.0},{"not_picked":["Redo","Barrage"],"picked":"Coolheaded+1","floor":29.0},{"not_picked":["Self Repair","Redo"],"picked":"Loop","floor":31.0},{"not_picked":["Core Surge","Fission"],"picked":"Echo Form","floor":33.0},{"not_picked":["Static Discharge","Redo","Conserve Battery+1"],"picked":"SKIP","floor":35.0},{"not_picked":["Steam","Hologram+1","Skim+1"],"picked":"SKIP","floor":36.0},{"not_picked":["Lockon+1","Rebound+1"],"picked":"Loop+1","floor":37.0},{"not_picked":["Echo Form","Genetic Algorithm+1"],"picked":"Leap+1","floor":40.0},{"not_picked":["Beam Cell+1","BootSequence","Conserve Battery+1"],"picked":"Heatsinks","floor":44.0},{"not_picked":["Flash of Steel","Jack Of All Trades","Madness"],"picked":"Dark Shackles","floor":46.0}],"player_experience":545376,"relics_obtained":[{"floor":7.0,"key":"Bag of Marbles"},{"floor":9.0,"key":"Boot"},{"floor":25.0,"key":"Nilry\u0027s Codex"},{"floor":26.0,"key":"Pocketwatch"},{"floor":40.0,"key":"Lantern"},{"floor":43.0,"key":"Question Card"}],"event_choices":[{"damage_healed":0.0,"max_hp_gain":0.0,"max_hp_loss":0.0,"gold_gain":0.0,"event_name":"Shining Light","player_choice":"Entered Light","floor":4.0,"gold_loss":0.0,"damage_taken":15.0,"cards_upgraded":["Defend_B","Barrage"]},{"damage_healed":0.0,"max_hp_gain":0.0,"max_hp_loss":0.0,"gold_gain":175.0,"event_name":"Liars Game","player_choice":"AGREE","floor":5.0,"gold_loss":0.0,"damage_taken":0.0,"cards_obtained":["Doubt"]},{"damage_healed":0.0,"max_hp_gain":0.0,"max_hp_loss":0.0,"gold_gain":78.0,"event_name":"Golden Wing","player_choice":"Gained Gold","floor":11.0,"gold_loss":0.0,"damage_taken":0.0},{"cards_removed":["Scrape"],"damage_healed":0.0,"max_hp_gain":0.0,"max_hp_loss":0.0,"gold_gain":0.0,"event_name":"Back to Basics","player_choice":"Elegance","floor":19.0,"gold_loss":0.0,"damage_taken":0.0},{"damage_healed":0.0,"max_hp_gain":0.0,"max_hp_loss":0.0,"gold_gain":0.0,"event_name":"The Mausoleum","player_choice":"Opened","floor":20.0,"gold_loss":0.0,"damage_taken":0.0,"relics_obtained":["Mummified Hand"],"cards_obtained":["Writhe"]},{"damage_healed":0.0,"max_hp_gain":0.0,"max_hp_loss":0.0,"gold_gain":0.0,"event_name":"Cursed Tome","player_choice":"Obtained Book","floor":25.0,"gold_loss":0.0,"damage_taken":16.0},{"damage_healed":0.0,"max_hp_gain":0.0,"max_hp_loss":0.0,"gold_gain":0.0,"event_name":"Vampires","player_choice":"Ignored","floor":28.0,"gold_loss":0.0,"damage_taken":0.0},{"damage_healed":0.0,"max_hp_gain":0.0,"max_hp_loss":0.0,"gold_gain":0.0,"event_name":"Mysterious Sphere","player_choice":"Ignored","floor":38.0,"gold_loss":0.0,"damage_taken":0.0},{"damage_healed":0.0,"max_hp_gain":0.0,"max_hp_loss":0.0,"gold_gain":0.0,"event_name":"Tomb of Lord Red Mask","player_choice":"Ignored","floor":39.0,"gold_loss":0.0,"damage_taken":0.0},{"damage_healed":0.0,"max_hp_gain":0.0,"max_hp_loss":0.0,"gold_gain":0.0,"event_name":"SensoryStone","player_choice":"Memory 1","floor":46.0,"gold_loss":0.0,"damage_taken":0.0}],"is_beta":true,"boss_relics":[{"not_picked":["Inserter","Velvet Choker"],"picked":"Pandora\u0027s Box"},{"not_picked":["Tiny House","Lizard Tail"],"picked":"Coffee Dripper"}],"items_purged_floors":[12,21],"is_endless":false,"potions_floor_spawned":[3,7,16,24,27,29,31,44],"ascension_level":11}