{"gold_per_floor":[16,31,106,119,119,119,137,137,137,164,164,179,179,179,179,254,254,274,199,212,223,1,1,1,1,1,34,34,34,44,44],"floor_reached":31,"playtime":1546,"items_purged":[],"score":506,"play_id":"fcb4c995-3c4f-4a19-9dab-590b97aedc23","local_time":"20190526134818","is_ascension_mode":true,"campfire_choices":[{"data":"Defragment","floor":6.0,"key":"SMITH"},{"data":"1","floor":8.0,"key":"LIFT"},{"data":"Go for the Eyes","floor":11.0,"key":"SMITH"},{"data":"Hologram","floor":13.0,"key":"SMITH"},{"floor":15.0,"key":"REST"},{"data":"Defragment","floor":23.0,"key":"SMITH"},{"floor":25.0,"key":"REST"},{"data":"Zap","floor":28.0,"key":"SMITH"}],"neow_cost":"NO_GOLD","seed_source_timestamp":154907888045700,"circlet_count":0,"master_deck":["AscendersBane","Strike_B","Strike_B","Defend_B","Defend_B","Defend_B","Zap+1","Dualcast","Go for the Eyes+1","Defragment+1","Gash","Hologram+1","Core Surge","Consume+1","Cold Snap","Defragment+1","Ball Lightning","Writhe","Reinforced Body"],"special_seed":0,"relics":["Cracked Core","Girya","Bottled Tornado","Matryoshka","Lizard Tail","PreservedInsect","Lantern","Mercury Hourglass","Ancient Tea Set","Dream Catcher"],"potions_floor_usage":[31],"damage_taken":[{"damage":7.0,"enemies":"2 Louse","floor":1.0,"turns":3.0},{"damage":2.0,"enemies":"Cultist","floor":2.0,"turns":4.0},{"damage":0.0,"enemies":"Small Slimes","floor":4.0,"turns":2.0},{"damage":11.0,"enemies":"3 Louse","floor":7.0,"turns":3.0},{"damage":15.0,"enemies":"Lagavulin","floor":10.0,"turns":6.0},{"damage":3.0,"enemies":"Looter","floor":12.0,"turns":3.0},{"damage":24.0,"enemies":"The Guardian","floor":16.0,"turns":9.0},{"damage":13.0,"enemies":"Chosen","floor":18.0,"turns":5.0},{"damage":35.0,"enemies":"Shell Parasite","floor":20.0,"turns":6.0},{"damage":0.0,"enemies":"Cultist and Chosen","floor":21.0,"turns":6.0},{"damage":12.0,"enemies":"Gremlin Leader","floor":27.0,"turns":8.0},{"damage":52,"enemies":"Shelled Parasite and Fungi","floor":30,"turns":5},{"damage":14,"enemies":"Snecko","floor":31,"turns":4}],"seed_played":"-5919503694058292145","potions_obtained":[{"floor":4.0,"key":"Energy Potion"},{"floor":10.0,"key":"PowerPotion"},{"floor":16.0,"key":"Regen Potion"},{"floor":20.0,"key":"AttackPotion"},{"floor":30,"key":"Fire Potion"}],"is_trial":false,"path_per_floor":["M","M","?","M","?","R","M","R","T","E","R","M","R","?","R","B",null,"M","?","M","M","$","R","?","R","T","E","R","?","M","M"],"character_chosen":"DEFECT","items_purchased":["PreservedInsect","Block Potion"],"campfire_rested":2,"item_purchase_floors":[22,22],"current_hp_per_floor":[57,55,44,44,44,44,33,33,33,18,18,15,15,8,29,5,55,42,42,22,22,22,22,22,43,43,31,31,31,14,0],"gold":44,"neow_bonus":"ONE_RARE_RELIC","is_prod":false,"is_daily":false,"chose_seed":false,"campfire_upgraded":5,"win_rate":0,"timestamp":1558892898,"path_taken":["M","M","?","M","?","R","M","R","T","E","R","?","R","?","R","BOSS","M","?","M","M","$","R","?","R","T","E","R","?","M","?"],"build_version":"2019-05-24v2","purchased_purges":0,"victory":false,"max_hp_per_floor":[71,71,71,71,71,71,71,71,71,71,71,71,71,71,71,71,71,71,71,71,71,71,71,71,71,71,71,71,71,71,71],"card_choices":[{"not_picked":["Compile Driver","Hologram","Stack"],"picked":"SKIP","floor":1.0},{"not_picked":["Steam","Aggregate"],"picked":"Go for the Eyes","floor":2.0},{"not_picked":["Melter","Conserve Battery"],"picked":"Defragment","floor":4.0},{"not_picked":["Chaos","Compile Driver","Turbo"],"picked":"SKIP","floor":7.0},{"not_picked":["Chaos","Compile Driver","Turbo"],"picked":"SKIP","floor":7.0},{"not_picked":["Turbo","Heatsinks"],"picked":"Gash","floor":10.0},{"not_picked":["Conserve Battery","Compile Driver"],"picked":"Hologram","floor":12.0},{"not_picked":["Hyperbeam","Meteor Strike"],"picked":"Core Surge","floor":16.0},{"not_picked":["Coolheaded","Capacitor"],"picked":"Consume+1","floor":18.0},{"not_picked":["Consume","Beam Cell"],"picked":"Cold Snap","floor":20.0},{"not_picked":["Genetic Algorithm","Conserve Battery"],"picked":"Defragment","floor":21.0},{"not_picked":["Sweeping Beam","Double Energy"],"picked":"Ball Lightning","floor":27.0},{"not_picked":["Blizzard","Rebound"],"picked":"Reinforced Body","floor":30}],"player_experience":723687,"relics_obtained":[{"floor":9.0,"key":"Bottled Tornado"},{"floor":10.0,"key":"Matryoshka"},{"floor":26.0,"key":"Lantern"},{"floor":26.0,"key":"Mercury Hourglass"},{"floor":27.0,"key":"Ancient Tea Set"}],"event_choices":[{"damage_healed":0.0,"max_hp_gain":0.0,"max_hp_loss":0.0,"gold_gain":75.0,"event_name":"World of Goop","player_choice":"Gather Gold","floor":3.0,"gold_loss":0.0,"damage_taken":11.0},{"cards_removed":["Strike_B"],"damage_healed":0.0,"max_hp_gain":0.0,"max_hp_loss":0.0,"gold_gain":0.0,"event_name":"Bonfire Elementals","player_choice":"Offered Basic","floor":5.0,"gold_loss":0.0,"damage_taken":0.0},{"cards_removed":["Defend_B"],"damage_healed":0.0,"max_hp_gain":0.0,"max_hp_loss":0.0,"gold_gain":0.0,"event_name":"Golden Wing","player_choice":"Card Removal","floor":14.0,"gold_loss":0.0,"damage_taken":7.0},{"cards_removed":["Strike_B"],"damage_healed":0.0,"max_hp_gain":0.0,"max_hp_loss":0.0,"gold_gain":0.0,"event_name":"Beggar","player_choice":"Gave Gold","floor":19.0,"gold_loss":75.0,"damage_taken":0.0},{"damage_healed":0.0,"max_hp_gain":0.0,"max_hp_loss":0.0,"gold_gain":0.0,"event_name":"Vampires","player_choice":"Ignored","floor":24.0,"gold_loss":0.0,"damage_taken":0.0},{"damage_healed":0.0,"max_hp_gain":0.0,"max_hp_loss":0.0,"gold_gain":0.0,"event_name":"The Mausoleum","player_choice":"Opened","floor":29.0,"gold_loss":0.0,"damage_taken":0.0,"relics_obtained":["Dream Catcher"],"cards_obtained":["Writhe"]}],"is_beta":true,"boss_relics":[{"not_picked":["Coffee Dripper","Tiny House"],"picked":"Lizard Tail"}],"items_purged_floors":[],"is_endless":false,"potions_floor_spawned":[4,10,16,20,30],"killed_by":"Snecko","ascension_level":20}