{"gold_per_floor":[118,118,118,66,86,86,104,116,116,116,116,116],"floor_reached":12,"playtime":242,"items_purged":[],"score":95,"play_id":"60e4a57f-0000-4e5e-a288-99cd19d1e325","local_time":"20190531123414","is_ascension_mode":true,"campfire_choices":[{"data":"Cloak And Dagger","floor":6,"key":"SMITH"},{"data":"Deadly Poison","floor":10,"key":"SMITH"}],"neow_cost":"NONE","seed_source_timestamp":171181908633908,"circlet_count":0,"master_deck":["Defend_G","Defend_G","Defend_G","Defend_G","Defend_G","Strike_G","Strike_G","Strike_G","Strike_G","Strike_G","Survivor+1","Neutralize+1","Cloak And Dagger+1","PiercingWail","Dagger Spray","Deadly Poison+1","Bane"],"relics":["Ring of the Snake","Blood Vial"],"potions_floor_usage":[12],"damage_taken":[{"damage":3,"enemies":"2 Louse","floor":1,"turns":3},{"damage":0,"enemies":"Jaw Worm","floor":5,"turns":3},{"damage":0,"enemies":"Small Slimes","floor":7,"turns":3},{"damage":0,"enemies":"2 Fungi Beasts","floor":8,"turns":3},{"damage":13,"enemies":"Gremlin Gang","floor":12,"turns":3}],"seed_played":"7046451685101159512","potions_obtained":[{"floor":1,"key":"Dexterity Potion"}],"is_trial":false,"path_per_floor":["M","?","?","$","M","R","M","M","T","R","?","M"],"character_chosen":"THE_SILENT","items_purchased":["Dagger Spray"],"campfire_rested":0,"item_purchase_floors":[4],"current_hp_per_floor":[60,60,60,60,60,60,60,60,60,60,60,49],"gold":116,"neow_bonus":"THREE_CARDS","is_prod":false,"is_daily":false,"chose_seed":false,"campfire_upgraded":2,"win_rate":0,"timestamp":1559277254,"path_taken":["M","?","?","$","M","R","M","M","T","R","?","?"],"build_version":"2019-01-23","purchased_purges":0,"victory":false,"max_hp_per_floor":[70,70,70,70,70,70,70,70,70,70,70,70],"card_choices":[{"not_picked":["Expertise","Dodge and Roll"],"picked":"Cloak And Dagger","floor":0},{"not_picked":["Riddle With Holes","Escape Plan"],"picked":"PiercingWail","floor":1},{"not_picked":["Flying Knee","Choke","Dagger Spray"],"picked":"SKIP","floor":5},{"not_picked":["Crippling Poison","Well Laid Plans"],"picked":"Deadly Poison","floor":7},{"not_picked":["Masterful Stab","PiercingWail"],"picked":"Bane","floor":8}],"player_experience":935332,"relics_obtained":[{"floor":9,"key":"Blood Vial"}],"event_choices":[{"damage_healed":0,"gold_gain":0,"player_choice":"Grow","damage_taken":0,"max_hp_gain":0,"max_hp_loss":0,"event_name":"Living Wall","floor":2,"gold_loss":0,"cards_upgraded":["Neutralize"]},{"damage_healed":0,"gold_gain":0,"player_choice":"Ignored","damage_taken":0,"max_hp_gain":0,"max_hp_loss":0,"event_name":"Golden Wing","floor":3,"gold_loss":0},{"damage_healed":0,"gold_gain":0,"player_choice":"Upgraded","damage_taken":0,"max_hp_gain":0,"max_hp_loss":0,"event_name":"Upgrade Shrine","floor":11,"gold_loss":0,"cards_upgraded":["Survivor"]}],"is_beta":false,"boss_relics":[],"items_purged_floors":[],"is_endless":false,"potions_floor_spawned":[1],"killed_by":"Gremlin Gang","ascension_level":8}