{"gold_per_floor":[12,12,25,25,39,39,64,139,139,139,173,14,34,46,46,123,123,138,138,156,156,2,2,19,34,83,83,108,108,128,147,147,223,223,235,245,345,345,345,345,72,72,97,97,108,108,127,5,5,5],"floor_reached":51,"playtime":2849,"items_purged":["Strike_G","Strike_G"],"score":1113,"play_id":"5219c7a4-4044-4c86-b1c3-a74452e57df0","local_time":"20190217231351","is_ascension_mode":true,"campfire_choices":[{"data":"Neutralize","floor":6.0,"key":"SMITH"},{"floor":10.0,"key":"REST"},{"floor":15.0,"key":"REST"},{"floor":23.0,"key":"REST"},{"data":"Calculated Gamble","floor":27.0,"key":"SMITH"},{"data":"Footwork","floor":29.0,"key":"SMITH"},{"floor":32.0,"key":"REST"},{"floor":40.0,"key":"REST"},{"data":"Noxious Fumes","floor":42.0,"key":"SMITH"},{"data":"Malaise","floor":44.0,"key":"SMITH"},{"data":"Dodge and Roll","floor":46.0,"key":"SMITH"},{"floor":49,"key":"REST"}],"neow_cost":"NO_GOLD","seed_source_timestamp":39013912917000,"circlet_count":0,"master_deck":["AscendersBane","Defend_G+1","Defend_G","Defend_G","Defend_G","Defend_G+1","Survivor","Neutralize+1","Dagger Throw","PiercingWail","PiercingWail","Poisoned Stab","All Out Attack","Good Instincts","Poisoned Stab","Blur+1","Caltrops","Corpse Explosion+1","Envenom+1","Leg Sweep+1","Leg Sweep+1","Slice","Backflip","Calculated Gamble+1","Footwork+1","Malaise+1","Blur","Tools of the Trade","PiercingWail","Bane","Dodge and Roll+1","Writhe","Noxious Fumes+1","Deadly Poison","Deadly Poison+1","Well Laid Plans","Crippling Poison"],"special_seed":0,"relics":["Ring of the Snake","Tingsha","The Specimen","Pen Nib","Astrolabe","Regal Pillow","War Paint","Blood Vial","Sozu","WingedGreaves","Membership Card","Snake Skull"],"potions_floor_usage":[47],"damage_taken":[{"damage":0.0,"enemies":"Jaw Worm","floor":1.0,"turns":6.0},{"damage":0.0,"enemies":"2 Louse","floor":3.0,"turns":3.0},{"damage":5.0,"enemies":"Cultist","floor":5.0,"turns":4.0},{"damage":37.0,"enemies":"3 Sentries","floor":7.0,"turns":16.0},{"damage":25.0,"enemies":"Lagavulin","floor":11.0,"turns":8.0},{"damage":0.0,"enemies":"3 Louse","floor":13.0,"turns":3.0},{"damage":2.0,"enemies":"Exordium Thugs","floor":14.0,"turns":3.0},{"damage":14.0,"enemies":"Hexaghost","floor":16.0,"turns":11.0},{"damage":12.0,"enemies":"3 Byrds","floor":18.0,"turns":2.0},{"damage":14.0,"enemies":"Spheric Guardian","floor":20.0,"turns":6.0},{"damage":6.0,"enemies":"Shelled Parasite and Fungi","floor":24.0,"turns":9.0},{"damage":0.0,"enemies":"Centurion and Healer","floor":25.0,"turns":5.0},{"damage":25.0,"enemies":"Book of Stabbing","floor":28.0,"turns":9.0},{"damage":10.0,"enemies":"Chosen and Byrds","floor":30.0,"turns":8.0},{"damage":17.0,"enemies":"3 Cultists","floor":31.0,"turns":5.0},{"damage":68.0,"enemies":"Collector","floor":33.0,"turns":12.0},{"damage":32.0,"enemies":"3 Darklings","floor":35.0,"turns":5.0},{"damage":18.0,"enemies":"3 Shapes","floor":36.0,"turns":6.0},{"damage":0.0,"enemies":"Mind Bloom Boss Battle","floor":37.0,"turns":9.0},{"damage":0.0,"enemies":"3 Darklings","floor":45.0,"turns":5.0},{"damage":44,"enemies":"Writhing Mass","floor":47,"turns":8},{"damage":58,"enemies":"Awakened One","floor":50,"turns":17}],"seed_played":"-649890553535967466","potions_obtained":[{"floor":5.0,"key":"FearPotion"},{"floor":11.0,"key":"SpeedPotion"},{"floor":16.0,"key":"Weak Potion"},{"floor":18.0,"key":"SteroidPotion"},{"floor":20.0,"key":"Block Potion"},{"floor":30.0,"key":"Regen Potion"},{"floor":33.0,"key":"GamblersBrew"}],"is_trial":false,"path_per_floor":["M","?","M","?","M","R","E","?","T","R","E","$","M","M","R","B",null,"M","?","M","?","$","R","M","M","T","R","E","R","M","M","R","B",null,"M","M","?","?","?","R","$","R","T","R","M","R","M","$","R","B",null],"character_chosen":"THE_SILENT","items_purchased":["SkillPotion","Good Instincts","Poisoned Stab","Regal Pillow","Membership Card","Noxious Fumes","Well Laid Plans","Crippling Poison"],"campfire_rested":6,"item_purchase_floors":[12,12,12,22,41,41,48,48],"current_hp_per_floor":[71,71,71,55,50,50,13,6,6,29,4,4,4,2,25,11,61,49,49,35,35,35,73,67,67,67,67,42,42,34,33,71,5,60,30,14,16,36,36,74,74,74,74,74,76,76,34,34,72,16],"gold":5,"neow_bonus":"TWENTY_PERCENT_HP_BONUS","is_prod":false,"is_daily":false,"chose_seed":false,"campfire_upgraded":6,"win_rate":0,"timestamp":1550463231,"path_taken":["M","?","M","?","M","R","E","?","T","R","E","$","M","?","R","BOSS","M","?","?","?","$","R","M","M","T","R","E","R","?","M","R","BOSS","M","M","?","?","?","R","$","R","T","R","M","R","M","?","R","BOSS"],"build_version":"2019-02-06","purchased_purges":2,"victory":true,"max_hp_per_floor":[78,78,78,78,78,78,78,78,78,78,78,78,78,78,78,78,78,78,78,78,78,78,78,78,78,78,78,78,78,78,78,78,78,78,78,78,78,78,78,78,78,78,78,78,78,78,78,78,78,78],"card_choices":[{"not_picked":["Prepared","Blade Dance"],"picked":"Dagger Throw","floor":1.0},{"not_picked":["Backflip","Flying Knee"],"picked":"PiercingWail","floor":3.0},{"not_picked":["Tactician","Setup"],"picked":"PiercingWail","floor":5.0},{"not_picked":["Catalyst","Finisher"],"picked":"Poisoned Stab","floor":7.0},{"not_picked":["Skewer","Flechettes"],"picked":"All Out Attack","floor":11.0},{"not_picked":["Distraction","PiercingWail"],"picked":"Blur","floor":13.0},{"not_picked":["Underhanded Strike","Dodge and Roll"],"picked":"Caltrops","floor":14.0},{"not_picked":["A Thousand Cuts","Venomology"],"picked":"Corpse Explosion","floor":16.0},{"not_picked":["Poisoned Stab","Sucker Punch+1"],"picked":"Slice","floor":18.0},{"not_picked":["Poisoned Stab","Leg Sweep"],"picked":"Backflip","floor":20.0},{"not_picked":["Dagger Throw","Dodge and Roll"],"picked":"Calculated Gamble","floor":24.0},{"not_picked":["Slice","Reflex","Concentrate"],"picked":"SKIP","floor":25.0},{"not_picked":["Prepared","Dagger Throw"],"picked":"Footwork","floor":28.0},{"not_picked":["Riddle With Holes","Calculated Gamble"],"picked":"Malaise","floor":30.0},{"not_picked":["Dagger Spray","Masterful Stab+1"],"picked":"Blur","floor":31.0},{"not_picked":["Grand Finale","A Thousand Cuts"],"picked":"Tools of the Trade","floor":33.0},{"not_picked":["Slice+1","Dagger Spray+1"],"picked":"PiercingWail","floor":35.0},{"not_picked":["Terror","Dagger Throw+1"],"picked":"Bane","floor":36.0},{"not_picked":["Endless Agony","Dagger Throw"],"picked":"Dodge and Roll","floor":37.0},{"not_picked":["Cloak And Dagger","Blade Dance"],"picked":"Deadly Poison","floor":45.0},{"not_picked":["Finisher","Outmaneuver+1"],"picked":"Deadly Poison+1","floor":47}],"player_experience":631909,"relics_obtained":[{"floor":7.0,"key":"Tingsha"},{"floor":9.0,"key":"The Specimen"},{"floor":11.0,"key":"Pen Nib"},{"floor":26.0,"key":"War Paint"},{"floor":28.0,"key":"Blood Vial"},{"floor":37.0,"key":"WingedGreaves"},{"floor":43.0,"key":"Snake Skull"}],"event_choices":[{"damage_healed":0.0,"max_hp_gain":0.0,"max_hp_loss":0.0,"gold_gain":0.0,"event_name":"Liars Game","player_choice":"Ignored","floor":2.0,"gold_loss":0.0,"damage_taken":0.0},{"damage_healed":0.0,"max_hp_gain":0.0,"max_hp_loss":0.0,"gold_gain":0.0,"event_name":"Shining Light","player_choice":"Entered Light","floor":4.0,"gold_loss":0.0,"damage_taken":16.0,"cards_upgraded":["Defend_G","Defend_G"]},{"damage_healed":0.0,"max_hp_gain":0.0,"max_hp_loss":0.0,"gold_gain":75.0,"event_name":"FaceTrader","player_choice":"Touch","floor":8.0,"gold_loss":0.0,"damage_taken":7.0},{"damage_healed":0.0,"max_hp_gain":0.0,"max_hp_loss":0.0,"gold_gain":0.0,"event_name":"The Woman in Blue","player_choice":"Bought 0 Potions","floor":19.0,"gold_loss":0.0,"damage_taken":0.0},{"damage_healed":0.0,"max_hp_gain":0.0,"max_hp_loss":0.0,"gold_gain":0.0,"event_name":"N\u0027loth","player_choice":"Ignored","floor":21.0,"gold_loss":0.0,"damage_taken":0.0},{"damage_healed":0.0,"max_hp_gain":0.0,"max_hp_loss":0.0,"gold_gain":0.0,"event_name":"MindBloom","player_choice":"Fight","floor":37.0,"gold_loss":0.0,"damage_taken":0.0},{"damage_healed":20.0,"max_hp_gain":0.0,"max_hp_loss":0.0,"gold_gain":0.0,"event_name":"Winding Halls","player_choice":"Writhe","floor":38.0,"gold_loss":0.0,"damage_taken":0.0,"cards_obtained":["Writhe"]},{"damage_healed":0.0,"max_hp_gain":0.0,"max_hp_loss":0.0,"gold_gain":0.0,"event_name":"Mysterious Sphere","player_choice":"Ignored","floor":39.0,"gold_loss":0.0,"damage_taken":0.0}],"is_beta":true,"boss_relics":[{"not_picked":["Tiny House","Velvet Choker"],"picked":"Astrolabe"},{"not_picked":["Philosopher\u0027s Stone","WristBlade"],"picked":"Sozu"}],"items_purged_floors":[41,48],"is_endless":false,"potions_floor_spawned":[5,11,16,18,20,30,33,36,37,45],"ascension_level":14}