{"gold_per_floor":[111,111,36,56,67,67,67,67,67,67,81,99,109,109,109,109],"floor_reached":16,"playtime":527,"items_purged":["Strike_B"],"score":213,"play_id":"ac198dc2-2edc-4c24-abb1-d9f0c0f2a3a1","local_time":"20190112201300","is_ascension_mode":true,"campfire_choices":[{"data":"Zap","floor":6,"key":"SMITH"},{"data":"Dualcast","floor":8,"key":"SMITH"},{"floor":10,"key":"REST"},{"data":"Scrape","floor":15,"key":"SMITH"}],"neow_cost":"NONE","seed_source_timestamp":71563255691618,"circlet_count":0,"master_deck":["AscendersBane","Strike_B","Strike_B+1","Strike_B","Defend_B","Defend_B","Defend_B","Defend_B","Zap+1","Dualcast+1","Madness+1","Scrape+1","Gash","Rebound","Steam"],"relics":["Cracked Core","Bottled Flame","Golden Idol"],"potions_floor_usage":[11,13,13,13,16,16],"damage_taken":[{"damage":2,"enemies":"Jaw Worm","floor":1,"turns":4},{"damage":3,"enemies":"Small Slimes","floor":4,"turns":3},{"damage":5,"enemies":"2 Louse","floor":5,"turns":2},{"damage":2,"enemies":"Large Slime","floor":11,"turns":3},{"damage":5,"enemies":"2 Fungi Beasts","floor":12,"turns":3},{"damage":7,"enemies":"Lots of Slimes","floor":13,"turns":4}],"seed_played":"719876437555632432","potions_obtained":[{"floor":1,"key":"Ancient Potion"},{"floor":5,"key":"AttackPotion"},{"floor":12,"key":"EntropicBrew"}],"is_trial":false,"path_per_floor":["M","?","$","M","M","R","$","R","T","R","M","M","M","?","R","B"],"character_chosen":"DEFECT","items_purchased":[],"campfire_rested":1,"item_purchase_floors":[],"current_hp_per_floor":[66,51,51,48,43,43,43,43,43,65,63,58,51,51,51,0],"gold":109,"neow_bonus":"RANDOM_COLORLESS","is_prod":false,"is_daily":false,"chose_seed":false,"campfire_upgraded":3,"win_rate":0,"timestamp":1547341980,"path_taken":["M","?","$","M","M","R","$","R","T","R","M","M","M","?","R","BOSS"],"build_version":"2019-01-10","purchased_purges":1,"victory":false,"max_hp_per_floor":[75,75,75,75,75,75,75,75,75,75,75,75,75,69,69,69],"card_choices":[{"not_picked":["Steam","Aggregate"],"picked":"Scrape","floor":1},{"not_picked":["Cold Snap","Double Energy","Leap"],"picked":"SKIP","floor":4},{"not_picked":["Rebound","Auto Shields","Reinforced Body"],"picked":"SKIP","floor":5},{"not_picked":["Glacier","Blizzard"],"picked":"Gash","floor":11},{"not_picked":["Leap","Storm"],"picked":"Rebound","floor":12},{"not_picked":["Conserve Battery","Static Discharge"],"picked":"Steam","floor":13}],"player_experience":506610,"relics_obtained":[{"floor":9,"key":"Bottled Flame"}],"event_choices":[{"damage_healed":0,"gold_gain":0,"player_choice":"Entered Light","damage_taken":15,"max_hp_gain":0,"max_hp_loss":0,"event_name":"Shining Light","floor":2,"gold_loss":0,"cards_upgraded":["Strike_B","Madness"]},{"damage_healed":0,"gold_gain":0,"player_choice":"Lose Max HP","damage_taken":0,"relics_obtained":["Golden Idol"],"max_hp_gain":0,"max_hp_loss":6,"event_name":"Golden Idol","floor":14,"gold_loss":0}],"is_beta":true,"boss_relics":[],"items_purged_floors":[3],"is_endless":false,"potions_floor_spawned":[1,5,12],"killed_by":"The Guardian","ascension_level":10}