{"gold_per_floor":[109,34,51,69,69,100,112,124,136,148,170,182,211,223,235,347,359,390,422,18,32,32,32,62,62,87,101,101,16,16,30,30,30],"floor_reached":33,"playtime":1450,"items_purged":["Clumsy","Recycle"],"score":450,"play_id":"26f81d43-658d-4284-b869-91e2748bf182","local_time":"20190124211939","is_ascension_mode":true,"campfire_choices":[{"data":"Zap","floor":7.0,"key":"SMITH"},{"data":"Self Repair","floor":10.0,"key":"SMITH"},{"data":"Sweeping Beam","floor":12.0,"key":"SMITH"},{"data":"FTL","floor":15.0,"key":"SMITH"},{"data":"Hyperbeam","floor":23.0,"key":"SMITH"},{"data":"Fusion","floor":25,"key":"SMITH"},{"data":"RitualDagger","floor":28,"key":"SMITH"},{"data":"Defragment","floor":32,"key":"SMITH"}],"neow_cost":"CURSE","seed_source_timestamp":5118010057300,"circlet_count":0,"master_deck":["AscendersBane","Zap+1","Dualcast","Genetic Algorithm","Reinforced Body","FTL+1","Self Repair+1","Go for the Eyes+1","Chill","Reboot","Conserve Battery","Lockon","Hyperbeam+1","Leap","Scrape","Defragment+1","Hologram+1","Coolheaded","Streamline+1","RitualDagger+1","Fusion+1"],"special_seed":0,"relics":["Cracked Core","Thread and Needle","MawBank","Potion Belt","Pandora\u0027s Box","Bottled Flame","Anchor","Orichalcum","Darkstone Periapt"],"potions_floor_usage":[24,27,33],"damage_taken":[{"damage":6.0,"enemies":"Cultist","floor":1.0,"turns":4.0},{"damage":3.0,"enemies":"Small Slimes","floor":3.0,"turns":5.0},{"damage":2.0,"enemies":"Jaw Worm","floor":4.0,"turns":3.0},{"damage":11.0,"enemies":"3 Sentries","floor":6.0,"turns":8.0},{"damage":0.0,"enemies":"Exordium Wildlife","floor":11.0,"turns":3.0},{"damage":0.0,"enemies":"2 Fungi Beasts","floor":13.0,"turns":3.0},{"damage":57.0,"enemies":"Slime Boss","floor":16.0,"turns":13.0},{"damage":0.0,"enemies":"Spheric Guardian","floor":18.0,"turns":4.0},{"damage":0.0,"enemies":"3 Byrds","floor":19.0,"turns":3.0},{"damage":0.0,"enemies":"Sentry and Sphere","floor":21.0,"turns":4.0},{"damage":0,"enemies":"Slavers","floor":24,"turns":4},{"damage":9,"enemies":"Centurion and Healer","floor":27,"turns":3},{"damage":13,"enemies":"Shelled Parasite and Fungi","floor":31,"turns":4},{"damage":89,"enemies":"Automaton","floor":33,"turns":12}],"seed_played":"-2337662439643118350","potions_obtained":[{"floor":3.0,"key":"Explosive Potion"},{"floor":6.0,"key":"SkillPotion"},{"floor":16.0,"key":"Ancient Potion"},{"floor":21.0,"key":"FearPotion"},{"floor":24,"key":"Poison Potion"},{"floor":27,"key":"LiquidBronze"},{"floor":31,"key":"Block Potion"}],"is_trial":false,"path_per_floor":["M","$","M","M","T","E","R","?","T","R","M","R","M","?","R","B",null,"M","M","$","M","?","R","E","R","T","M","R","?","?","M","R","B"],"character_chosen":"DEFECT","items_purchased":["Coolheaded","Bottled Flame","Block Potion"],"campfire_rested":0,"item_purchase_floors":[20,20,20],"current_hp_per_floor":[62,62,59,57,57,53,53,53,53,53,63,63,73,73,73,26,63,73,73,73,75,69,69,75,75,75,66,66,66,66,63,63,0],"gold":30,"neow_bonus":"TRANSFORM_TWO_CARDS","is_prod":false,"is_daily":false,"chose_seed":false,"campfire_upgraded":8,"win_rate":0,"timestamp":1548382779,"path_taken":["M","$","M","M","?","E","R","?","T","R","M","R","?","?","R","BOSS","M","M","$","M","?","R","E","R","T","M","R","?","?","M","R","BOSS"],"build_version":"2019-01-23","purchased_purges":2,"victory":false,"max_hp_per_floor":[75,75,75,75,75,75,75,75,75,75,75,75,75,75,75,75,75,75,75,75,75,75,75,75,75,75,75,75,75,75,75,75,75],"card_choices":[{"not_picked":["Compile Driver","Steam"],"picked":"Reinforced Body","floor":1.0},{"not_picked":["Barrage","Conserve Battery"],"picked":"FTL","floor":3.0},{"not_picked":["Darkness","Streamline"],"picked":"Self Repair","floor":4.0},{"not_picked":["Reinforced Body","Chaos"],"picked":"Go for the Eyes","floor":6.0},{"not_picked":["Cold Snap","Tempest"],"picked":"Sweeping Beam","floor":11.0},{"not_picked":["Auto Shields","Rebound"],"picked":"Chill","floor":13.0},{"not_picked":["Rainbow","Fission"],"picked":"Reboot","floor":16.0},{"not_picked":["Sweeping Beam","Cold Snap"],"picked":"Hologram+1","floor":18.0},{"not_picked":["Compile Driver+1","Redo","Steam Power"],"picked":"SKIP","floor":19.0},{"not_picked":["Storm","Aggregate"],"picked":"Streamline+1","floor":21.0},{"not_picked":["Cold Snap+1","Rebound"],"picked":"Fusion","floor":24},{"not_picked":["Melter","Leap","Streamline"],"picked":"SKIP","floor":27},{"not_picked":["Consume","Sweeping Beam+1","Cold Snap"],"picked":"SKIP","floor":31}],"player_experience":526611,"relics_obtained":[{"floor":5.0,"key":"Thread and Needle"},{"floor":6.0,"key":"MawBank"},{"floor":9.0,"key":"Potion Belt"},{"floor":24,"key":"Anchor"},{"floor":26,"key":"Orichalcum"}],"event_choices":[{"damage_healed":0.0,"max_hp_gain":0.0,"max_hp_loss":0.0,"gold_gain":0.0,"event_name":"Upgrade Shrine","player_choice":"Upgraded","floor":8.0,"gold_loss":0.0,"damage_taken":0.0,"cards_upgraded":["Go for the Eyes"]},{"damage_healed":0.0,"max_hp_gain":0.0,"max_hp_loss":0.0,"gold_gain":0.0,"event_name":"Liars Game","player_choice":"Ignored","floor":14.0,"gold_loss":0.0,"damage_taken":0.0},{"damage_healed":0.0,"max_hp_gain":0.0,"max_hp_loss":0.0,"gold_gain":0.0,"event_name":"Nest","player_choice":"Joined the Cult","floor":22.0,"gold_loss":0.0,"damage_taken":6.0,"cards_obtained":["RitualDagger"]},{"damage_healed":0,"gold_gain":0,"player_choice":"Obtained Relic","damage_taken":0,"relics_obtained":["Darkstone Periapt"],"max_hp_gain":0,"max_hp_loss":0,"event_name":"Addict","floor":29,"gold_loss":85},{"cards_removed":["Sweeping Beam"],"damage_healed":0,"gold_gain":0,"player_choice":"Elegance","damage_taken":0,"max_hp_gain":0,"max_hp_loss":0,"event_name":"Back to Basics","floor":30,"gold_loss":0}],"is_beta":true,"boss_relics":[{"not_picked":["Runic Dome","FrozenCore"],"picked":"Pandora\u0027s Box"}],"items_purged_floors":[2,20],"is_endless":false,"potions_floor_spawned":[3,6,16,21,24,27,31],"killed_by":"Automaton","ascension_level":11}