{"gold_per_floor":[114,39,39,39,114,114,147,147,147,163,187,212,255,14,14,107,107,121,171,5,0,15,15,78,78,78,78,98,98,121,139,139,230,230,248,316,332,332],"floor_reached":38,"playtime":1568,"items_purged":["Injury"],"score":833,"play_id":"4f20ee2a-3eca-49cb-a041-5e72fafa2ffa","local_time":"20190525185953","is_ascension_mode":true,"campfire_choices":[{"data":"Zap","floor":6.0,"key":"SMITH"},{"data":"Lockon","floor":8.0,"key":"SMITH"},{"data":"Coolheaded","floor":15.0,"key":"SMITH"},{"data":"Defragment","floor":23.0,"key":"SMITH"},{"data":"Glacier","floor":25.0,"key":"SMITH"},{"floor":27.0,"key":"REST"},{"floor":29.0,"key":"REST"},{"floor":32.0,"key":"REST"}],"neow_cost":"NONE","seed_source_timestamp":87134481547700,"circlet_count":0,"master_deck":["AscendersBane","Zap+1","Dualcast","Coolheaded+1","Lockon+1","Sweeping Beam+1","Barrage+1","Ball Lightning+1","FTL+1","Echo Form","Sunder+1","Defragment+1","Glacier+1","Blizzard+1","Glacier","Seek","Skim","Compile Driver+1","Loop","Double Energy","Glacier","Turbo","Core Surge+1"],"special_seed":0,"relics":["Cracked Core","NeowsBlessing","Golden Idol","PreservedInsect","Molten Egg 2","Nunchaku","DataDisk","Busted Crown","Tiny Chest","Darkstone Periapt","Pandora\u0027s Box","Ginger"],"potions_floor_usage":[38],"damage_taken":[{"damage":0.0,"enemies":"Small Slimes","floor":1.0,"turns":1.0},{"damage":0.0,"enemies":"Lagavulin","floor":7.0,"turns":1.0},{"damage":0.0,"enemies":"Jaw Worm","floor":10.0,"turns":1.0},{"damage":0.0,"enemies":"2 Louse","floor":11.0,"turns":2.0},{"damage":2.0,"enemies":"Exordium Thugs","floor":12.0,"turns":4.0},{"damage":16.0,"enemies":"3 Sentries","floor":13.0,"turns":5.0},{"damage":20.0,"enemies":"Slime Boss","floor":16.0,"turns":6.0},{"damage":16.0,"enemies":"Shell Parasite","floor":18.0,"turns":3.0},{"damage":0.0,"enemies":"Chosen","floor":22.0,"turns":3.0},{"damage":21.0,"enemies":"Book of Stabbing","floor":24.0,"turns":2.0},{"damage":5.0,"enemies":"Snecko","floor":28.0,"turns":5.0},{"damage":13.0,"enemies":"Chosen and Byrds","floor":30.0,"turns":5.0},{"damage":21.0,"enemies":"Snake Plant","floor":31.0,"turns":5.0},{"damage":37.0,"enemies":"Collector","floor":33.0,"turns":10.0},{"damage":0.0,"enemies":"3 Shapes","floor":35.0,"turns":5.0},{"damage":48.0,"enemies":"2 Orb Walkers","floor":36.0,"turns":5.0},{"damage":0.0,"enemies":"Orb Walker","floor":37.0,"turns":3.0},{"damage":8,"enemies":"3 Darklings","floor":38,"turns":3}],"seed_played":"-1695889702298677967","potions_obtained":[{"floor":7.0,"key":"SpeedPotion"},{"floor":12.0,"key":"Regen Potion"},{"floor":13.0,"key":"Energy Potion"},{"floor":18.0,"key":"LiquidBronze"},{"floor":31.0,"key":"PowerPotion"},{"floor":33.0,"key":"Poison Potion"},{"floor":36.0,"key":"EssenceOfSteel"},{"floor":37.0,"key":"LiquidBronze"}],"is_trial":false,"path_per_floor":["M","?","$","?","?","R","E","R","T","M","M","M","E","$","R","B",null,"M","?","$","?","M","R","E","R","T","R","M","R","M","M","R","B",null,"M","?","M","M"],"character_chosen":"DEFECT","items_purchased":["DataDisk","Defragment","Glacier"],"campfire_rested":3,"item_purchase_floors":[14,20,20],"current_hp_per_floor":[64,64,64,64,53,53,53,53,53,53,53,51,49,49,49,29,61,45,45,45,45,45,45,24,24,24,45,40,61,48,27,48,11,56,56,8,8,0],"gold":332,"neow_bonus":"THREE_ENEMY_KILL","is_prod":false,"is_daily":false,"chose_seed":false,"campfire_upgraded":5,"win_rate":0,"timestamp":1558825193,"path_taken":["M","?","$","?","?","R","E","R","T","M","M","M","E","$","R","BOSS","M","?","?","?","M","R","E","R","T","R","M","R","M","M","R","BOSS","M","?","M","M"],"build_version":"2019-05-24v2","purchased_purges":1,"victory":false,"max_hp_per_floor":[71,71,71,71,71,71,71,71,71,71,71,71,71,71,71,71,71,71,71,71,71,71,71,71,71,71,71,71,71,71,71,71,71,71,71,71,71,71],"card_choices":[{"not_picked":["Hologram","Stack"],"picked":"Coolheaded","floor":1.0},{"not_picked":["Coolheaded","BootSequence"],"picked":"Lockon","floor":7.0},{"not_picked":["Conserve Battery","Steam"],"picked":"Sweeping Beam+1","floor":10.0},{"not_picked":["Compile Driver+1","Steam Power"],"picked":"Barrage+1","floor":11.0},{"not_picked":["Coolheaded","Darkness"],"picked":"Ball Lightning+1","floor":12.0},{"not_picked":["Tempest","Chaos"],"picked":"FTL+1","floor":13.0},{"not_picked":["Core Surge+1","Fission"],"picked":"Echo Form","floor":16.0},{"not_picked":[],"picked":"Sunder+1","floor":18.0},{"not_picked":["Sunder+1"],"picked":"SKIP","floor":22.0},{"not_picked":["Conserve Battery"],"picked":"SKIP","floor":24.0},{"not_picked":[],"picked":"Blizzard+1","floor":28.0},{"not_picked":["White Noise"],"picked":"SKIP","floor":30.0},{"not_picked":[],"picked":"Glacier","floor":31.0},{"not_picked":[],"picked":"Seek","floor":33.0},{"not_picked":["Go for the Eyes+1"],"picked":"SKIP","floor":35.0},{"not_picked":["Sweeping Beam+1"],"picked":"SKIP","floor":37.0}],"player_experience":719315,"relics_obtained":[{"floor":7.0,"key":"PreservedInsect"},{"floor":9.0,"key":"Molten Egg 2"},{"floor":13.0,"key":"Nunchaku"},{"floor":24.0,"key":"Tiny Chest"},{"floor":26.0,"key":"Darkstone Periapt"},{"floor":36.0,"key":"Ginger"}],"event_choices":[{"cards_removed":["Strike_B"],"damage_healed":0.0,"max_hp_gain":0.0,"max_hp_loss":0.0,"gold_gain":0.0,"event_name":"The Cleric","player_choice":"Card Removal","floor":2.0,"gold_loss":75.0,"damage_taken":0.0},{"damage_healed":0.0,"max_hp_gain":0.0,"max_hp_loss":0.0,"gold_gain":0.0,"event_name":"Golden Idol","player_choice":"Take Wound","floor":4.0,"gold_loss":0.0,"damage_taken":0.0,"relics_obtained":["Golden Idol"],"cards_obtained":["Injury"]},{"damage_healed":0.0,"max_hp_gain":0.0,"max_hp_loss":0.0,"gold_gain":75.0,"event_name":"World of Goop","player_choice":"Gather Gold","floor":5.0,"gold_loss":0.0,"damage_taken":11.0},{"damage_healed":0.0,"max_hp_gain":0.0,"max_hp_loss":0.0,"gold_gain":50.0,"event_name":"Golden Shrine","player_choice":"Pray","floor":19.0,"gold_loss":0.0,"damage_taken":0.0},{"damage_healed":0.0,"max_hp_gain":0.0,"max_hp_loss":0.0,"gold_gain":0.0,"event_name":"Masked Bandits","player_choice":"Paid Fearfully","floor":21.0,"gold_loss":5.0,"damage_taken":0.0},{"damage_healed":0.0,"max_hp_gain":0.0,"max_hp_loss":0.0,"gold_gain":0.0,"event_name":"Mysterious Sphere","player_choice":"Fight","floor":36.0,"gold_loss":0.0,"damage_taken":0.0}],"is_beta":true,"boss_relics":[{"not_picked":["Tiny House","Calling Bell"],"picked":"Busted Crown"},{"not_picked":["Coffee Dripper","Orrery"],"picked":"Pandora\u0027s Box"}],"items_purged_floors":[14],"is_endless":false,"potions_floor_spawned":[7,12,13,18,31,33,36,37],"killed_by":"3 Darklings","ascension_level":19}