{"gold_per_floor":[110,0,18,33,52,78,78,31,31,44,44,62,62,62,62,62],"floor_reached":16,"playtime":654,"items_purged":["Strike_G"],"score":133,"play_id":"23fc9ab5-0f0e-4274-b503-873128039ab6","local_time":"20190311055442","is_ascension_mode":true,"campfire_choices":[{"floor":7,"key":"REST"},{"floor":15,"key":"REST"}],"neow_cost":"NONE","seed_source_timestamp":413493044830624,"circlet_count":0,"master_deck":["Defend_G","Defend_G","Defend_G","Defend_G","Defend_G","Strike_G","Strike_G","Strike_G","Survivor","Neutralize","Caltrops","Terror","Setup","Noxious Fumes","Well Laid Plans","Bane"],"relics":["Ring of the Snake","Mummified Hand","Gremlin Horn"],"potions_floor_usage":[6,12],"damage_taken":[{"damage":1,"enemies":"2 Louse","floor":1,"turns":4},{"damage":5,"enemies":"Jaw Worm","floor":3,"turns":5},{"damage":2,"enemies":"Small Slimes","floor":4,"turns":6},{"damage":8,"enemies":"Exordium Wildlife","floor":5,"turns":5},{"damage":36,"enemies":"3 Sentries","floor":6,"turns":8},{"damage":5,"enemies":"2 Fungi Beasts","floor":10,"turns":4},{"damage":16,"enemies":"Lots of Slimes","floor":12,"turns":4},{"damage":34,"enemies":"Hexaghost","floor":16,"turns":9}],"seed_played":"-6588501665421099433","potions_obtained":[{"floor":4,"key":"SmokeBomb"},{"floor":5,"key":"AttackPotion"},{"floor":10,"key":"Strength Potion"}],"is_trial":false,"path_per_floor":["M","$","M","M","M","E","R","?","T","M","?","M","$","$","R","B"],"character_chosen":"THE_SILENT","items_purchased":["Terror"],"campfire_rested":2,"item_purchase_floors":[2],"current_hp_per_floor":[62,62,57,55,47,11,32,32,32,27,27,11,11,11,32,0],"gold":62,"neow_bonus":"REMOVE_CARD","is_prod":false,"is_daily":false,"chose_seed":false,"campfire_upgraded":0,"win_rate":0,"timestamp":1552308882,"path_taken":["M","$","M","M","M","E","R","?","T","M","?","M","?","$","R","BOSS"],"build_version":"2019-01-23","purchased_purges":1,"victory":false,"max_hp_per_floor":[70,70,70,70,70,70,70,70,70,70,70,70,70,70,70,70],"card_choices":[{"not_picked":["Deadly Poison","Reflex"],"picked":"Caltrops","floor":1},{"not_picked":["Dodge and Roll","Deadly Poison"],"picked":"Setup","floor":3},{"not_picked":["Dodge and Roll","Cloak And Dagger"],"picked":"Noxious Fumes","floor":4},{"not_picked":["Underhanded Strike","Backflip","Eviscerate"],"picked":"SKIP","floor":5},{"not_picked":["Predator","Outmaneuver","Poisoned Stab"],"picked":"SKIP","floor":6},{"not_picked":["Setup","Slice"],"picked":"Well Laid Plans","floor":10},{"not_picked":["Underhanded Strike","Outmaneuver"],"picked":"Bane","floor":12}],"player_experience":696414,"relics_obtained":[{"floor":6,"key":"Mummified Hand"},{"floor":9,"key":"Gremlin Horn"}],"event_choices":[{"damage_healed":0,"gold_gain":0,"player_choice":"Left Gold","damage_taken":0,"max_hp_gain":0,"max_hp_loss":0,"event_name":"World of Goop","floor":8,"gold_loss":47},{"damage_healed":0,"gold_gain":0,"player_choice":"Ignored","damage_taken":0,"max_hp_gain":0,"max_hp_loss":0,"event_name":"Shining Light","floor":11,"gold_loss":0}],"is_beta":false,"boss_relics":[],"items_purged_floors":[2],"is_endless":false,"potions_floor_spawned":[4,5,10],"killed_by":"Hexaghost","ascension_level":6}