{"gold_per_floor":[110,129,147,322,83,83,116,116,165,190,190,218,231,245,245,346,346,365,136,136,147,247,247],"floor_reached":23,"playtime":2834,"items_purged":["Doubt"],"score":219,"play_id":"9d4926c7-d44b-450a-943b-7667faa0b49a","local_time":"20190123211409","is_ascension_mode":true,"campfire_choices":[{"floor":6.0,"key":"RECALL"},{"floor":11.0,"key":"REST"},{"floor":15.0,"key":"REST"}],"neow_cost":"TEN_PERCENT_HP_LOSS","seed_source_timestamp":0,"circlet_count":0,"master_deck":["Strike_R","Strike_R","Strike_R","Strike_R","Defend_R","Defend_R","Defend_R","Bash","Seeing Red+1","Shrug It Off","Inflame","Dark Shackles","Warcry","Thunderclap","Havoc","Iron Wave","Heavy Blade","Limit Break","Corruption","Armaments","Pommel Strike","Good Instincts","Metallicize","Heavy Blade+1"],"special_seed":0,"relics":["Burning Blood","Bag of Preparation","Oddly Smooth Stone","Red Skull","Centennial Puzzle","Black Star","Bird Faced Urn","Bottled Flame"],"potions_floor_usage":[21,22,22],"damage_taken":[{"damage":2.0,"enemies":"2 Louse","floor":1.0,"turns":4.0},{"damage":9.0,"enemies":"Small Slimes","floor":2.0,"turns":3.0},{"damage":1.0,"enemies":"Cultist","floor":3.0,"turns":3.0},{"damage":47.0,"enemies":"Lagavulin","floor":7.0,"turns":7.0},{"damage":30.0,"enemies":"3 Sentries","floor":10.0,"turns":9.0},{"damage":15.0,"enemies":"Lagavulin","floor":12.0,"turns":5.0},{"damage":3.0,"enemies":"Lots of Slimes","floor":13.0,"turns":3.0},{"damage":0.0,"enemies":"Blue Slaver","floor":14.0,"turns":2.0},{"damage":38.0,"enemies":"Hexaghost","floor":16.0,"turns":11.0},{"damage":10.0,"enemies":"Spheric Guardian","floor":18.0,"turns":3.0},{"damage":23,"enemies":"3 Byrds","floor":21,"turns":5},{"damage":23,"enemies":"Colosseum Slavers","floor":22,"turns":5},{"damage":13,"enemies":"Colosseum Nobs","floor":22,"turns":4},{"damage":27,"enemies":"Slavers","floor":23,"turns":1}],"seed_played":"1912686803186329920","potions_obtained":[{"floor":2.0,"key":"AttackPotion"},{"floor":7.0,"key":"SteroidPotion"},{"floor":10.0,"key":"LiquidBronze"},{"floor":13.0,"key":"BloodPotion"},{"floor":16.0,"key":"LiquidBronze"}],"is_trial":false,"path_per_floor":["M","M","M","?","$","R","E","?","T","E","R","E","M","M","R","B",null,"M","$","?","M","?","E"],"character_chosen":"IRONCLAD","items_purchased":["Inflame","Dark Shackles","Corruption","Armaments","Pommel Strike","Good Instincts"],"campfire_rested":2,"item_purchase_floors":[5,5,19,19,19,19],"current_hp_per_floor":[72,69,72,72,72,72,31,31,31,7,28,19,22,28,49,24,72,68,68,55,38,14,0],"gold":247,"neow_bonus":"REMOVE_TWO","is_prod":false,"is_daily":false,"chose_seed":false,"campfire_upgraded":0,"win_rate":0,"timestamp":1548296049,"path_taken":["M","M","M","?","$","R","E","?","T","E","R","E","M","?","R","BOSS","M","?","?","M","?","E"],"build_version":"2019-01-23","purchased_purges":1,"victory":false,"max_hp_per_floor":[72,72,72,72,72,72,72,72,72,72,72,72,72,72,72,72,72,72,72,77,77,77,77],"card_choices":[{"not_picked":["Anger","Havoc"],"picked":"Seeing Red","floor":1.0},{"not_picked":["Searing Blow","Clash","Feel No Pain"],"picked":"SKIP","floor":2.0},{"not_picked":["Pommel Strike","Iron Wave"],"picked":"Shrug It Off","floor":3.0},{"not_picked":["Thunderclap","Anger"],"picked":"Warcry","floor":7.0},{"not_picked":["Clothesline","Reckless Charge"],"picked":"Thunderclap","floor":10.0},{"not_picked":["Wild Strike","Body Slam"],"picked":"Havoc","floor":12.0},{"not_picked":["Perfected Strike","Immolate"],"picked":"Iron Wave","floor":13.0},{"not_picked":["Combust","Perfected Strike"],"picked":"Heavy Blade","floor":14.0},{"not_picked":["Feed","Bludgeon"],"picked":"Limit Break","floor":16.0},{"not_picked":["Perfected Strike","Wild Strike+1","Clothesline+1"],"picked":"SKIP","floor":18.0},{"not_picked":["Second Wind","Fire Breathing"],"picked":"Metallicize","floor":21},{"not_picked":["Reckless Charge","Clothesline+1"],"picked":"Heavy Blade+1","floor":22}],"player_experience":70135,"relics_obtained":[{"floor":7.0,"key":"Bag of Preparation"},{"floor":9.0,"key":"Oddly Smooth Stone"},{"floor":10.0,"key":"Red Skull"},{"floor":12.0,"key":"Centennial Puzzle"},{"floor":22,"key":"Bird Faced Urn"},{"floor":22,"key":"Bottled Flame"}],"event_choices":[{"damage_healed":0.0,"max_hp_gain":0.0,"max_hp_loss":0.0,"gold_gain":175.0,"event_name":"Liars Game","player_choice":"AGREE","floor":4.0,"gold_loss":0.0,"damage_taken":0.0,"cards_obtained":["Doubt"]},{"damage_healed":0.0,"max_hp_gain":0.0,"max_hp_loss":0.0,"gold_gain":0.0,"event_name":"Accursed Blacksmith","player_choice":"Forge","floor":8.0,"gold_loss":0.0,"damage_taken":0.0,"cards_upgraded":["Seeing Red"]},{"damage_healed":0,"gold_gain":0,"player_choice":"Shed Blood","damage_taken":18,"max_hp_gain":5,"max_hp_loss":0,"event_name":"Forgotten Altar","floor":20,"gold_loss":0},{"damage_healed":0,"gold_gain":0,"player_choice":"Fight","damage_taken":0,"max_hp_gain":0,"max_hp_loss":0,"event_name":"Colosseum","floor":22,"gold_loss":0},{"damage_healed":0,"gold_gain":0,"player_choice":"Fought Nobs","damage_taken":0,"max_hp_gain":0,"max_hp_loss":0,"event_name":"Colosseum","floor":22,"gold_loss":0}],"is_beta":false,"boss_relics":[{"not_picked":["Orrery","Tiny House"],"picked":"Black Star"}],"items_purged_floors":[5],"is_endless":false,"potions_floor_spawned":[2,7,10,13,16,22],"killed_by":"Slavers","ascension_level":1}