{"gold_per_floor":[115,134,153,153,153,153,187,187,187,218,218,230,241,259,259,259],"floor_reached":16,"playtime":615,"items_purged":[],"score":157,"play_id":"21c43ffa-2027-45b2-aa10-4f2ee96919bc","local_time":"20190103142711","is_ascension_mode":true,"campfire_choices":[{"data":"Perfected Strike","floor":6,"key":"SMITH"},{"floor":11,"key":"REST"},{"data":"Offering","floor":15,"key":"SMITH"}],"neow_cost":"NONE","seed_source_timestamp":1217940520821184,"circlet_count":0,"master_deck":["Strike_R","Strike_R","Strike_R","Strike_R","Defend_R","Defend_R+1","Defend_R","Defend_R","Bash","Offering+1","Perfected Strike+1","Twin Strike+1","Cleave","Hemokinesis","Twin Strike","Evolve","Exhume"],"relics":["Burning Blood","Kunai","Bag of Preparation","Ginger"],"potions_floor_usage":[3,16],"damage_taken":[{"damage":8,"enemies":"Jaw Worm","floor":1,"turns":3},{"damage":6,"enemies":"Small Slimes","floor":2,"turns":2},{"damage":6,"enemies":"2 Louse","floor":3,"turns":2},{"damage":28,"enemies":"Lagavulin","floor":7,"turns":5},{"damage":15,"enemies":"3 Sentries","floor":10,"turns":6},{"damage":10,"enemies":"Lots of Slimes","floor":12,"turns":3},{"damage":9,"enemies":"Exordium Thugs","floor":13,"turns":2},{"damage":1,"enemies":"2 Fungi Beasts","floor":14,"turns":3},{"damage":52,"enemies":"Hexaghost","floor":16,"turns":8}],"seed_played":"-1992332794345711223","potions_obtained":[{"floor":2,"key":"Strength Potion"},{"floor":12,"key":"Strength Potion"},{"floor":13,"key":"SmokeBomb"}],"is_trial":false,"path_per_floor":["M","M","M","?","?","R","E","?","T","E","R","M","M","M","R","B"],"character_chosen":"IRONCLAD","items_purchased":[],"campfire_rested":1,"item_purchase_floors":[],"current_hp_per_floor":[70,70,70,54,54,54,32,32,32,23,47,43,40,45,45,0],"gold":259,"neow_bonus":"ONE_RANDOM_RARE_CARD","is_prod":false,"is_daily":false,"chose_seed":false,"campfire_upgraded":2,"win_rate":0,"timestamp":1546543631,"path_taken":["M","M","M","?","?","R","E","?","T","E","R","M","?","M","R","BOSS"],"build_version":"2019-01-02","purchased_purges":0,"victory":false,"max_hp_per_floor":[80,80,80,80,80,80,80,80,80,80,80,80,80,80,80,80],"card_choices":[{"not_picked":["Body Slam","Pommel Strike"],"picked":"Perfected Strike","floor":1},{"not_picked":["Pommel Strike","True Grit"],"picked":"Twin Strike","floor":2},{"not_picked":["Clothesline","Carnage","Inflame"],"picked":"SKIP","floor":3},{"not_picked":["Clothesline","Anger","Warcry"],"picked":"SKIP","floor":7},{"not_picked":["Body Slam","Seeing Red"],"picked":"Hemokinesis","floor":10},{"not_picked":["Searing Blow","Iron Wave"],"picked":"Twin Strike","floor":12},{"not_picked":["Battle Trance","Corruption"],"picked":"Evolve","floor":13},{"not_picked":["Heavy Blade","Uppercut"],"picked":"Exhume","floor":14}],"player_experience":432559,"relics_obtained":[{"floor":7,"key":"Kunai"},{"floor":9,"key":"Bag of Preparation"},{"floor":10,"key":"Ginger"}],"event_choices":[{"damage_healed":0,"gold_gain":0,"player_choice":"Entered Light","damage_taken":16,"max_hp_gain":0,"max_hp_loss":0,"event_name":"Shining Light","floor":4,"gold_loss":0,"cards_upgraded":["Twin Strike","Defend_R"]},{"damage_healed":0,"gold_gain":0,"player_choice":"Ignored","damage_taken":0,"max_hp_gain":0,"max_hp_loss":0,"event_name":"Liars Game","floor":5,"gold_loss":0},{"damage_healed":0,"gold_gain":0,"cards_transformed":["Strike_R"],"player_choice":"Transformed","damage_taken":0,"max_hp_gain":0,"max_hp_loss":0,"event_name":"Transmorgrifier","floor":8,"gold_loss":0,"cards_obtained":["Cleave"]}],"is_beta":true,"boss_relics":[],"items_purged_floors":[],"is_endless":false,"potions_floor_spawned":[2,12,13],"killed_by":"Hexaghost","ascension_level":8}