{"gold_per_floor":[115,80,93,93,45,79,79,106,106,120,120,49,49,66,66,167,167,186,201,201,211,126,126],"floor_reached":23,"playtime":663,"items_purged":[],"score":386,"play_id":"38b827a6-8fbe-48d1-a60e-c3a45a44ede8","local_time":"20190126153123","is_ascension_mode":true,"campfire_choices":[{"floor":7.0,"key":"REST"},{"data":"Buffer","floor":11.0,"key":"SMITH"},{"data":"Zap","floor":13.0,"key":"SMITH"},{"data":"Defragment","floor":15.0,"key":"SMITH"}],"neow_cost":"NONE","seed_source_timestamp":63318778727000,"circlet_count":0,"master_deck":["AscendersBane","Strike_B","Strike_B","Strike_B","Defend_B","Defend_B","Defend_B","Defend_B","Zap+1","Dualcast","Amplify","Leap","Ball Lightning","Cold Snap","Buffer+1","Capacitor","Loop","Defragment+1","Echo Form","Coolheaded+1","Hologram","Storm"],"special_seed":0,"relics":["Cracked Core","Smiling Mask","Omamori","Gremlin Horn","Nuclear Battery","Juzu Bracelet"],"potions_floor_usage":[19,21],"damage_taken":[{"damage":12.0,"enemies":"Jaw Worm","floor":1.0,"turns":3.0},{"damage":7.0,"enemies":"Small Slimes","floor":3.0,"turns":3.0},{"damage":37.0,"enemies":"3 Sentries","floor":6.0,"turns":8.0},{"damage":18.0,"enemies":"Lagavulin","floor":8.0,"turns":7.0},{"damage":0.0,"enemies":"Cultist","floor":10.0,"turns":4.0},{"damage":0.0,"enemies":"3 Louse","floor":14.0,"turns":4.0},{"damage":0.0,"enemies":"Slime Boss","floor":16.0,"turns":9.0},{"damage":28.0,"enemies":"Shell Parasite","floor":18.0,"turns":5.0},{"damage":12,"enemies":"3 Byrds","floor":19,"turns":6},{"damage":18,"enemies":"Shelled Parasite and Fungi","floor":21,"turns":4},{"damage":8,"enemies":"Book of Stabbing","floor":23,"turns":1}],"seed_played":"7862891775372963624","potions_obtained":[{"floor":1.0,"key":"Swift Potion"},{"floor":10.0,"key":"SteroidPotion"},{"floor":16.0,"key":"AttackPotion"},{"floor":19,"key":"AttackPotion"}],"is_trial":false,"path_per_floor":["M","?","M","?","$","E","R","E","T","M","R","$","R","M","R","B",null,"M","M","?","M","?","E"],"character_chosen":"DEFECT","items_purchased":["FearPotion","Loop"],"campfire_rested":1,"item_purchase_floors":[5,12],"current_hp_per_floor":[56,74,67,67,67,30,52,34,34,34,34,34,34,34,34,34,65,37,25,25,7,7,0],"gold":126,"neow_bonus":"ONE_RANDOM_RARE_CARD","is_prod":false,"is_daily":false,"chose_seed":false,"campfire_upgraded":3,"win_rate":0,"timestamp":1548534683,"path_taken":["M","?","M","?","?","E","R","E","T","M","R","$","R","M","R","BOSS","M","M","?","?","?","E"],"build_version":"2019-01-23","purchased_purges":0,"victory":false,"max_hp_per_floor":[75,75,75,75,75,75,75,75,75,75,75,75,75,75,75,75,75,75,75,75,75,75,75],"card_choices":[{"not_picked":["Heatsinks","Compile Driver"],"picked":"Leap","floor":1.0},{"not_picked":["Go for the Eyes","Rebound"],"picked":"Ball Lightning","floor":3.0},{"not_picked":["Coolheaded","Steam"],"picked":"Cold Snap","floor":6.0},{"not_picked":["Ball Lightning","Undo"],"picked":"Buffer","floor":8.0},{"not_picked":["Streamline","Conserve Battery"],"picked":"Capacitor","floor":10.0},{"not_picked":["Streamline","Turbo"],"picked":"Defragment","floor":14.0},{"not_picked":["Buffer","Multi-Cast"],"picked":"Echo Form","floor":16.0},{"not_picked":["Conserve Battery+1","Undo"],"picked":"Coolheaded+1","floor":18.0},{"not_picked":["Auto Shields","Beam Cell"],"picked":"Hologram","floor":19},{"not_picked":["Beam Cell","Compile Driver","Stack+1"],"picked":"SKIP","floor":21}],"player_experience":535739,"relics_obtained":[{"floor":6.0,"key":"Smiling Mask"},{"floor":8.0,"key":"Omamori"},{"floor":9.0,"key":"Gremlin Horn"}],"event_choices":[{"damage_healed":18.0,"max_hp_gain":0.0,"max_hp_loss":0.0,"gold_gain":0.0,"event_name":"The Cleric","player_choice":"Healed","floor":2.0,"gold_loss":35.0,"damage_taken":0.0},{"damage_healed":0.0,"max_hp_gain":0.0,"max_hp_loss":0.0,"gold_gain":0.0,"event_name":"Liars Game","player_choice":"Ignored","floor":4.0,"gold_loss":0.0,"damage_taken":0.0},{"damage_healed":0,"gold_gain":0,"cards_transformed":["Strike_B"],"player_choice":"Transformed","damage_taken":0,"max_hp_gain":0,"max_hp_loss":0,"event_name":"Transmorgrifier","floor":20,"gold_loss":0,"cards_obtained":["Storm"]},{"damage_healed":0,"gold_gain":0,"player_choice":"Obtained Relic","damage_taken":0,"relics_obtained":["Juzu Bracelet"],"max_hp_gain":0,"max_hp_loss":0,"event_name":"Addict","floor":22,"gold_loss":85}],"is_beta":true,"boss_relics":[{"not_picked":["Runic Pyramid","Astrolabe"],"picked":"Nuclear Battery"}],"items_purged_floors":[],"is_endless":false,"potions_floor_spawned":[1,10,14,16,19],"killed_by":"Book of Stabbing","ascension_level":11}