{"gold_per_floor":[211,65,83,8,21,51,51,64,90,90,90,107,126,136,136,235,235,250,250,250,250,98,98,114,130,156,156,171,171,202,215,215,215],"floor_reached":33,"playtime":1347,"items_purged":["Strike_G","Strike_G"],"score":282,"play_id":"343afaed-bec3-44bc-973b-60d672376116","local_time":"20181106202928","is_ascension_mode":true,"campfire_choices":[{"floor":7,"key":"REST"},{"data":"Noxious Fumes","floor":10,"key":"SMITH"},{"floor":15,"key":"REST"},{"floor":23,"key":"REST"},{"floor":27,"key":"REST"},{"floor":29,"key":"REST"},{"floor":32,"key":"REST"}],"neow_cost":"NONE","seed_source_timestamp":369887716949543,"circlet_count":0,"master_deck":["Defend_G","Defend_G","Defend_G","Defend_G","Defend_G","Strike_G","Strike_G","Strike_G","Survivor","Neutralize","Dagger Spray","Noxious Fumes+1","Heel Hook","Poisoned Stab","Catalyst","Dodge and Roll","PiercingWail","Noxious Fumes","Envenom","Bouncing Flask+1","Bane","Leg Sweep","Catalyst","Bane","Dodge and Roll","Deadly Poison"],"relics":["Ring of the Snake","Strawberry","Ancient Tea Set","Bag of Marbles","Smiling Mask","Vajra","Art of War"],"potions_floor_usage":[6,30],"damage_taken":[{"damage":0,"enemies":"Cultist","floor":1,"turns":3},{"damage":6,"enemies":"Jaw Worm","floor":3,"turns":5},{"damage":0,"enemies":"2 Louse","floor":5,"turns":2},{"damage":14,"enemies":"Gremlin Nob","floor":6,"turns":4},{"damage":0,"enemies":"Large Slime","floor":8,"turns":4},{"damage":6,"enemies":"Gremlin Gang","floor":12,"turns":4},{"damage":5,"enemies":"Red Slaver","floor":13,"turns":3},{"damage":25,"enemies":"Large Slime","floor":14,"turns":6},{"damage":21,"enemies":"Slime Boss","floor":16,"turns":10},{"damage":14,"enemies":"Chosen","floor":18,"turns":5},{"damage":35,"enemies":"Colosseum Slavers","floor":19,"turns":6},{"damage":3,"enemies":"Shell Parasite","floor":24,"turns":6},{"damage":12,"enemies":"Snecko","floor":25,"turns":5},{"damage":10,"enemies":"Sentry and Sphere","floor":28,"turns":4},{"damage":9,"enemies":"Gremlin Leader","floor":30,"turns":7},{"damage":37,"enemies":"Centurion and Healer","floor":31,"turns":8},{"damage":76,"enemies":"Collector","floor":33,"turns":5}],"seed_played":"-8496342171817648431","potions_obtained":[{"floor":5,"key":"FearPotion"},{"floor":6,"key":"Ancient Potion"},{"floor":12,"key":"SteroidPotion"},{"floor":14,"key":"GamblersBrew"},{"floor":24,"key":"GhostInAJar"},{"floor":31,"key":"SneckoOil"}],"is_trial":false,"path_per_floor":["M","$","M","$","M","E","R","M","T","R","$","M","M","M","R","B",null,"M","?","?","?","$","R","M","M","T","R","M","R","E","M","R","B"],"character_chosen":"THE_SILENT","items_purchased":["Strawberry","Bane","Leg Sweep"],"campfire_rested":6,"item_purchase_floors":[2,22,22],"current_hp_per_floor":[70,77,71,71,71,57,77,77,77,77,77,71,66,41,64,43,77,63,28,28,28,28,51,48,36,36,59,49,72,63,26,49,0],"gold":215,"neow_bonus":"HUNDRED_GOLD","is_prod":false,"is_daily":false,"chose_seed":false,"campfire_upgraded":1,"win_rate":0,"timestamp":1541507368,"path_taken":["M","$","M","?","M","E","R","M","T","R","$","M","M","M","R","BOSS","M","?","?","?","$","R","M","M","T","R","M","R","E","?","R","BOSS"],"build_version":"2018-11-01","purchased_purges":2,"victory":false,"max_hp_per_floor":[70,77,77,77,77,77,77,77,77,77,77,77,77,77,77,77,77,77,77,77,77,77,77,77,77,77,77,77,77,77,77,77,77],"card_choices":[{"not_picked":["Dodge and Roll","Quick Slash"],"picked":"Dagger Spray","floor":1},{"not_picked":["Blade Dance","Flechettes"],"picked":"Noxious Fumes","floor":3},{"not_picked":["Sucker Punch","Blade Dance"],"picked":"Heel Hook","floor":5},{"not_picked":["Backflip","Flying Knee"],"picked":"Poisoned Stab","floor":6},{"not_picked":["Acrobatics","Slice"],"picked":"Catalyst","floor":8},{"not_picked":["Dagger Spray","Slice"],"picked":"Dodge and Roll","floor":12},{"not_picked":["Dagger Spray","Eviscerate"],"picked":"PiercingWail","floor":13},{"not_picked":["Dash","Die Die Die"],"picked":"Noxious Fumes","floor":14},{"not_picked":["Wraith Form v2","Storm of Steel"],"picked":"Envenom","floor":16},{"not_picked":["Outmaneuver","Dagger Spray"],"picked":"Bouncing Flask+1","floor":18},{"not_picked":["Eviscerate","Backflip"],"picked":"Catalyst","floor":24},{"not_picked":["Caltrops","Terror"],"picked":"Bane","floor":25},{"not_picked":["Poisoned Stab","Underhanded Strike"],"picked":"Dodge and Roll","floor":28},{"not_picked":["Dagger Throw+1","Blade Dance"],"picked":"Deadly Poison","floor":30},{"not_picked":["Blade Dance","Backflip","Poisoned Stab"],"picked":"SKIP","floor":31}],"player_experience":420454,"relics_obtained":[{"floor":6,"key":"Ancient Tea Set"},{"floor":9,"key":"Bag of Marbles"},{"floor":26,"key":"Vajra"},{"floor":30,"key":"Art of War"}],"event_choices":[{"damage_healed":0,"gold_gain":0,"player_choice":"Fight","damage_taken":0,"max_hp_gain":0,"max_hp_loss":0,"event_name":"Colosseum","floor":19,"gold_loss":0},{"damage_healed":0,"gold_gain":0,"player_choice":"Fled From Nobs","damage_taken":0,"max_hp_gain":0,"max_hp_loss":0,"event_name":"Colosseum","floor":19,"gold_loss":0},{"damage_healed":0,"gold_gain":0,"player_choice":"Ignored","damage_taken":0,"max_hp_gain":0,"max_hp_loss":0,"event_name":"Vampires","floor":20,"gold_loss":0},{"damage_healed":0,"gold_gain":0,"player_choice":"Gave Potion","damage_taken":0,"relics_obtained":["Smiling Mask"],"max_hp_gain":0,"max_hp_loss":0,"event_name":"WeMeetAgain","floor":21,"gold_loss":0}],"is_beta":false,"boss_relics":[{"not_picked":["Snecko Eye","Ectoplasm","Pandora\u0027s Box"]}],"items_purged_floors":[4,22],"is_endless":false,"potions_floor_spawned":[5,6,12,14,19,24,31],"killed_by":"Collector","ascension_level":1}