{"gold_per_floor":[118,118,128,144,219,247,247,281,281,281,281,281,281,300,300,405,405,423,64,64,64,64,64,163,163,216,236,282,282,282,24,24,123,123,137,137,0,0,13,13,30,47,47,63,63,78,78,98,98,98],"floor_reached":51,"playtime":2133,"items_purged":["Strike_G"],"score":826,"play_id":"ca9f9279-bf4c-491e-a0e7-7c771a83b7f2","local_time":"20190103202613","is_ascension_mode":true,"campfire_choices":[{"floor":7.0,"key":"REST"},{"data":"Bane","floor":10.0,"key":"SMITH"},{"data":"Noxious Fumes","floor":12.0,"key":"SMITH"},{"floor":15.0,"key":"REST"},{"data":"Footwork","floor":23.0,"key":"SMITH"},{"data":"Neutralize","floor":25.0,"key":"SMITH"},{"data":"Neutralize","floor":29.0,"key":"SMITH"},{"data":"Envenom","floor":32.0,"key":"SMITH"},{"data":"Survivor","floor":40,"key":"SMITH"},{"data":"Defend_G","floor":45,"key":"SMITH"},{"data":"Defend_G","floor":49,"key":"SMITH"}],"neow_cost":"TEN_PERCENT_HP_LOSS","seed_source_timestamp":1237902909538089,"circlet_count":0,"master_deck":["Defend_G+1","Defend_G+1","Survivor+1","Neutralize+1","Dagger Spray","Neutralize+1","Noxious Fumes+1","Bane+1","Crippling Poison+1","Blur+1","Envenom+1","Bullet Time+1","Footwork+1","Escape Plan+1","Cloak And Dagger+1","Expertise+1","Leg Sweep+1","Burst+1","PiercingWail+1","Endless Agony+1","Finisher+1","Deep Breath+1","Backflip+1","Bandage Up+1","Acrobatics+1","Bouncing Flask+1","Crippling Poison+1","Noxious Fumes+1"],"special_seed":0,"relics":["Ring of the Snake","Toxic Egg 2","Mummified Hand","Sundial","Orrery","TwistedFunnel","Centennial Puzzle","Boot","Bottled Lightning","Astrolabe","Letter Opener"],"potions_floor_usage":[50,50,50,50],"damage_taken":[{"damage":0.0,"enemies":"2 Louse","floor":1.0,"turns":4.0},{"damage":0.0,"enemies":"Cultist","floor":3.0,"turns":3.0},{"damage":0.0,"enemies":"Small Slimes","floor":4.0,"turns":3.0},{"damage":16.0,"enemies":"3 Sentries","floor":6.0,"turns":7.0},{"damage":27.0,"enemies":"Gremlin Nob","floor":8.0,"turns":5.0},{"damage":10.0,"enemies":"Blue Slaver","floor":14.0,"turns":3.0},{"damage":1.0,"enemies":"The Guardian","floor":16.0,"turns":9.0},{"damage":0.0,"enemies":"Chosen","floor":18.0,"turns":5.0},{"damage":0.0,"enemies":"3 Byrds","floor":27.0,"turns":3.0},{"damage":36.0,"enemies":"Collector","floor":33.0,"turns":9.0},{"damage":0.0,"enemies":"Orb Walker","floor":35.0,"turns":4.0},{"damage":0,"enemies":"3 Darklings","floor":39,"turns":6},{"damage":2,"enemies":"Sphere and 2 Shapes","floor":41,"turns":5},{"damage":0,"enemies":"Jaw Worm Horde","floor":42,"turns":3},{"damage":0,"enemies":"Transient","floor":44,"turns":5},{"damage":0,"enemies":"3 Darklings","floor":46,"turns":3},{"damage":0,"enemies":"Jaw Worm Horde","floor":48,"turns":2},{"damage":13,"enemies":"Donu and Deca","floor":50,"turns":8}],"seed_played":"-3499925638525554240","potions_obtained":[{"floor":3.0,"key":"LiquidBronze"},{"floor":14.0,"key":"GhostInAJar"},{"floor":18.0,"key":"LiquidBronze"},{"floor":33.0,"key":"SpeedPotion"},{"floor":38.0,"key":"EntropicBrew"},{"floor":46,"key":"PowerPotion"}],"is_trial":false,"path_per_floor":["M","?","M","M","?","E","R","E","T","R","?","R","?","M","R","B",null,"M","$","?","?","?","R","?","R","T","M","T","R","?","$","R","B",null,"M","?","$","?","M","R","M","M","T","M","R","M","$","M","R","B",null],"character_chosen":"THE_SILENT","items_purchased":["TwistedFunnel","Leg Sweep+1","Block Potion","Bottled Lightning","Backflip+1","Bandage Up+1"],"campfire_rested":2,"item_purchase_floors":[19,19,19,31,37,37],"current_hp_per_floor":[63,63,63,63,52,36,54,27,27,27,48,48,48,38,56,55,61,61,61,61,50,50,50,50,50,50,50,50,50,50,50,50,14,55,55,55,55,55,61,61,68,68,68,68,68,68,68,68,68,61],"gold":98,"neow_bonus":"REMOVE_TWO","is_prod":false,"is_daily":false,"chose_seed":false,"campfire_upgraded":9,"win_rate":0,"timestamp":1546565173,"path_taken":["M","?","?","M","?","E","R","E","T","R","?","R","?","M","R","BOSS","M","$","?","?","?","R","?","R","T","?","?","R","?","$","R","BOSS","M","?","$","?","?","R","M","M","T","M","R","M","?","M","R","BOSS"],"build_version":"2019-01-02","purchased_purges":1,"victory":true,"max_hp_per_floor":[63,63,63,63,63,63,63,63,63,63,63,63,63,63,63,63,63,63,63,63,68,68,68,68,68,68,68,68,68,68,68,68,68,68,68,68,68,68,68,68,68,68,68,68,68,68,68,68,68,68],"card_choices":[{"not_picked":["Sucker Punch","Backflip"],"picked":"Dagger Spray","floor":1.0},{"not_picked":["Slice","Blade Dance"],"picked":"Noxious Fumes","floor":3.0},{"not_picked":["Flying Knee","Prepared"],"picked":"Bane","floor":4.0},{"not_picked":["Infinite Blades","Reflex"],"picked":"Crippling Poison","floor":6.0},{"not_picked":["Masterful Stab","Sucker Punch"],"picked":"Blur+1","floor":8.0},{"not_picked":["Acrobatics+1","Slice"],"picked":"Envenom","floor":14.0},{"not_picked":["Wraith Form v2","Glass Knife"],"picked":"Bullet Time+1","floor":16.0},{"not_picked":["Underhanded Strike","Acrobatics+1"],"picked":"Footwork","floor":17.0},{"not_picked":["Well Laid Plans","Dash"],"picked":"Escape Plan+1","floor":17.0},{"not_picked":["Setup+1","Deflect+1"],"picked":"Cloak And Dagger+1","floor":17.0},{"not_picked":["Flechettes","Slice+1"],"picked":"Expertise+1","floor":18.0},{"not_picked":["Slice","Setup+1","Concentrate+1"],"picked":"SKIP","floor":27.0},{"not_picked":["Night Terror+1","Tools of the Trade"],"picked":"Burst+1","floor":33.0},{"not_picked":["Outmaneuver+1","All Out Attack","Dagger Spray"],"picked":"SKIP","floor":35.0},{"not_picked":["Mayhem","Chrysalis+1"],"picked":"Deep Breath+1","floor":36.0},{"not_picked":["Expertise+1","Backflip+1","Outmaneuver+1"],"picked":"SKIP","floor":39},{"not_picked":["Expertise+1","Backflip+1","Outmaneuver+1"],"picked":"SKIP","floor":39},{"not_picked":["Backflip+1","Prepared+1"],"picked":"Acrobatics+1","floor":41},{"not_picked":["Terror+1","Sucker Punch+1"],"picked":"Bouncing Flask+1","floor":42},{"not_picked":["Riddle With Holes+1","Poisoned Stab"],"picked":"Crippling Poison+1","floor":44},{"not_picked":["Venomology+1","Quick Slash+1"],"picked":"Noxious Fumes+1","floor":46},{"not_picked":["Eviscerate","Deflect+1","Poisoned Stab+1"],"picked":"SKIP","floor":48}],"player_experience":445030,"relics_obtained":[{"floor":6.0,"key":"Toxic Egg 2"},{"floor":8.0,"key":"Mummified Hand"},{"floor":9.0,"key":"Sundial"},{"floor":26.0,"key":"Centennial Puzzle"},{"floor":28.0,"key":"Boot"},{"floor":43,"key":"Letter Opener"}],"event_choices":[{"damage_healed":0.0,"max_hp_gain":0.0,"max_hp_loss":0.0,"gold_gain":0.0,"event_name":"Match and Keep!","player_choice":"1 cards matched","floor":2.0,"gold_loss":0.0,"damage_taken":0.0,"cards_obtained":["Neutralize"]},{"damage_healed":0.0,"max_hp_gain":0.0,"max_hp_loss":0.0,"gold_gain":75.0,"event_name":"World of Goop","player_choice":"Gather Gold","floor":5.0,"gold_loss":0.0,"damage_taken":11.0},{"damage_healed":21.0,"max_hp_gain":0.0,"max_hp_loss":0.0,"gold_gain":0.0,"event_name":"Big Fish","player_choice":"Banana","floor":11.0,"gold_loss":0.0,"damage_taken":0.0},{"cards_removed":["Strike_G"],"damage_healed":0.0,"max_hp_gain":0.0,"max_hp_loss":0.0,"gold_gain":0.0,"event_name":"Living Wall","player_choice":"Forget","floor":13.0,"gold_loss":0.0,"damage_taken":0.0},{"cards_removed":["Strike_G"],"damage_healed":0.0,"max_hp_gain":0.0,"max_hp_loss":0.0,"gold_gain":0.0,"event_name":"Back to Basics","player_choice":"Elegance","floor":20.0,"gold_loss":0.0,"damage_taken":0.0},{"damage_healed":0.0,"max_hp_gain":5.0,"max_hp_loss":0.0,"gold_gain":0.0,"event_name":"Forgotten Altar","player_choice":"Shed Blood","floor":21.0,"gold_loss":0.0,"damage_taken":16.0},{"damage_healed":0.0,"max_hp_gain":0.0,"max_hp_loss":0.0,"gold_gain":99.0,"event_name":"Nest","player_choice":"Stole From Cult","floor":24.0,"gold_loss":0.0,"damage_taken":0.0},{"damage_healed":0.0,"max_hp_gain":0.0,"max_hp_loss":0.0,"gold_gain":0.0,"event_name":"Vampires","player_choice":"Ignored","floor":30.0,"gold_loss":0.0,"damage_taken":0.0},{"damage_healed":0.0,"max_hp_gain":0.0,"max_hp_loss":0.0,"gold_gain":0.0,"event_name":"SensoryStone","player_choice":"Memory 1","floor":36.0,"gold_loss":0.0,"damage_taken":0.0},{"damage_healed":0.0,"max_hp_gain":0.0,"max_hp_loss":0.0,"gold_gain":0.0,"event_name":"Lab","player_choice":"Got Potions","floor":38.0,"gold_loss":0.0,"damage_taken":0.0}],"is_beta":true,"boss_relics":[{"not_picked":["Ectoplasm","Calling Bell"],"picked":"Orrery"},{"not_picked":["Black Star","Velvet Choker"],"picked":"Astrolabe"}],"items_purged_floors":[19],"is_endless":false,"potions_floor_spawned":[3,14,18,27,33,42,44,46],"ascension_level":5}