{"gold_per_floor":[117,192,367,33,51,51,79,79,79,90,101,101,134,134,134,232,232,251,9,25,25,125,125,157,182,182,214,231,231,231,264,264,363,363,378,600,600,615,296,296],"floor_reached":40,"playtime":3884,"items_purged":["Doubt"],"score":548,"play_id":"6cc24243-8129-40d3-8278-082b74132aad","local_time":"20190522225526","is_ascension_mode":false,"campfire_choices":[{"data":"Neutralize","floor":6,"key":"SMITH"},{"data":"After Image","floor":8,"key":"SMITH"},{"floor":12,"key":"REST"},{"floor":15,"key":"RECALL"},{"data":"PiercingWail","floor":23,"key":"SMITH"},{"data":"Cloak And Dagger","floor":29,"key":"SMITH"},{"data":"Cloak And Dagger","floor":32,"key":"SMITH"}],"neow_cost":"NONE","seed_source_timestamp":390561056274282,"circlet_count":0,"master_deck":["Defend_G+1","Defend_G+1","Defend_G+1","Defend_G+1","Defend_G+1","Strike_G+1","Strike_G+1","Strike_G+1","Strike_G+1","Strike_G+1","Survivor","Neutralize+1","Deadly Poison","Sucker Punch","After Image+1","Cloak And Dagger+1","PiercingWail+1","Cloak And Dagger+1","A Thousand Cuts+1","Caltrops+1","Ghostly","Ghostly","Ghostly","Ghostly","Ghostly","Burst","Footwork+1"],"relics":["Ring of the Snake","Kunai","Bag of Marbles","Frozen Egg 2","Anchor","Nunchaku","Busted Crown","Letter Opener","Calipers","Bottled Lightning","Question Card","Red Mask","Gambling Chip","Bird Faced Urn","Dream Catcher","Eternal Feather","Ornamental Fan"],"potions_floor_usage":[16,22,22,24,27,33],"damage_taken":[{"damage":2,"enemies":"Small Slimes","floor":1,"turns":6},{"damage":2,"enemies":"Jaw Worm","floor":5,"turns":4},{"damage":17,"enemies":"Gremlin Nob","floor":7,"turns":5},{"damage":2,"enemies":"2 Louse","floor":10,"turns":3},{"damage":0,"enemies":"Looter","floor":11,"turns":4},{"damage":11,"enemies":"Lagavulin","floor":13,"turns":12},{"damage":23,"enemies":"Slime Boss","floor":16,"turns":20},{"damage":3,"enemies":"Chosen","floor":18,"turns":5},{"damage":0,"enemies":"Shell Parasite","floor":20,"turns":5},{"damage":0,"enemies":"Colosseum Slavers","floor":22,"turns":5},{"damage":5,"enemies":"Colosseum Nobs","floor":22,"turns":5},{"damage":12,"enemies":"Gremlin Leader","floor":24,"turns":8},{"damage":12,"enemies":"Masked Bandits","floor":25,"turns":4},{"damage":0,"enemies":"Slavers","floor":27,"turns":4},{"damage":0,"enemies":"Snake Plant","floor":28,"turns":5},{"damage":0,"enemies":"Gremlin Leader","floor":31,"turns":6},{"damage":10,"enemies":"Automaton","floor":33,"turns":11},{"damage":0,"enemies":"3 Darklings","floor":35,"turns":5},{"damage":0,"enemies":"3 Shapes","floor":38,"turns":5},{"damage":38,"enemies":"Reptomancer","floor":40,"turns":2}],"seed_played":"775090620623798872","potions_obtained":[{"floor":13,"key":"SteroidPotion"},{"floor":16,"key":"Explosive Potion"},{"floor":20,"key":"FearPotion"},{"floor":22,"key":"Block Potion"},{"floor":25,"key":"Explosive Potion"},{"floor":28,"key":"Explosive Potion"},{"floor":35,"key":"SteroidPotion"}],"is_trial":false,"path_per_floor":["M","?","?","$","M","R","E","R","T","M","M","R","E","?","R","B",null,"M","$","M","?","?","R","E","?","T","E","M","R","?","E","R","B",null,"M","?","?","M","$","E"],"character_chosen":"THE_SILENT","items_purchased":["Kunai","Letter Opener","Ornamental Fan","Footwork+1"],"campfire_rested":1,"item_purchase_floors":[4,19,39,39],"current_hp_per_floor":[75,64,64,64,62,62,45,45,45,43,43,66,55,52,52,29,77,74,74,74,74,69,69,57,45,45,45,49,49,38,38,38,28,38,38,38,36,36,36,0],"gold":296,"neow_bonus":"TEN_PERCENT_HP_BONUS","is_prod":false,"is_daily":false,"chose_seed":false,"campfire_upgraded":5,"win_rate":0,"timestamp":1558590926,"path_taken":["M","?","?","?","M","R","E","R","T","?","M","R","E","?","R","BOSS","M","$","M","?","?","R","E","?","T","E","?","R","?","E","R","BOSS","M","?","?","?","$","E"],"build_version":"2019-01-23","purchased_purges":1,"victory":false,"max_hp_per_floor":[77,77,77,77,77,77,77,77,77,77,77,77,77,77,77,77,77,77,77,77,77,77,77,77,77,77,77,77,77,38,38,38,38,38,38,38,36,36,36,36],"card_choices":[{"not_picked":["Outmaneuver","Slice"],"picked":"Deadly Poison","floor":1},{"not_picked":["Quick Slash","Prepared"],"picked":"Sucker Punch","floor":5},{"not_picked":["Eviscerate","Bane"],"picked":"After Image","floor":7},{"not_picked":["Quick Slash","Deadly Poison"],"picked":"Cloak And Dagger","floor":10},{"not_picked":["Dodge and Roll","Sucker Punch"],"picked":"PiercingWail","floor":11},{"not_picked":["Bane","Escape Plan"],"picked":"Cloak And Dagger","floor":13},{"not_picked":["Glass Knife","Tools of the Trade+1"],"picked":"A Thousand Cuts+1","floor":16},{"not_picked":["Dagger Throw+1"],"picked":"SKIP","floor":18},{"not_picked":["Endless Agony"],"picked":"SKIP","floor":20},{"not_picked":["Poisoned Stab"],"picked":"SKIP","floor":24},{"not_picked":["Slice","Finisher"],"picked":"SKIP","floor":27},{"not_picked":["Catalyst+1"],"picked":"Caltrops+1","floor":28},{"not_picked":["Distraction","Skewer"],"picked":"SKIP","floor":31},{"not_picked":["Doppelganger"],"picked":"Burst","floor":33},{"not_picked":["Flying Knee","Underhanded Strike+1"],"picked":"SKIP","floor":35},{"not_picked":["Slice","Flying Knee"],"picked":"SKIP","floor":38}],"player_experience":58470,"relics_obtained":[{"floor":7,"key":"Bag of Marbles"},{"floor":9,"key":"Frozen Egg 2"},{"floor":13,"key":"Anchor"},{"floor":22,"key":"Calipers"},{"floor":22,"key":"Bottled Lightning"},{"floor":24,"key":"Question Card"},{"floor":25,"key":"Red Mask"},{"floor":26,"key":"Gambling Chip"},{"floor":27,"key":"Bird Faced Urn"},{"floor":31,"key":"Dream Catcher"}],"event_choices":[{"damage_healed":0,"gold_gain":75,"player_choice":"Gather Gold","damage_taken":11,"max_hp_gain":0,"max_hp_loss":0,"event_name":"World of Goop","floor":2,"gold_loss":0},{"damage_healed":0,"gold_gain":175,"player_choice":"AGREE","damage_taken":0,"max_hp_gain":0,"max_hp_loss":0,"event_name":"Liars Game","floor":3,"gold_loss":0,"cards_obtained":["Doubt"]},{"damage_healed":0,"gold_gain":0,"player_choice":"Success","damage_taken":3,"relics_obtained":["Nunchaku"],"max_hp_gain":0,"max_hp_loss":0,"event_name":"Scrap Ooze","floor":14,"gold_loss":0},{"damage_healed":0,"gold_gain":0,"player_choice":"Simplicity","damage_taken":0,"max_hp_gain":0,"max_hp_loss":0,"event_name":"Back to Basics","floor":21,"gold_loss":0,"cards_upgraded":["Defend_G","Defend_G","Defend_G","Defend_G","Defend_G","Strike_G","Strike_G","Strike_G","Strike_G","Strike_G"]},{"damage_healed":0,"gold_gain":0,"player_choice":"Fight","damage_taken":0,"max_hp_gain":0,"max_hp_loss":0,"event_name":"Colosseum","floor":22,"gold_loss":0},{"damage_healed":0,"gold_gain":0,"player_choice":"Fought Nobs","damage_taken":0,"max_hp_gain":0,"max_hp_loss":0,"event_name":"Colosseum","floor":22,"gold_loss":0},{"damage_healed":0,"gold_gain":0,"player_choice":"Fought Bandits","damage_taken":0,"max_hp_gain":0,"max_hp_loss":0,"event_name":"Masked Bandits","floor":25,"gold_loss":0},{"damage_healed":0,"gold_gain":0,"player_choice":"Became a Ghost","damage_taken":0,"max_hp_gain":0,"max_hp_loss":39,"event_name":"Ghosts","floor":30,"gold_loss":0,"cards_obtained":["Ghostly","Ghostly","Ghostly","Ghostly","Ghostly"]},{"damage_healed":0,"gold_gain":222,"player_choice":"Wore Mask","damage_taken":0,"max_hp_gain":0,"max_hp_loss":0,"event_name":"Tomb of Lord Red Mask","floor":36,"gold_loss":0},{"damage_healed":0,"gold_gain":0,"player_choice":"Max HP","damage_taken":0,"max_hp_gain":0,"max_hp_loss":2,"event_name":"Winding Halls","floor":37,"gold_loss":0}],"is_beta":false,"boss_relics":[{"not_picked":["Runic Pyramid","White Beast Statue"],"picked":"Busted Crown"},{"not_picked":["Snecko Eye","Calling Bell"],"picked":"Eternal Feather"}],"items_purged_floors":[4],"is_endless":false,"potions_floor_spawned":[13,16,20,22,25,28,35],"killed_by":"Reptomancer","ascension_level":0}