{"gold_per_floor":[113,0,11,11,24,24,59,59,59,59,59,77,77,52,52,152,152,162,177,187,187,187,187,218,218,218,218,233,266,181,181,181,277,277,288,258,273,284,303,328,328,328,328,328,353,364,364,12,12,12],"floor_reached":51,"playtime":2523,"items_purged":["Strike_G","Defend_G+1"],"score":933,"play_id":"24c549f4-b6ec-484e-8d5e-abf0a073c58b","local_time":"20181225185819","is_ascension_mode":true,"campfire_choices":[{"data":"Cloak And Dagger","floor":6,"key":"SMITH"},{"data":"After Image","floor":8,"key":"SMITH"},{"data":"Neutralize","floor":15,"key":"SMITH"},{"data":"Adrenaline","floor":23,"key":"SMITH"},{"data":"Infinite Blades","floor":25,"key":"SMITH"},{"data":"Accuracy","floor":27,"key":"SMITH"},{"data":"Choke","floor":32,"key":"SMITH"},{"data":"Doppelganger","floor":41,"key":"SMITH"},{"floor":49,"key":"RECALL"}],"neow_cost":"NONE","seed_source_timestamp":9765173664558,"circlet_count":0,"master_deck":["Defend_G+1","Defend_G+1","Defend_G+1","Defend_G+1","Survivor+1","Neutralize+1","PiercingWail+1","Noxious Fumes+1","Accuracy+1","Cloak And Dagger+1","After Image+1","Choke+1","Deflect+1","Adrenaline+1","Bane+1","Die Die Die+1","Bite+1","Bite+1","Bite+1","Bite+1","Bite+1","Infinite Blades+1","Burst+1","Dodge and Roll+1","Doppelganger+1","Skewer+1"],"relics":["Ring of the Snake","NeowsBlessing","Matryoshka","FossilizedHelix","Pear","Ninja Scroll","Sozu","Spirit Poop","Happy Flower","Ancient Tea Set","Bronze Scales","Vajra","Regal Pillow","Busted Crown","Shuriken","Letter Opener","Omamori","Mark of the Bloom","Ornamental Fan"],"potions_floor_usage":[7,24],"damage_taken":[{"damage":0,"enemies":"Cultist","floor":1,"turns":1},{"damage":0,"enemies":"Jaw Worm","floor":3,"turns":1},{"damage":0,"enemies":"2 Louse","floor":5,"turns":2},{"damage":16,"enemies":"3 Sentries","floor":7,"turns":10},{"damage":4,"enemies":"Lots of Slimes","floor":12,"turns":4},{"damage":8,"enemies":"The Guardian","floor":16,"turns":13},{"damage":2,"enemies":"Spheric Guardian","floor":18,"turns":6},{"damage":7,"enemies":"2 Thieves","floor":19,"turns":5},{"damage":8,"enemies":"Centurion and Healer","floor":20,"turns":5},{"damage":8,"enemies":"Book of Stabbing","floor":24,"turns":7},{"damage":1,"enemies":"Cultist and Chosen","floor":28,"turns":5},{"damage":10,"enemies":"Gremlin Leader","floor":29,"turns":5},{"damage":43,"enemies":"Automaton","floor":33,"turns":10},{"damage":0,"enemies":"3 Darklings","floor":35,"turns":4},{"damage":0,"enemies":"Orb Walker","floor":37,"turns":3},{"damage":0,"enemies":"4 Shapes","floor":38,"turns":3},{"damage":0,"enemies":"Jaw Worm Horde","floor":39,"turns":4},{"damage":21,"enemies":"Giant Head","floor":40,"turns":8},{"damage":0,"enemies":"Nemesis","floor":45,"turns":5},{"damage":0,"enemies":"Spire Growth","floor":46,"turns":3},{"damage":19,"enemies":"Awakened One","floor":50,"turns":9}],"seed_played":"-2607488758194447126","potions_obtained":[{"floor":3,"key":"Ancient Potion"},{"floor":5,"key":"SpeedPotion"},{"floor":16,"key":"GhostInAJar"}],"is_trial":false,"path_per_floor":["M","$","M","?","M","R","E","R","T","$","?","M","?","$","R","B",null,"M","M","M","?","?","R","E","R","T","R","M","E","?","?","R","B",null,"M","?","M","M","M","E","R","?","T","?","E","M","?","$","R","B",null],"character_chosen":"THE_SILENT","items_purchased":["Noxious Fumes","Deflect","Ornamental Fan"],"campfire_rested":0,"item_purchase_floors":[2,14,48],"current_hp_per_floor":[70,70,70,67,67,67,51,51,61,61,80,76,76,76,76,68,80,78,71,63,56,53,53,46,46,46,46,52,43,43,43,43,20,53,53,53,53,53,53,38,38,38,38,38,44,50,50,50,50,31],"gold":12,"neow_bonus":"THREE_ENEMY_KILL","is_prod":false,"is_daily":false,"chose_seed":false,"campfire_upgraded":8,"win_rate":0,"timestamp":1545793099,"path_taken":["M","$","M","?","M","R","E","R","T","$","?","M","?","$","R","BOSS","M","M","?","?","?","R","E","R","T","R","?","E","?","?","R","BOSS","M","?","M","?","M","E","R","?","T","?","E","M","?","$","R","BOSS"],"build_version":"2018-12-20","purchased_purges":2,"victory":true,"max_hp_per_floor":[70,70,70,70,70,70,70,70,80,80,80,80,80,80,80,80,80,80,80,80,56,53,53,53,53,53,53,53,53,53,53,53,53,53,53,53,53,53,53,53,53,53,53,50,50,50,50,50,50,50],"card_choices":[{"not_picked":["Eviscerate","Dodge and Roll"],"picked":"PiercingWail","floor":1},{"not_picked":["Quick Slash","Flechettes"],"picked":"Accuracy","floor":3},{"not_picked":["Skewer","Flying Knee"],"picked":"Cloak And Dagger","floor":5},{"not_picked":["Dagger Spray","Setup"],"picked":"After Image","floor":7},{"not_picked":["Acrobatics","PiercingWail"],"picked":"Choke","floor":12},{"not_picked":["Bullet Time","Unload"],"picked":"Adrenaline","floor":16},{"not_picked":["Outmaneuver","Caltrops","Quick Slash+1"],"picked":"SKIP","floor":18},{"not_picked":["Prepared+1","Flying Knee"],"picked":"Bane","floor":19},{"not_picked":["Concentrate","Tactician"],"picked":"Die Die Die","floor":20},{"not_picked":["Escape Plan","Leg Sweep"],"picked":"Infinite Blades","floor":24},{"not_picked":["Deadly Poison+1","Poisoned Stab","Blade Dance"],"picked":"SKIP","floor":28},{"not_picked":["Finisher","Quick Slash+1","Blur"],"picked":"SKIP","floor":29},{"not_picked":["Wraith Form v2","Storm of Steel"],"picked":"Burst","floor":33},{"not_picked":["Poisoned Stab+1"],"picked":"SKIP","floor":35},{"not_picked":["Underhanded Strike+1"],"picked":"SKIP","floor":37},{"not_picked":[],"picked":"Dodge and Roll+1","floor":38},{"not_picked":["Slice"],"picked":"SKIP","floor":39},{"not_picked":[],"picked":"Doppelganger","floor":40},{"not_picked":["Prepared"],"picked":"SKIP","floor":45},{"not_picked":[],"picked":"Skewer+1","floor":46}],"player_experience":582916,"relics_obtained":[{"floor":7,"key":"FossilizedHelix"},{"floor":9,"key":"Pear"},{"floor":9,"key":"Ninja Scroll"},{"floor":24,"key":"Happy Flower"},{"floor":26,"key":"Ancient Tea Set"},{"floor":26,"key":"Bronze Scales"},{"floor":29,"key":"Vajra"},{"floor":40,"key":"Shuriken"},{"floor":43,"key":"Letter Opener"},{"floor":45,"key":"Omamori"}],"event_choices":[{"damage_healed":0,"gold_gain":0,"player_choice":"Success","damage_taken":3,"relics_obtained":["Matryoshka"],"max_hp_gain":0,"max_hp_loss":0,"event_name":"Scrap Ooze","floor":4,"gold_loss":0},{"damage_healed":20,"gold_gain":0,"player_choice":"Healed and dodged fight","damage_taken":0,"max_hp_gain":0,"max_hp_loss":0,"event_name":"Mushrooms","floor":11,"gold_loss":0,"cards_obtained":["Parasite"]},{"damage_healed":0,"gold_gain":0,"player_choice":"Upgraded","damage_taken":0,"max_hp_gain":0,"max_hp_loss":0,"event_name":"Upgrade Shrine","floor":13,"gold_loss":0,"cards_upgraded":["Noxious Fumes"]},{"damage_healed":0,"gold_gain":0,"player_choice":"Became a vampire","damage_taken":0,"max_hp_gain":0,"max_hp_loss":24,"event_name":"Vampires","floor":21,"gold_loss":0,"cards_obtained":["Bite","Bite","Bite","Bite","Bite"]},{"cards_removed":["Parasite"],"damage_healed":0,"gold_gain":0,"player_choice":"Offered Curse","damage_taken":0,"relics_obtained":["Spirit Poop"],"max_hp_gain":0,"max_hp_loss":0,"event_name":"Bonfire Elementals","floor":22,"gold_loss":0},{"damage_healed":0,"gold_gain":0,"player_choice":"Obtained Relic","damage_taken":0,"relics_obtained":["Regal Pillow"],"max_hp_gain":0,"max_hp_loss":0,"event_name":"Addict","floor":30,"gold_loss":85},{"damage_healed":0,"gold_gain":0,"player_choice":"Ignored","damage_taken":0,"max_hp_gain":0,"max_hp_loss":0,"event_name":"Ghosts","floor":31,"gold_loss":0},{"damage_healed":0,"gold_gain":0,"player_choice":"Bought 2 Potions","damage_taken":0,"max_hp_gain":0,"max_hp_loss":0,"event_name":"The Woman in Blue","floor":36,"gold_loss":0},{"damage_healed":0,"gold_gain":0,"player_choice":"Ignored","damage_taken":0,"max_hp_gain":0,"max_hp_loss":0,"event_name":"Tomb of Lord Red Mask","floor":42,"gold_loss":0},{"damage_healed":0,"gold_gain":0,"player_choice":"Max HP","damage_taken":0,"max_hp_gain":0,"max_hp_loss":3,"event_name":"Winding Halls","floor":44,"gold_loss":0},{"damage_healed":0,"gold_gain":0,"player_choice":"Upgrade","damage_taken":0,"relics_obtained":["Mark of the Bloom"],"max_hp_gain":0,"max_hp_loss":0,"event_name":"MindBloom","floor":47,"gold_loss":0,"cards_upgraded":["Defend_G","Defend_G","Defend_G","Defend_G","Defend_G","Survivor","PiercingWail","Deflect","Bane","Die Die Die","Bite","Bite","Bite","Bite","Bite","Burst"]}],"is_beta":false,"boss_relics":[{"not_picked":["Cursed Key","Runic Dome"],"picked":"Sozu"},{"not_picked":["Eternal Feather","Ring of the Serpent"],"picked":"Busted Crown"}],"items_purged_floors":[2,48],"is_endless":false,"potions_floor_spawned":[3,5,16,19,28,37,40],"ascension_level":4}