{"gold_per_floor":[142,317,328,328,343,343,378,378,429,457,468,468],"floor_reached":12,"playtime":446,"items_purged":[],"score":86,"play_id":"26e6d61a-83f6-48d2-8af6-65e7051dced9","local_time":"20181106144119","is_ascension_mode":true,"campfire_choices":[{"floor":6,"key":"REST"}],"neow_cost":"NONE","seed_source_timestamp":349901539144317,"circlet_count":0,"master_deck":["Defend_G","Defend_G","Defend_G","Defend_G","Defend_G","Strike_G","Strike_G","Strike_G","Strike_G","Strike_G","Survivor","Neutralize","Eviscerate","Concentrate","Masterful Stab+1","Venomology","Dagger Throw+1","Dagger Throw+1"],"relics":["Ring of the Snake","Tiny Chest","Molten Egg 2","Omamori","Bag of Preparation","Odd Mushroom"],"potions_floor_usage":[7,7,12],"damage_taken":[{"damage":4,"enemies":"Jaw Worm","floor":1,"turns":6},{"damage":1,"enemies":"2 Louse","floor":3,"turns":4},{"damage":17,"enemies":"Small Slimes","floor":5,"turns":7},{"damage":26,"enemies":"Gremlin Nob","floor":7,"turns":6},{"damage":18,"enemies":"The Mushroom Lair","floor":10,"turns":5},{"damage":5,"enemies":"Blue Slaver","floor":11,"turns":3},{"damage":14,"enemies":"Exordium Thugs","floor":12,"turns":3}],"seed_played":"48167243739292389","potions_obtained":[{"floor":5,"key":"EntropicBrew"}],"is_trial":false,"path_per_floor":["M","?","M","T","M","R","E","?","T","?","M","M"],"character_chosen":"THE_SILENT","items_purchased":[],"campfire_rested":1,"item_purchase_floors":[],"current_hp_per_floor":[66,66,65,65,48,69,43,43,43,25,20,6],"gold":468,"neow_bonus":"RANDOM_COMMON_RELIC","is_prod":false,"is_daily":false,"chose_seed":false,"campfire_upgraded":0,"win_rate":0,"timestamp":1541486479,"path_taken":["M","?","M","?","M","R","E","?","T","?","M","M"],"build_version":"2018-11-01","purchased_purges":0,"victory":false,"max_hp_per_floor":[70,70,70,70,70,70,70,70,70,70,70,70],"card_choices":[{"not_picked":["Slice","Crippling Poison"],"picked":"Eviscerate","floor":1},{"not_picked":["Cloak And Dagger","Blade Dance"],"picked":"Concentrate","floor":3},{"not_picked":["Distraction","Blade Dance"],"picked":"Masterful Stab+1","floor":5},{"not_picked":["Poisoned Stab+1","Flying Knee+1"],"picked":"Venomology","floor":7},{"not_picked":["Bouncing Flask","Backflip"],"picked":"Dagger Throw+1","floor":10},{"not_picked":["Finisher+1","Underhanded Strike+1"],"picked":"Dagger Throw+1","floor":11}],"player_experience":416002,"relics_obtained":[{"floor":4,"key":"Molten Egg 2"},{"floor":7,"key":"Omamori"},{"floor":9,"key":"Bag of Preparation"},{"floor":10,"key":"Odd Mushroom"}],"event_choices":[{"damage_healed":0,"gold_gain":175,"player_choice":"AGREE","damage_taken":0,"max_hp_gain":0,"max_hp_loss":0,"event_name":"Liars Game","floor":2,"gold_loss":0,"cards_obtained":["Doubt"]},{"cards_removed":["Doubt"],"damage_healed":0,"gold_gain":0,"player_choice":"Forget","damage_taken":0,"max_hp_gain":0,"max_hp_loss":0,"event_name":"Living Wall","floor":8,"gold_loss":0},{"damage_healed":0,"gold_gain":0,"player_choice":"Fought Mushrooms","damage_taken":0,"max_hp_gain":0,"max_hp_loss":0,"event_name":"Mushrooms","floor":10,"gold_loss":0}],"is_beta":false,"boss_relics":[],"items_purged_floors":[],"is_endless":false,"potions_floor_spawned":[5,10],"killed_by":"Exordium Thugs","ascension_level":2}