{"gold_per_floor":[112,112,125,75,250,250,283,296,321,347,10,10,10,23,23,121,121,31,31,51,64,64],"floor_reached":22,"playtime":1696,"items_purged":["Doubt"],"score":192,"play_id":"1788a523-e496-41fd-90a9-8edca96e5f04","local_time":"20190116225841","is_ascension_mode":false,"campfire_choices":[{"data":"Glacier","floor":6,"key":"SMITH"},{"floor":12,"key":"REST"},{"data":"Coolheaded","floor":15,"key":"SMITH"}],"neow_cost":"NONE","seed_source_timestamp":980591739881808,"circlet_count":0,"master_deck":["Strike_B","Strike_B","Strike_B","Strike_B","Defend_B","Defend_B","Defend_B","Zap","Dualcast","Glacier+1","Storm","Conserve Battery","Biased Cognition+1","Coolheaded+1","Amplify","White Noise","Sunder"],"relics":["Cracked Core","Vajra","Happy Flower","Orichalcum","Ginger","Frozen Egg 2","Black Star"],"potions_floor_usage":[10,10],"damage_taken":[{"damage":0,"enemies":"2 Louse","floor":1,"turns":2},{"damage":10,"enemies":"Small Slimes","floor":3,"turns":3},{"damage":50,"enemies":"Lagavulin","floor":7,"turns":7},{"damage":0,"enemies":"Jaw Worm","floor":8,"turns":4},{"damage":13,"enemies":"Gremlin Nob","floor":10,"turns":6},{"damage":0,"enemies":"Lots of Slimes","floor":14,"turns":5},{"damage":22,"enemies":"Slime Boss","floor":16,"turns":12},{"damage":6,"enemies":"2 Thieves","floor":18,"turns":5},{"damage":37,"enemies":"Shell Parasite","floor":20,"turns":11},{"damage":15,"enemies":"Snake Plant","floor":21,"turns":4},{"damage":31,"enemies":"Shelled Parasite and Fungi","floor":22,"turns":2}],"seed_played":"7228857159757774215","potions_obtained":[{"floor":1,"key":"Weak Potion"},{"floor":7,"key":"Swift Potion"}],"is_trial":false,"path_per_floor":["M","?","M","?","?","R","E","M","T","E","$","R","?","M","R","B",null,"M","?","M","M","M"],"character_chosen":"DEFECT","items_purchased":["Frozen Egg 2"],"campfire_rested":1,"item_purchase_floors":[11],"current_hp_per_floor":[82,79,69,69,69,69,19,19,19,6,6,30,30,30,30,8,82,76,76,39,24,0],"gold":64,"neow_bonus":"TEN_PERCENT_HP_BONUS","is_prod":false,"is_daily":false,"chose_seed":false,"campfire_upgraded":2,"win_rate":0.0,"timestamp":1547697521,"path_taken":["M","?","M","?","?","R","E","M","T","E","$","R","?","M","R","BOSS","M","?","M","M","?"],"build_version":"2019-01-10","purchased_purges":1,"victory":false,"max_hp_per_floor":[82,82,82,82,82,82,82,82,82,82,82,82,82,82,82,82,82,82,82,82,82,82],"card_choices":[{"not_picked":["Storm","Reinforced Body"],"picked":"Glacier","floor":1},{"not_picked":["Compile Driver","Steam Power","Auto Shields"],"picked":"SKIP","floor":3},{"not_picked":["Hologram","Turbo"],"picked":"Storm","floor":7},{"not_picked":["Sweeping Beam","Beam Cell"],"picked":"Conserve Battery","floor":8},{"not_picked":["Steam","Stack"],"picked":"Biased Cognition","floor":10},{"not_picked":["Auto Shields","Gash"],"picked":"Coolheaded","floor":14},{"not_picked":["Biased Cognition+1","All For One"],"picked":"Amplify","floor":16},{"not_picked":["Steam Power+1","Steam"],"picked":"White Noise","floor":18},{"not_picked":["Barrage","Turbo","Steam"],"picked":"SKIP","floor":20},{"not_picked":["Barrage","Rebound"],"picked":"Sunder","floor":21}],"player_experience":59283,"relics_obtained":[{"floor":7,"key":"Happy Flower"},{"floor":9,"key":"Orichalcum"},{"floor":10,"key":"Ginger"}],"event_choices":[{"damage_healed":0,"gold_gain":0,"player_choice":"Success","damage_taken":3,"relics_obtained":["Vajra"],"max_hp_gain":0,"max_hp_loss":0,"event_name":"Scrap Ooze","floor":2,"gold_loss":0},{"cards_removed":["Defend_B"],"damage_healed":0,"gold_gain":0,"player_choice":"Card Removal","damage_taken":0,"max_hp_gain":0,"max_hp_loss":0,"event_name":"The Cleric","floor":4,"gold_loss":50},{"damage_healed":0,"gold_gain":175,"player_choice":"AGREE","damage_taken":0,"max_hp_gain":0,"max_hp_loss":0,"event_name":"Liars Game","floor":5,"gold_loss":0,"cards_obtained":["Doubt"]},{"damage_healed":0,"gold_gain":0,"player_choice":"Grow","damage_taken":0,"max_hp_gain":0,"max_hp_loss":0,"event_name":"Living Wall","floor":13,"gold_loss":0,"cards_upgraded":["Biased Cognition"]},{"damage_healed":0,"gold_gain":0,"player_choice":"Ignored","damage_taken":0,"max_hp_gain":0,"max_hp_loss":0,"event_name":"WeMeetAgain","floor":19,"gold_loss":0}],"is_beta":false,"boss_relics":[{"not_picked":["Calling Bell","Snecko Eye"],"picked":"Black Star"}],"items_purged_floors":[11],"is_endless":false,"potions_floor_spawned":[1,7],"killed_by":"Shelled Parasite and Fungi","ascension_level":0}