{"gold_per_floor":[16,35,49,60,72,100,100,168,217,217,217,217,229,194,194,194],"floor_reached":16,"playtime":1022,"items_purged":[],"score":118,"play_id":"497af98c-5c80-4a70-b61e-043d798f71cb","local_time":"20190124194315","is_ascension_mode":true,"campfire_choices":[{"floor":7,"key":"RECALL"},{"data":"Armaments","floor":10,"key":"SMITH"},{"data":"Pommel Strike","floor":15,"key":"SMITH"}],"neow_cost":"NO_GOLD","seed_source_timestamp":440795130829044,"circlet_count":0,"master_deck":["Strike_R","Strike_R","Strike_R","Strike_R","Defend_R","Defend_R","Defend_R","Bash","Iron Wave","Corruption","Armaments+1","Heavy Blade","Disarm","Shrug It Off","Pommel Strike+1"],"relics":["Burning Blood","Bag of Preparation"],"potions_floor_usage":[11,11,11],"damage_taken":[{"damage":0,"enemies":"Small Slimes","floor":1,"turns":4},{"damage":7,"enemies":"2 Louse","floor":2,"turns":3},{"damage":13,"enemies":"Cultist","floor":3,"turns":5},{"damage":9,"enemies":"Blue Slaver","floor":4,"turns":4},{"damage":10,"enemies":"2 Fungi Beasts","floor":5,"turns":5},{"damage":48,"enemies":"Gremlin Nob","floor":6,"turns":6},{"damage":19,"enemies":"3 Sentries","floor":11,"turns":6},{"damage":9,"enemies":"Lots of Slimes","floor":13,"turns":7},{"damage":59,"enemies":"Slime Boss","floor":16,"turns":15}],"seed_played":"-5312311319959485788","potions_obtained":[{"floor":1,"key":"SmokeBomb"},{"floor":2,"key":"AttackPotion"},{"floor":4,"key":"Explosive Potion"},{"floor":13,"key":"LiquidBronze"}],"is_trial":false,"path_per_floor":["M","M","M","M","M","E","R","?","T","R","E","?","M","?","R","B"],"character_chosen":"IRONCLAD","items_purchased":[],"campfire_rested":0,"item_purchase_floors":[],"current_hp_per_floor":[80,79,72,69,65,23,23,23,23,23,10,36,33,53,53,0],"gold":194,"neow_bonus":"REMOVE_TWO","is_prod":false,"is_daily":false,"chose_seed":false,"campfire_upgraded":2,"win_rate":0,"timestamp":1548376995,"path_taken":["M","M","M","M","M","E","R","?","T","R","E","?","M","?","R","BOSS"],"build_version":"2019-01-23","purchased_purges":0,"victory":false,"max_hp_per_floor":[80,80,80,80,80,80,80,80,80,80,80,80,80,80,80,80],"card_choices":[{"not_picked":["Ghostly Armor","Anger"],"picked":"Iron Wave","floor":1},{"not_picked":["Armaments","Seeing Red"],"picked":"Corruption","floor":2},{"not_picked":["Dual Wield","Corruption"],"picked":"Armaments","floor":3},{"not_picked":["Clash","Whirlwind"],"picked":"Heavy Blade","floor":4},{"not_picked":["Heavy Blade","Reckless Charge"],"picked":"Disarm","floor":5},{"not_picked":["Armaments","Corruption"],"picked":"Shrug It Off","floor":6},{"not_picked":["Dropkick","Juggernaut"],"picked":"Pommel Strike","floor":13}],"player_experience":72969,"relics_obtained":[{"floor":6,"key":"Bag of Preparation"}],"event_choices":[{"damage_healed":0,"gold_gain":68,"player_choice":"Gained Gold","damage_taken":0,"max_hp_gain":0,"max_hp_loss":0,"event_name":"Golden Wing","floor":8,"gold_loss":0},{"damage_healed":26,"gold_gain":0,"player_choice":"Banana","damage_taken":0,"max_hp_gain":0,"max_hp_loss":0,"event_name":"Big Fish","floor":12,"gold_loss":0},{"damage_healed":20,"gold_gain":0,"player_choice":"Healed","damage_taken":0,"max_hp_gain":0,"max_hp_loss":0,"event_name":"The Cleric","floor":14,"gold_loss":35}],"is_beta":false,"boss_relics":[],"items_purged_floors":[],"is_endless":false,"potions_floor_spawned":[1,2,4,13],"killed_by":"Slime Boss","ascension_level":1}