{"gold_per_floor":[117,192,142,242,256,256,288,29,29,29,40,51,51,62,62,162,162,181,181,181,192,38,38,57,57,57,74,86,104,104,104,104,104],"floor_reached":33,"playtime":1662,"items_purged":[],"score":326,"play_id":"e6535d88-e4b0-4855-99dd-2bcfe2da9332","local_time":"20181225180909","is_ascension_mode":true,"campfire_choices":[{"data":"Neutralize","floor":6,"key":"SMITH"},{"data":"Blind","floor":13,"key":"SMITH"},{"data":"A Thousand Cuts","floor":15,"key":"SMITH"},{"data":"Doppelganger","floor":23,"key":"SMITH"},{"data":"Acrobatics","floor":25,"key":"SMITH"},{"floor":32,"key":"REST"}],"neow_cost":"NONE","seed_source_timestamp":7685457420237,"circlet_count":0,"master_deck":["Defend_G","Defend_G","Defend_G","Strike_G","Strike_G","Strike_G","Survivor","Neutralize+1","Prepared","A Thousand Cuts+1","Dash","Blind+1","Blur","Dodge and Roll","Doppelganger+1","Die Die Die+1","Skewer+1","Grand Finale+1","Expertise","Caltrops+1","Heel Hook","Flash of Steel","Acrobatics+1","Terror","Prepared+1"],"relics":["Ring of the Snake","NeowsBlessing","Happy Flower","Anchor","Astrolabe","Orichalcum","Lantern"],"potions_floor_usage":[21,24,33,33],"damage_taken":[{"damage":0,"enemies":"Jaw Worm","floor":1,"turns":1},{"damage":0,"enemies":"Small Slimes","floor":5,"turns":1},{"damage":0,"enemies":"3 Sentries","floor":7,"turns":2},{"damage":0,"enemies":"2 Louse","floor":11,"turns":3},{"damage":0,"enemies":"Red Slaver","floor":12,"turns":6},{"damage":0,"enemies":"Lots of Slimes","floor":14,"turns":6},{"damage":49,"enemies":"Hexaghost","floor":16,"turns":18},{"damage":0,"enemies":"3 Byrds","floor":18,"turns":5},{"damage":17,"enemies":"Colosseum Slavers","floor":19,"turns":5},{"damage":8,"enemies":"Chosen","floor":21,"turns":6},{"damage":3,"enemies":"3 Cultists","floor":24,"turns":3},{"damage":4,"enemies":"Chosen and Byrds","floor":27,"turns":5},{"damage":20,"enemies":"Sentry and Sphere","floor":28,"turns":5},{"damage":3,"enemies":"Snake Plant","floor":29,"turns":5},{"damage":41,"enemies":"Collector","floor":33,"turns":6}],"seed_played":"8044665142897518400","potions_obtained":[{"floor":1,"key":"Ancient Potion"},{"floor":5,"key":"AttackPotion"},{"floor":11,"key":"Swift Potion"},{"floor":12,"key":"GhostInAJar"},{"floor":21,"key":"Swift Potion"},{"floor":27,"key":"Swift Potion"}],"is_trial":false,"path_per_floor":["M","?","?","?","M","R","E","$","T","$","M","M","R","M","R","B",null,"M","?","?","M","$","R","M","R","T","M","M","M","?","?","R","B"],"character_chosen":"THE_SILENT","items_purchased":["A Thousand Cuts","Dash","Blind","Heel Hook","Flash of Steel"],"campfire_rested":1,"item_purchase_floors":[8,8,8,22,22],"current_hp_per_floor":[70,59,59,59,59,59,59,59,59,59,59,59,59,59,59,10,70,70,53,53,45,45,45,42,42,42,38,18,15,15,15,36,0],"gold":104,"neow_bonus":"THREE_ENEMY_KILL","is_prod":false,"is_daily":false,"chose_seed":false,"campfire_upgraded":5,"win_rate":0,"timestamp":1545790149,"path_taken":["M","?","?","?","?","R","E","$","T","?","M","M","R","?","R","BOSS","M","?","?","?","$","R","M","R","T","M","M","M","?","?","R","BOSS"],"build_version":"2018-12-20","purchased_purges":0,"victory":false,"max_hp_per_floor":[70,70,70,70,70,70,70,70,70,70,70,70,70,70,70,70,70,70,70,70,70,70,70,70,70,70,70,70,70,70,70,70,70],"card_choices":[{"not_picked":["Well Laid Plans","Catalyst","Blade Dance"],"picked":"SKIP","floor":1},{"not_picked":["All Out Attack","Concentrate","Deadly Poison"],"picked":"SKIP","floor":5},{"not_picked":["Underhanded Strike","Sucker Punch"],"picked":"Prepared","floor":7},{"not_picked":["Concentrate","Bane"],"picked":"Blur","floor":11},{"not_picked":["Bane","Setup"],"picked":"Dodge and Roll","floor":12},{"not_picked":["Bane","Dodge and Roll","Outmaneuver"],"picked":"SKIP","floor":14},{"not_picked":["Malaise","Storm of Steel"],"picked":"Doppelganger","floor":16},{"not_picked":["Cloak And Dagger","Bane+1"],"picked":"Expertise","floor":18},{"not_picked":["Prepared","Dagger Spray"],"picked":"Caltrops+1","floor":21},{"not_picked":["Well Laid Plans","Underhanded Strike"],"picked":"Acrobatics","floor":24},{"not_picked":["Finisher","Predator"],"picked":"Terror","floor":27},{"not_picked":["Bane","Blade Dance"],"picked":"Prepared+1","floor":28},{"not_picked":["Distraction","Deadly Poison","Quick Slash"],"picked":"SKIP","floor":29}],"player_experience":580856,"relics_obtained":[{"floor":7,"key":"Happy Flower"},{"floor":9,"key":"Anchor"},{"floor":20,"key":"Orichalcum"},{"floor":26,"key":"Lantern"}],"event_choices":[{"damage_healed":0,"gold_gain":75,"player_choice":"Gather Gold","damage_taken":11,"max_hp_gain":0,"max_hp_loss":0,"event_name":"World of Goop","floor":2,"gold_loss":0},{"cards_removed":["Strike_G"],"damage_healed":0,"gold_gain":0,"player_choice":"Card Removal","damage_taken":0,"max_hp_gain":0,"max_hp_loss":0,"event_name":"The Cleric","floor":3,"gold_loss":50},{"damage_healed":0,"gold_gain":100,"player_choice":"Pray","damage_taken":0,"max_hp_gain":0,"max_hp_loss":0,"event_name":"Golden Shrine","floor":4,"gold_loss":0},{"damage_healed":0,"gold_gain":0,"player_choice":"Fight","damage_taken":0,"max_hp_gain":0,"max_hp_loss":0,"event_name":"Colosseum","floor":19,"gold_loss":0},{"damage_healed":0,"gold_gain":0,"player_choice":"Fled From Nobs","damage_taken":0,"max_hp_gain":0,"max_hp_loss":0,"event_name":"Colosseum","floor":19,"gold_loss":0},{"damage_healed":0,"gold_gain":0,"player_choice":"Relic","damage_taken":0,"max_hp_gain":0,"max_hp_loss":0,"event_name":"Wheel of Change","floor":20,"gold_loss":0},{"damage_healed":0,"gold_gain":0,"player_choice":"Ignored","damage_taken":0,"max_hp_gain":0,"max_hp_loss":0,"event_name":"Vampires","floor":30,"gold_loss":0},{"damage_healed":0,"gold_gain":0,"player_choice":"Ignored","damage_taken":0,"max_hp_gain":0,"max_hp_loss":0,"event_name":"Cursed Tome","floor":31,"gold_loss":0}],"is_beta":false,"boss_relics":[{"not_picked":["Orrery","Fusion Hammer"],"picked":"Astrolabe"}],"items_purged_floors":[],"is_endless":false,"potions_floor_spawned":[1,5,11,12,21,27,28],"killed_by":"Collector","ascension_level":4}