{"gold_per_floor":[114,114,131,143,143,168,168,168,220,220,220,233,233,247,247,351,351,335,260,170,181,196,196,223,235,235,265,265],"floor_reached":28,"playtime":1639,"items_purged":[],"score":335,"play_id":"5bd8631c-5b5f-4658-8581-8be4abc77a88","local_time":"20190525032649","is_ascension_mode":true,"campfire_choices":[{"data":"Footwork","floor":7,"key":"SMITH"},{"floor":11,"key":"REST"},{"data":"Neutralize","floor":15,"key":"SMITH"},{"data":"Doppelganger","floor":23,"key":"SMITH"}],"neow_cost":"NONE","seed_source_timestamp":51292164124200,"circlet_count":0,"master_deck":["Defend_G","Defend_G","Defend_G","Defend_G","Defend_G","Strike_G","Strike_G","Survivor+1","Neutralize+1","Footwork+1","Leg Sweep+1","Poisoned Stab","Infinite Blades","Flying Knee","Doppelganger+1","Dagger Throw+1","Blade Dance+1","Dagger Spray+1","Cloak And Dagger"],"relics":["Ring of the Snake","Pen Nib","Ninja Scroll","Omamori","Runic Pyramid","Dead Branch","Boot","Prayer Wheel"],"potions_floor_usage":[],"damage_taken":[{"damage":1,"enemies":"Small Slimes","floor":1,"turns":5},{"damage":6,"enemies":"Cultist","floor":3,"turns":5},{"damage":4,"enemies":"Jaw Worm","floor":4,"turns":4},{"damage":32,"enemies":"Lagavulin","floor":6,"turns":11},{"damage":0,"enemies":"Looter","floor":12,"turns":4},{"damage":0,"enemies":"2 Fungi Beasts","floor":14,"turns":4},{"damage":16,"enemies":"The Guardian","floor":16,"turns":17},{"damage":11,"enemies":"2 Thieves","floor":18,"turns":4},{"damage":0,"enemies":"Spheric Guardian","floor":21,"turns":6},{"damage":4,"enemies":"Centurion and Healer","floor":22,"turns":6},{"damage":20,"enemies":"Book of Stabbing","floor":24,"turns":8},{"damage":0,"enemies":"3 Cultists","floor":25,"turns":4},{"damage":27,"enemies":"Slavers","floor":27,"turns":5},{"damage":15,"enemies":"Shelled Parasite and Fungi","floor":28,"turns":2}],"seed_played":"-1058395765279266767","potions_obtained":[{"floor":1,"key":"Weak Potion"},{"floor":2,"key":"EssenceOfSteel"},{"floor":2,"key":"FearPotion"}],"is_trial":false,"path_per_floor":["M","?","M","M","?","E","R","?","T","?","R","M","?","M","R","B",null,"M","?","?","M","M","R","E","M","T","E","M"],"character_chosen":"THE_SILENT","items_purchased":[],"campfire_rested":1,"item_purchase_floors":[],"current_hp_per_floor":[69,69,63,59,64,32,32,25,25,18,42,42,42,42,42,26,68,57,57,57,57,53,53,33,33,33,6,0],"gold":265,"neow_bonus":"TEN_PERCENT_HP_BONUS","is_prod":false,"is_daily":false,"chose_seed":false,"campfire_upgraded":3,"win_rate":0,"timestamp":1558735009,"path_taken":["M","?","?","M","?","E","R","?","T","?","R","M","?","M","R","BOSS","M","?","?","M","M","R","E","M","T","E","?"],"build_version":"2019-01-23","purchased_purges":0,"victory":false,"max_hp_per_floor":[77,77,77,77,82,82,82,82,82,82,82,82,82,82,82,82,82,82,82,82,82,82,82,82,82,82,82,82],"card_choices":[{"not_picked":["Dash","Quick Slash"],"picked":"Footwork","floor":1},{"not_picked":["Catalyst","Dagger Spray"],"picked":"Leg Sweep","floor":3},{"not_picked":["Flechettes","Choke"],"picked":"Poisoned Stab","floor":4},{"not_picked":["Terror","Finisher"],"picked":"Infinite Blades","floor":6},{"not_picked":["Quick Slash","Backflip"],"picked":"Flying Knee","floor":12},{"not_picked":["Underhanded Strike","Bane","Flying Knee"],"picked":"SKIP","floor":14},{"not_picked":["Bullet Time","Tools of the Trade"],"picked":"Doppelganger","floor":16},{"not_picked":["Blade Dance","Masterful Stab"],"picked":"Dagger Throw+1","floor":18},{"not_picked":["Quick Slash","Acrobatics"],"picked":"Blade Dance+1","floor":21},{"not_picked":["Backstab","Flying Knee"],"picked":"Dagger Spray+1","floor":22},{"not_picked":["Backflip","Poisoned Stab"],"picked":"Cloak And Dagger","floor":24},{"not_picked":["Predator","Skewer","Blade Dance+1"],"picked":"SKIP","floor":25},{"not_picked":["Catalyst","Distraction","Predator"],"picked":"SKIP","floor":27}],"player_experience":228446,"relics_obtained":[{"floor":6,"key":"Pen Nib"},{"floor":9,"key":"Omamori"},{"floor":24,"key":"Dead Branch"},{"floor":26,"key":"Boot"},{"floor":27,"key":"Prayer Wheel"}],"event_choices":[{"damage_healed":0,"gold_gain":0,"player_choice":"Got Potions","damage_taken":0,"max_hp_gain":0,"max_hp_loss":0,"event_name":"Lab","floor":2,"gold_loss":0},{"damage_healed":0,"gold_gain":0,"player_choice":"Donut","damage_taken":0,"max_hp_gain":5,"max_hp_loss":0,"event_name":"Big Fish","floor":5,"gold_loss":0},{"damage_healed":0,"gold_gain":0,"player_choice":"Success","damage_taken":7,"relics_obtained":["Ninja Scroll"],"max_hp_gain":0,"max_hp_loss":0,"event_name":"Scrap Ooze","floor":8,"gold_loss":0},{"cards_removed":["Strike_G"],"damage_healed":0,"gold_gain":0,"player_choice":"Card Removal","damage_taken":7,"max_hp_gain":0,"max_hp_loss":0,"event_name":"Golden Wing","floor":10,"gold_loss":0},{"damage_healed":0,"gold_gain":0,"player_choice":"Grow","damage_taken":0,"max_hp_gain":0,"max_hp_loss":0,"event_name":"Living Wall","floor":13,"gold_loss":0,"cards_upgraded":["Leg Sweep"]},{"cards_removed":["Strike_G"],"damage_healed":0,"gold_gain":0,"player_choice":"Gave Gold","damage_taken":0,"max_hp_gain":0,"max_hp_loss":0,"event_name":"Beggar","floor":19,"gold_loss":75},{"cards_removed":["Strike_G"],"damage_healed":0,"gold_gain":0,"player_choice":"Upgrade and Remove","damage_taken":0,"max_hp_gain":0,"max_hp_loss":0,"event_name":"Designer","floor":20,"gold_loss":90,"cards_upgraded":["Survivor"]}],"is_beta":false,"boss_relics":[{"not_picked":["Orrery","Velvet Choker"],"picked":"Runic Pyramid"}],"items_purged_floors":[],"is_endless":false,"potions_floor_spawned":[1,12,16,22,24,25],"killed_by":"Shelled Parasite and Fungi","ascension_level":6}