{"gold_per_floor":[117,117,117,117,417,458,458,458,458,471,489,489,173,204,204,325,325,325,325,284,284,284,284,284],"floor_reached":24,"playtime":1035,"items_purged":["Strike_G"],"score":346,"play_id":"e6c13429-6927-4e26-b50d-73b77ebfb73b","local_time":"20190601011210","is_ascension_mode":true,"campfire_choices":[{"data":"Poisoned Stab","floor":7,"key":"SMITH"},{"data":"Backstab","floor":12,"key":"SMITH"},{"data":"Flying Knee","floor":15,"key":"SMITH"}],"neow_cost":"NONE","seed_source_timestamp":31154623486200,"circlet_count":0,"master_deck":["Defend_G","Defend_G","Defend_G","Defend_G","Defend_G","Survivor","Neutralize+1","Flying Knee+1","Poisoned Stab+1","Backstab+1","Dodge and Roll","Die Die Die","Malaise","Blade Dance","Bite","Bite","Bite","Bite","Bite","Caltrops","Slice","Adrenaline"],"relics":["Ring of the Snake","NeowsBlessing","Golden Idol","Unceasing Top","Old Coin","Turnip","FaceOfCleric","Mango","Pantograph","StoneCalendar","Ectoplasm","Blue Candle"],"potions_floor_usage":[23,23],"damage_taken":[{"damage":0,"enemies":"Small Slimes","floor":1,"turns":1},{"damage":0,"enemies":"Lagavulin","floor":6,"turns":1},{"damage":0,"enemies":"2 Louse","floor":10,"turns":1},{"damage":0,"enemies":"Cultist","floor":11,"turns":2},{"damage":10,"enemies":"3 Sentries","floor":14,"turns":7},{"damage":52,"enemies":"Hexaghost","floor":16,"turns":10},{"damage":13,"enemies":"Spheric Guardian","floor":18,"turns":4},{"damage":6,"enemies":"3 Byrds","floor":21,"turns":3},{"damage":20,"enemies":"Centurion and Healer","floor":22,"turns":8},{"damage":56,"enemies":"Slavers","floor":23,"turns":6},{"damage":19,"enemies":"Snecko","floor":24,"turns":5}],"seed_played":"2771411422942658242","potions_obtained":[{"floor":1,"key":"LiquidBronze"},{"floor":16,"key":"PowerPotion"},{"floor":18,"key":"Block Potion"},{"floor":23,"key":"Strength Potion"}],"is_trial":false,"path_per_floor":["M","?","?","?","T","E","R","?","T","M","M","R","$","E","R","B",null,"M","?","$","M","M","E","M"],"character_chosen":"THE_SILENT","items_purchased":["Pantograph","Caltrops"],"campfire_rested":0,"item_purchase_floors":[13,20],"current_hp_per_floor":[63,46,46,43,43,43,43,43,57,58,59,59,59,50,50,24,72,60,60,60,59,58,11,0],"gold":284,"neow_bonus":"THREE_ENEMY_KILL","is_prod":false,"is_daily":false,"chose_seed":false,"campfire_upgraded":3,"win_rate":0,"timestamp":1559331730,"path_taken":["M","?","?","?","?","E","R","?","T","?","M","R","$","E","R","BOSS","M","?","$","M","M","E","M"],"build_version":"2019-01-23","purchased_purges":1,"victory":false,"max_hp_per_floor":[70,70,70,70,70,70,70,70,84,85,86,86,86,87,87,88,88,89,62,62,63,64,65,65],"card_choices":[{"not_picked":["Masterful Stab","Blade Dance"],"picked":"Flying Knee","floor":1},{"not_picked":["Dagger Throw","Flying Knee"],"picked":"Poisoned Stab","floor":6},{"not_picked":["Underhanded Strike","Dagger Throw"],"picked":"Backstab","floor":10},{"not_picked":["Sucker Punch","Eviscerate"],"picked":"Dodge and Roll","floor":11},{"not_picked":["Dodge and Roll","Blur"],"picked":"Die Die Die","floor":14},{"not_picked":["Night Terror","Unload"],"picked":"Malaise","floor":16},{"not_picked":["Predator","Sucker Punch"],"picked":"Blade Dance","floor":18},{"not_picked":["Bane","Sucker Punch"],"picked":"Slice","floor":21},{"not_picked":["Poisoned Stab+1","Dagger Spray","Finisher"],"picked":"SKIP","floor":22},{"not_picked":["Flechettes","Well Laid Plans+1"],"picked":"Adrenaline","floor":23}],"player_experience":243707,"relics_obtained":[{"floor":5,"key":"Old Coin"},{"floor":6,"key":"Turnip"},{"floor":9,"key":"Mango"},{"floor":14,"key":"StoneCalendar"},{"floor":23,"key":"Blue Candle"}],"event_choices":[{"damage_healed":0,"gold_gain":0,"player_choice":"Take Damage","damage_taken":17,"relics_obtained":["Golden Idol"],"max_hp_gain":0,"max_hp_loss":0,"event_name":"Golden Idol","floor":2,"gold_loss":0},{"damage_healed":0,"gold_gain":0,"player_choice":"Grow","damage_taken":0,"max_hp_gain":0,"max_hp_loss":0,"event_name":"Living Wall","floor":3,"gold_loss":0,"cards_upgraded":["Neutralize"]},{"damage_healed":0,"gold_gain":0,"player_choice":"Success","damage_taken":3,"relics_obtained":["Unceasing Top"],"max_hp_gain":0,"max_hp_loss":0,"event_name":"Scrap Ooze","floor":4,"gold_loss":0},{"damage_healed":0,"gold_gain":0,"player_choice":"Trade","damage_taken":0,"relics_obtained":["FaceOfCleric"],"max_hp_gain":0,"max_hp_loss":0,"event_name":"FaceTrader","floor":8,"gold_loss":0},{"damage_healed":0,"gold_gain":0,"player_choice":"Became a vampire","damage_taken":0,"max_hp_gain":0,"max_hp_loss":27,"event_name":"Vampires","floor":19,"gold_loss":0,"cards_obtained":["Bite","Bite","Bite","Bite","Bite"]}],"is_beta":false,"boss_relics":[{"not_picked":["Snecko Eye","Eternal Feather"],"picked":"Ectoplasm"}],"items_purged_floors":[13],"is_endless":false,"potions_floor_spawned":[1,16,18,22,23],"killed_by":"Snecko","ascension_level":6}