{"gold_per_floor":[114,126,126,126,126,136,164,184,208,208,222,242,257,274,274,352,352,371,136,152,152],"floor_reached":21,"playtime":1580,"items_purged":["Strike_G"],"score":333,"play_id":"dbbb36f5-46bb-4bd3-80d5-eae6b927d83b","local_time":"20190530000613","is_ascension_mode":true,"campfire_choices":[{"floor":10,"key":"REST"},{"floor":15,"key":"REST"}],"neow_cost":"NONE","seed_source_timestamp":879171648065818,"circlet_count":0,"master_deck":["AscendersBane","Defend_G+1","Defend_G","Defend_G","Defend_G","Defend_G+1","Strike_G","Strike_G","Strike_G","Strike_G","Survivor","Neutralize+1","Sucker Punch","Skewer","Footwork","Caltrops","Dodge and Roll","Dodge and Roll","Dagger Spray","Infinite Blades","A Thousand Cuts","Deflect","Infinite Blades","Blade Dance"],"relics":["Ring of the Snake","Art of War","Boot","Philosopher\u0027s Stone"],"potions_floor_usage":[8,13,16,20],"damage_taken":[{"damage":0,"enemies":"2 Louse","floor":1,"turns":5},{"damage":0,"enemies":"Small Slimes","floor":2,"turns":5},{"damage":0,"enemies":"Jaw Worm","floor":6,"turns":5},{"damage":30,"enemies":"Gremlin Nob","floor":7,"turns":5},{"damage":6,"enemies":"Lots of Slimes","floor":8,"turns":3},{"damage":11,"enemies":"Looter","floor":11,"turns":4},{"damage":0,"enemies":"Exordium Wildlife","floor":12,"turns":6},{"damage":5,"enemies":"Gremlin Gang","floor":13,"turns":4},{"damage":0,"enemies":"Large Slime","floor":14,"turns":6},{"damage":19,"enemies":"Hexaghost","floor":16,"turns":15},{"damage":14,"enemies":"3 Byrds","floor":18,"turns":4},{"damage":26,"enemies":"Chosen","floor":20,"turns":5},{"damage":19,"enemies":"Snecko","floor":21,"turns":4}],"seed_played":"1556988163377900654","potions_obtained":[{"floor":6,"key":"Ancient Potion"},{"floor":7,"key":"Explosive Potion"},{"floor":11,"key":"SkillPotion"},{"floor":14,"key":"Weak Potion"},{"floor":16,"key":"Poison Potion"},{"floor":20,"key":"Explosive Potion"}],"is_trial":false,"path_per_floor":["M","M","?","?","?","M","E","M","T","R","M","M","M","M","R","B",null,"M","$","M","M"],"character_chosen":"THE_SILENT","items_purchased":["Deflect","Infinite Blades","FearPotion"],"campfire_rested":2,"item_purchase_floors":[19,19,19],"current_hp_per_floor":[59,59,39,44,44,44,14,8,8,29,18,18,13,13,34,15,57,43,43,17,0],"gold":152,"neow_bonus":"UPGRADE_CARD","is_prod":false,"is_daily":false,"chose_seed":false,"campfire_upgraded":0,"win_rate":0,"timestamp":1559199973,"path_taken":["M","M","?","?","?","M","E","M","T","R","?","M","M","?","R","BOSS","M","$","M","M"],"build_version":"2019-01-23","purchased_purges":1,"victory":false,"max_hp_per_floor":[66,66,66,71,71,71,71,71,71,71,71,71,71,71,71,71,71,71,71,71,71],"card_choices":[{"not_picked":["Bane","Finisher"],"picked":"Sucker Punch","floor":1},{"not_picked":["Slice","Flying Knee","Riddle With Holes"],"picked":"SKIP","floor":2},{"not_picked":["Slice","Dagger Throw"],"picked":"Skewer","floor":6},{"not_picked":["Heel Hook","Bouncing Flask"],"picked":"Footwork","floor":7},{"not_picked":["Poisoned Stab","Storm of Steel"],"picked":"Caltrops","floor":8},{"not_picked":["Poisoned Stab","Outmaneuver"],"picked":"Dodge and Roll","floor":11},{"not_picked":["Acrobatics","Bane"],"picked":"Dodge and Roll","floor":12},{"not_picked":["Slice","Flying Knee"],"picked":"Dagger Spray","floor":13},{"not_picked":["Sucker Punch","Slice"],"picked":"Infinite Blades","floor":14},{"not_picked":["Die Die Die","Malaise"],"picked":"A Thousand Cuts","floor":16},{"not_picked":["Setup","Calculated Gamble+1","Reflex+1"],"picked":"SKIP","floor":18},{"not_picked":["Bane","Slice"],"picked":"Blade Dance","floor":20}],"player_experience":503637,"relics_obtained":[{"floor":7,"key":"Art of War"},{"floor":9,"key":"Boot"}],"event_choices":[{"damage_healed":0,"gold_gain":0,"player_choice":"Entered Light","damage_taken":20,"max_hp_gain":0,"max_hp_loss":0,"event_name":"Shining Light","floor":3,"gold_loss":0,"cards_upgraded":["Defend_G","Defend_G"]},{"damage_healed":0,"gold_gain":0,"player_choice":"Donut","damage_taken":0,"max_hp_gain":5,"max_hp_loss":0,"event_name":"Big Fish","floor":4,"gold_loss":0},{"damage_healed":0,"gold_gain":0,"player_choice":"Fled","damage_taken":0,"max_hp_gain":0,"max_hp_loss":0,"event_name":"Scrap Ooze","floor":5,"gold_loss":0}],"is_beta":false,"boss_relics":[{"not_picked":["Runic Dome","Eternal Feather"],"picked":"Philosopher\u0027s Stone"}],"items_purged_floors":[19],"is_endless":false,"potions_floor_spawned":[6,7,11,14,16,20],"killed_by":"Snecko","ascension_level":16}