{"gold_per_floor":[368,168,168,178,194,194,213,213,261,288,288,288,314,329,329,329],"floor_reached":16,"playtime":1529,"items_purged":["Normality"],"score":132,"play_id":"f287c537-96cc-4198-a224-7d10dd8244b0","local_time":"20190511215444","is_ascension_mode":true,"campfire_choices":[{"data":"Fusion","floor":6,"key":"SMITH"},{"data":"Zap","floor":11,"key":"SMITH"},{"floor":15,"key":"REST"}],"neow_cost":"CURSE","seed_source_timestamp":89190859132600,"circlet_count":0,"master_deck":["Strike_B","Strike_B","Strike_B","Defend_B","Defend_B","Defend_B","Defend_B","Zap+1","Dualcast+1","Coolheaded","Loop","Bandage Up","Fusion+1","Double Energy","White Noise","FTL","Hologram"],"relics":["Cracked Core","Orichalcum","Blood Vial"],"potions_floor_usage":[10,16,16],"damage_taken":[{"damage":3,"enemies":"2 Louse","floor":1,"turns":2},{"damage":0,"enemies":"Cultist","floor":4,"turns":4},{"damage":10,"enemies":"Small Slimes","floor":5,"turns":5},{"damage":7,"enemies":"Red Slaver","floor":7,"turns":5},{"damage":18,"enemies":"Gremlin Nob","floor":10,"turns":4},{"damage":37,"enemies":"Lagavulin","floor":13,"turns":8},{"damage":2,"enemies":"Looter","floor":14,"turns":3},{"damage":48,"enemies":"Slime Boss","floor":16,"turns":7}],"seed_played":"5854165796315394174","potions_obtained":[{"floor":4,"key":"GamblersBrew"},{"floor":5,"key":"SteroidPotion"},{"floor":13,"key":"Dexterity Potion"}],"is_trial":false,"path_per_floor":["M","$","?","M","M","R","M","?","T","E","R","?","E","M","R","B"],"character_chosen":"DEFECT","items_purchased":["Loop","Bandage Up"],"campfire_rested":1,"item_purchase_floors":[2,2],"current_hp_per_floor":[72,72,72,75,69,69,66,66,66,48,48,48,15,19,41,0],"gold":329,"neow_bonus":"TWO_FIFTY_GOLD","is_prod":false,"is_daily":false,"chose_seed":false,"campfire_upgraded":2,"win_rate":0,"timestamp":1557626084,"path_taken":["M","$","?","M","M","R","?","?","T","E","R","?","E","?","R","BOSS"],"build_version":"2019-01-23","purchased_purges":1,"victory":false,"max_hp_per_floor":[75,75,75,75,75,75,75,75,75,75,75,75,75,75,75,75],"card_choices":[{"not_picked":["Auto Shields","Steam Power"],"picked":"Coolheaded","floor":1},{"not_picked":["Glacier","Defragment"],"picked":"Double Energy","floor":4},{"not_picked":["Cold Snap","BootSequence"],"picked":"White Noise","floor":5},{"not_picked":["Tempest","Melter"],"picked":"FTL","floor":7},{"not_picked":["Fusion","Gash","Scrape"],"picked":"SKIP","floor":10},{"not_picked":["Streamline","Biased Cognition"],"picked":"Hologram","floor":13},{"not_picked":["Compile Driver","Auto Shields","Hologram"],"picked":"SKIP","floor":14}],"player_experience":263056,"relics_obtained":[{"floor":10,"key":"Orichalcum"},{"floor":13,"key":"Blood Vial"}],"event_choices":[{"damage_healed":0,"gold_gain":0,"cards_transformed":["Strike_B"],"player_choice":"Transformed","damage_taken":0,"max_hp_gain":0,"max_hp_loss":0,"event_name":"Transmorgrifier","floor":3,"gold_loss":0,"cards_obtained":["Fusion"]},{"damage_healed":0,"gold_gain":0,"player_choice":"Ignored","damage_taken":0,"max_hp_gain":0,"max_hp_loss":0,"event_name":"Liars Game","floor":8,"gold_loss":0},{"damage_healed":0,"gold_gain":0,"player_choice":"Forge","damage_taken":0,"max_hp_gain":0,"max_hp_loss":0,"event_name":"Accursed Blacksmith","floor":12,"gold_loss":0,"cards_upgraded":["Dualcast"]}],"is_beta":false,"boss_relics":[],"items_purged_floors":[2],"is_endless":false,"potions_floor_spawned":[4,5,13],"killed_by":"Slime Boss","ascension_level":4}