{"gold_per_floor":[113,113,63,63,77,106,120,120,196,212,212,242,89,89],"floor_reached":14,"playtime":874,"items_purged":[],"score":108,"play_id":"8443c6ae-75dc-4e7b-9ba0-c119aa23d051","local_time":"20190224214740","is_ascension_mode":true,"campfire_choices":[{"floor":8,"key":"REST"}],"neow_cost":"NONE","seed_source_timestamp":8692403545117,"circlet_count":0,"master_deck":["Strike_R","Strike_R","Strike_R","Defend_R","Defend_R","Defend_R","Defend_R","Bash","Cleave","Flame Barrier","Clothesline","Rampage","Thunderclap","Ghostly Armor","Shrug It Off","Armaments","Iron Wave","Whirlwind"],"relics":["Burning Blood","Art of War","Blue Candle","Sundial","Unceasing Top"],"potions_floor_usage":[],"damage_taken":[{"damage":12,"enemies":"Small Slimes","floor":1,"turns":4},{"damage":2,"enemies":"2 Louse","floor":5,"turns":2},{"damage":60,"enemies":"3 Sentries","floor":6,"turns":14},{"damage":0,"enemies":"Jaw Worm","floor":7,"turns":3},{"damage":1,"enemies":"3 Louse","floor":10,"turns":3},{"damage":21,"enemies":"Lagavulin","floor":12,"turns":8},{"damage":52,"enemies":"Gremlin Nob","floor":14,"turns":5}],"seed_played":"-6176898086723312883","potions_obtained":[{"floor":6,"key":"Swift Potion"},{"floor":7,"key":"EssenceOfSteel"},{"floor":11,"key":"Energy Potion"}],"is_trial":false,"path_per_floor":["M","?","?","?","M","E","M","R","T","M","?","E","$","E"],"character_chosen":"IRONCLAD","items_purchased":["Armaments","Iron Wave","Whirlwind"],"campfire_rested":1,"item_purchase_floors":[13,13,13],"current_hp_per_floor":[82,82,82,79,83,29,35,61,61,66,66,51,51,0],"gold":89,"neow_bonus":"TEN_PERCENT_HP_BONUS","is_prod":false,"is_daily":false,"chose_seed":false,"campfire_upgraded":0,"win_rate":0,"timestamp":1551062860,"path_taken":["M","?","?","?","M","E","M","R","T","?","?","E","$","E"],"build_version":"2019-01-23","purchased_purges":0,"victory":false,"max_hp_per_floor":[88,88,88,88,88,88,88,88,88,88,88,88,88,88],"card_choices":[{"not_picked":["Clash","Body Slam"],"picked":"Cleave","floor":1},{"not_picked":["Armaments","Iron Wave"],"picked":"Clothesline","floor":5},{"not_picked":["Bloodletting","Blood for Blood"],"picked":"Rampage","floor":6},{"not_picked":["Sentinel","Flex"],"picked":"Thunderclap","floor":7},{"not_picked":["Flame Barrier","Infernal Blade"],"picked":"Ghostly Armor","floor":10},{"not_picked":["Fiend Fire","Pummel"],"picked":"Shrug It Off","floor":12}],"player_experience":130146,"relics_obtained":[{"floor":6,"key":"Blue Candle"},{"floor":9,"key":"Sundial"},{"floor":12,"key":"Unceasing Top"}],"event_choices":[{"damage_healed":0,"gold_gain":0,"cards_transformed":["Strike_R"],"player_choice":"Change","damage_taken":0,"max_hp_gain":0,"max_hp_loss":0,"event_name":"Living Wall","floor":2,"gold_loss":0,"cards_obtained":["Flame Barrier"]},{"cards_removed":["Strike_R"],"damage_healed":0,"gold_gain":0,"player_choice":"Card Removal","damage_taken":0,"max_hp_gain":0,"max_hp_loss":0,"event_name":"The Cleric","floor":3,"gold_loss":50},{"damage_healed":0,"gold_gain":0,"player_choice":"Success","damage_taken":3,"relics_obtained":["Art of War"],"max_hp_gain":0,"max_hp_loss":0,"event_name":"Scrap Ooze","floor":4,"gold_loss":0},{"damage_healed":0,"gold_gain":0,"player_choice":"Got Potions","damage_taken":0,"max_hp_gain":0,"max_hp_loss":0,"event_name":"Lab","floor":11,"gold_loss":0}],"is_beta":false,"boss_relics":[],"items_purged_floors":[],"is_endless":false,"potions_floor_spawned":[6,7],"killed_by":"Gremlin Nob","ascension_level":2}