{"gold_per_floor":[119,18,18,18,30,30,41,41,41,58,58,78,93,108,108,204,204,221,221,239,239,239],"floor_reached":22,"playtime":2365,"items_purged":["Strike_G"],"score":178,"play_id":"7ed9c489-9794-45cd-a024-9396fa920384","local_time":"20190212182950","is_ascension_mode":false,"campfire_choices":[{"data":"Catalyst","floor":6,"key":"SMITH"},{"data":"Poisoned Stab","floor":8,"key":"SMITH"},{"data":"Dodge and Roll","floor":11,"key":"SMITH"},{"data":"Poisoned Stab","floor":15,"key":"SMITH"}],"neow_cost":"NONE","seed_source_timestamp":86450115099700,"circlet_count":0,"master_deck":["Survivor","Neutralize","Catalyst+1","Dodge and Roll+1","Poisoned Stab+1","Flying Knee","Poisoned Stab+1","Predator","PiercingWail","Underhanded Strike","Envenom","Flying Knee","Expertise","Deadly Poison","Outmaneuver","Terror","Expertise","Accuracy","Expertise","Quick Slash","Bane+1","Bane+1"],"relics":["Ring of the Snake","Pen Nib","Question Card","Pantograph","Pandora\u0027s Box","MutagenicStrength"],"potions_floor_usage":[10,13,16,16],"damage_taken":[{"damage":0,"enemies":"2 Louse","floor":1,"turns":3},{"damage":0,"enemies":"Small Slimes","floor":5,"turns":4},{"damage":1,"enemies":"Cultist","floor":7,"turns":4},{"damage":18,"enemies":"Large Slime","floor":10,"turns":7},{"damage":2,"enemies":"Exordium Wildlife","floor":12,"turns":5},{"damage":3,"enemies":"Blue Slaver","floor":13,"turns":2},{"damage":1,"enemies":"Gremlin Gang","floor":14,"turns":7},{"damage":19,"enemies":"Slime Boss","floor":16,"turns":9},{"damage":26,"enemies":"Shell Parasite","floor":18,"turns":6},{"damage":24,"enemies":"2 Thieves","floor":20,"turns":3},{"damage":9,"enemies":"3 Cultists","floor":22,"turns":3}],"seed_played":"8724559154435656772","potions_obtained":[{"floor":1,"key":"Dexterity Potion"},{"floor":7,"key":"Fire Potion"},{"floor":10,"key":"PowerPotion"},{"floor":12,"key":"AttackPotion"}],"is_trial":false,"path_per_floor":["M","$","?","?","M","R","M","R","T","M","R","M","M","M","R","B",null,"M","?","M","?","M"],"character_chosen":"THE_SILENT","items_purchased":["Dodge and Roll"],"campfire_rested":0,"item_purchase_floors":[2],"current_hp_per_floor":[70,70,67,67,67,67,66,66,66,48,48,46,43,42,42,48,70,44,31,7,7,0],"gold":239,"neow_bonus":"RANDOM_COMMON_RELIC","is_prod":false,"is_daily":false,"chose_seed":false,"campfire_upgraded":4,"win_rate":0,"timestamp":1550014190,"path_taken":["M","$","?","?","M","R","M","R","T","?","R","M","M","M","R","BOSS","M","?","M","?","M"],"build_version":"2019-02-06","purchased_purges":1,"victory":false,"max_hp_per_floor":[70,70,70,70,70,70,70,70,70,70,70,70,70,70,70,70,70,70,75,75,75,75],"card_choices":[{"not_picked":["Blur","Dodge and Roll"],"picked":"Catalyst","floor":1},{"not_picked":["Calculated Gamble","Riddle With Holes","Distraction"],"picked":"Poisoned Stab","floor":5},{"not_picked":["Slice","Well Laid Plans","Quick Slash"],"picked":"Flying Knee","floor":7},{"not_picked":["PiercingWail","Eviscerate","Blur"],"picked":"Poisoned Stab","floor":10},{"not_picked":["Dagger Spray","Acrobatics","Deflect"],"picked":"Predator","floor":12},{"not_picked":["Tools of the Trade","All Out Attack","Dagger Throw"],"picked":"PiercingWail","floor":13},{"not_picked":["Caltrops","Dagger Throw","Cloak And Dagger"],"picked":"Underhanded Strike","floor":14},{"not_picked":["Adrenaline","Storm of Steel","Bullet Time"],"picked":"Envenom","floor":16},{"not_picked":["Quick Slash+1","Poisoned Stab+1","Outmaneuver+1"],"picked":"Bane+1","floor":18},{"not_picked":["PiercingWail","Heel Hook","Deadly Poison"],"picked":"Bane+1","floor":20}],"player_experience":615814,"relics_obtained":[{"floor":9,"key":"Pantograph"}],"event_choices":[{"damage_healed":0,"gold_gain":0,"player_choice":"Success","damage_taken":3,"relics_obtained":["Question Card"],"max_hp_gain":0,"max_hp_loss":0,"event_name":"Scrap Ooze","floor":3,"gold_loss":0},{"cards_removed":["Defend_G"],"damage_healed":0,"gold_gain":0,"player_choice":"Took Card","damage_taken":0,"max_hp_gain":0,"max_hp_loss":0,"event_name":"NoteForYourself","floor":4,"gold_loss":0,"cards_obtained":["Defend_R"]},{"damage_healed":0,"gold_gain":0,"player_choice":"Shed Blood","damage_taken":18,"max_hp_gain":5,"max_hp_loss":0,"event_name":"Forgotten Altar","floor":19,"gold_loss":0},{"damage_healed":0,"gold_gain":0,"player_choice":"Inject Mutagens","damage_taken":0,"relics_obtained":["MutagenicStrength"],"max_hp_gain":0,"max_hp_loss":0,"event_name":"Drug Dealer","floor":21,"gold_loss":0}],"is_beta":true,"boss_relics":[{"not_picked":["Empty Cage","Runic Dome"],"picked":"Pandora\u0027s Box"}],"items_purged_floors":[2],"is_endless":false,"potions_floor_spawned":[1,7,10,12],"killed_by":"3 Cultists","ascension_level":0}