{"gold_per_floor":[115,190,140,155,173,173,193,193,193,193,493,507,33,58,58,155,155,172,172,188,188,188,213,231,264,290,290,316,316],"floor_reached":29,"playtime":1209,"items_purged":["Strike_B"],"score":364,"play_id":"cb8ac50f-d26b-4834-9719-9cf32e69da97","local_time":"20190525011103","is_ascension_mode":true,"campfire_choices":[{"data":"Defragment","floor":6,"key":"SMITH"},{"data":"Sunder","floor":8,"key":"SMITH"},{"floor":10,"key":"REST"},{"data":"Defragment","floor":15,"key":"SMITH"},{"floor":27,"key":"REST"}],"neow_cost":"NONE","seed_source_timestamp":43576306982300,"circlet_count":0,"master_deck":["Defend_B+1","Defend_B+1","Defend_B+1","Defend_B+1","Zap","Dualcast","Sunder+1","Defragment+1","Defragment+1","Cold Snap+1","Genetic Algorithm","Glacier","Capacitor","Auto Shields","Core Surge+1","Chaos","Capacitor","Bite+1","Bite+1","Bite+1","Bite+1","Bite+1","Chaos+1","Skim","Stack","Defragment"],"relics":["Cracked Core","Ancient Tea Set","Matryoshka","Old Coin","Molten Egg 2","Whetstone","Sozu","Nunchaku","Calipers","Juzu Bracelet","Red Mask"],"potions_floor_usage":[28],"damage_taken":[{"damage":16,"enemies":"Small Slimes","floor":1,"turns":4},{"damage":0,"enemies":"2 Louse","floor":4,"turns":1},{"damage":0,"enemies":"Cultist","floor":5,"turns":3},{"damage":13,"enemies":"Blue Slaver","floor":7,"turns":3},{"damage":0,"enemies":"Large Slime","floor":12,"turns":4},{"damage":3,"enemies":"Lagavulin","floor":14,"turns":7},{"damage":5,"enemies":"Hexaghost","floor":16,"turns":11},{"damage":16,"enemies":"2 Thieves","floor":18,"turns":4},{"damage":5,"enemies":"Spheric Guardian","floor":20,"turns":4},{"damage":26,"enemies":"Slavers","floor":23,"turns":7},{"damage":15,"enemies":"Centurion and Healer","floor":24,"turns":9},{"damage":47,"enemies":"Book of Stabbing","floor":25,"turns":7},{"damage":21,"enemies":"Masked Bandits","floor":28,"turns":4},{"damage":33,"enemies":"Gremlin Leader","floor":29,"turns":2}],"seed_played":"4314273941151217556","potions_obtained":[{"floor":1,"key":"Swift Potion"},{"floor":5,"key":"Ancient Potion"},{"floor":7,"key":"SpeedPotion"}],"is_trial":false,"path_per_floor":["M","?","?","M","M","R","M","R","T","R","?","M","$","E","R","B",null,"M","?","M","$","?","E","M","E","T","R","?","E"],"character_chosen":"DEFECT","items_purchased":["Glacier","Molten Egg 2","Capacitor","Fire Potion"],"campfire_rested":2,"item_purchase_floors":[13,13,13,13],"current_hp_per_floor":[52,41,41,41,41,41,28,28,28,50,50,50,50,47,47,42,67,51,51,46,46,46,41,52,11,11,26,20,0],"gold":316,"neow_bonus":"RANDOM_COMMON_RELIC","is_prod":false,"is_daily":false,"chose_seed":false,"campfire_upgraded":3,"win_rate":0,"timestamp":1558726863,"path_taken":["M","?","?","M","M","R","M","R","T","R","?","?","$","E","R","BOSS","M","?","M","$","?","E","M","E","T","R","?","E"],"build_version":"2019-01-23","purchased_purges":1,"victory":false,"max_hp_per_floor":[75,75,75,75,75,75,75,75,75,75,75,75,75,75,75,75,75,75,75,75,75,52,52,52,52,52,52,52,52],"card_choices":[{"not_picked":["Reprogram","Glacier"],"picked":"Sunder","floor":1},{"not_picked":["Static Discharge","Glacier"],"picked":"Defragment","floor":4},{"not_picked":["Conserve Battery","Rebound"],"picked":"Defragment","floor":5},{"not_picked":["Barrage","Sweeping Beam"],"picked":"Cold Snap","floor":7},{"not_picked":["Consume","Compile Driver"],"picked":"Genetic Algorithm","floor":12},{"not_picked":["Hologram","Meteor Strike+1"],"picked":"Auto Shields","floor":14},{"not_picked":["Machine Learning","Biased Cognition"],"picked":"Core Surge+1","floor":16},{"not_picked":["Streamline+1","Steam"],"picked":"Chaos","floor":18},{"not_picked":["Stack+1","Hologram"],"picked":"Capacitor","floor":20},{"not_picked":["Gash+1","Streamline+1"],"picked":"Chaos+1","floor":23},{"not_picked":["Sunder+1","Redo+1"],"picked":"Skim","floor":24},{"not_picked":["Cold Snap+1","Steam"],"picked":"Stack","floor":25},{"not_picked":["Steam+1","Capacitor+1"],"picked":"Defragment","floor":28}],"player_experience":221338,"relics_obtained":[{"floor":9,"key":"Matryoshka"},{"floor":14,"key":"Whetstone"},{"floor":23,"key":"Nunchaku"},{"floor":25,"key":"Calipers"},{"floor":26,"key":"Juzu Bracelet"},{"floor":28,"key":"Red Mask"}],"event_choices":[{"damage_healed":0,"gold_gain":75,"player_choice":"Gather Gold","damage_taken":11,"max_hp_gain":0,"max_hp_loss":0,"event_name":"World of Goop","floor":2,"gold_loss":0},{"cards_removed":["Strike_B"],"damage_healed":0,"gold_gain":0,"player_choice":"Card Removal","damage_taken":0,"max_hp_gain":0,"max_hp_loss":0,"event_name":"The Cleric","floor":3,"gold_loss":50},{"damage_healed":0,"gold_gain":0,"player_choice":"Gave Potion","damage_taken":0,"relics_obtained":["Old Coin"],"max_hp_gain":0,"max_hp_loss":0,"event_name":"WeMeetAgain","floor":11,"gold_loss":0},{"damage_healed":0,"gold_gain":0,"player_choice":"Simplicity","damage_taken":0,"max_hp_gain":0,"max_hp_loss":0,"event_name":"Back to Basics","floor":19,"gold_loss":0,"cards_upgraded":["Strike_B","Defend_B","Defend_B","Defend_B","Defend_B"]},{"damage_healed":0,"gold_gain":0,"player_choice":"Became a vampire","damage_taken":0,"max_hp_gain":0,"max_hp_loss":23,"event_name":"Vampires","floor":22,"gold_loss":0,"cards_obtained":["Bite","Bite","Bite","Bite","Bite"]},{"damage_healed":0,"gold_gain":0,"player_choice":"Fought Bandits","damage_taken":0,"max_hp_gain":0,"max_hp_loss":0,"event_name":"Masked Bandits","floor":28,"gold_loss":0}],"is_beta":false,"boss_relics":[{"not_picked":["Eternal Feather","Tiny House"],"picked":"Sozu"}],"items_purged_floors":[13],"is_endless":false,"potions_floor_spawned":[1,5,7,14,18,23,24],"killed_by":"Gremlin Leader","ascension_level":6}