{"path_per_floor":["M","?","M","M","?","R","E","M","T","$","R","E","?","M","R","B",null,"M","?","M","M","$","E","R","M","T","R","M","$","?","$","R","B",null,"M","?","M","$","M","R","?","E","T","R","$","?","M","$","R","B"],"character_chosen":"DEFECT","items_purchased":["Defragment+1","Steam","Pantograph","EntropicBrew"],"gold_per_floor":[16,16,36,54,154,154,179,194,194,44,44,73,248,263,263,358,358,375,300,319,333,233,268,268,278,278,278,289,262,262,17,17,113,143,159,159,169,71,89,89,89,117,142,142,17,17,37,37,37,37],"floor_reached":51,"campfire_rested":2,"playtime":3113,"item_purchase_floors":[10,29,31,38],"current_hp_per_floor":[72,72,72,66,66,66,52,39,39,39,61,45,45,45,45,25,75,69,69,69,62,62,41,63,51,51,51,48,48,48,48,48,56,80,71,61,42,42,49,49,75,48,48,48,48,48,54,54,54,29],"items_purged":["Strike_B","Strike_B","Dualcast"],"gold":37,"score":946,"play_id":"b64c86c0-d14b-4f5d-a073-971f5fb07b29","local_time":"20180610132239","is_prod":false,"is_daily":false,"chose_seed":false,"is_ascension_mode":true,"campfire_upgraded":7,"win_rate":0,"timestamp":1528651359,"campfire_choices":[{"data":"Zap","floor":6,"key":"SMITH"},{"floor":11,"key":"REST"},{"data":"Static Discharge","floor":15,"key":"SMITH"},{"floor":24,"key":"REST"},{"data":"Hologram","floor":27,"key":"SMITH"},{"data":"Thunder Strike","floor":32,"key":"SMITH"},{"data":"Leap","floor":40,"key":"SMITH"},{"data":"Defragment","floor":44,"key":"SMITH"},{"data":"BootSequence","floor":49,"key":"SMITH"}],"path_taken":["M","?","?","M","?","R","E","M","T","?","R","E","?","M","R","BOSS","M","?","M","?","$","E","R","M","T","R","M","$","?","$","R","BOSS","M","?","?","?","M","R","?","E","T","R","?","?","?","$","R","BOSS"],"build_version":"2018-06-08","seed_source_timestamp":46702908988925,"purchased_purges":3,"victory":true,"master_deck":["Defend_B","Defend_B","Defend_B","Zap+1","Ball Lightning+1","Static Discharge+1","Defragment+1","Ball Lightning","Defragment+1","BootSequence+1","Static Discharge+1","Thunder Strike+1","Capacitor+1","Static Discharge+1","Defragment+1","Hologram+1","Steam","Electrodynamics+1","Leap+1","Self Repair+1","Madness","Madness","Conserve Battery+1"],"max_hp_per_floor":[75,75,75,75,75,75,75,75,75,75,75,75,75,75,75,75,75,75,75,75,75,75,75,75,75,75,75,75,75,75,75,75,75,80,80,80,80,80,80,80,80,80,80,80,80,80,80,80,80,80],"relics":["Cracked Core","Cables","Frozen Egg 2","DataDisk","Velvet Choker","Ice Cream","Oddly Smooth Stone","Pantograph","Tiny House","Emotion Chip","Darkstone Periapt","Vajra"],"card_choices":[{"not_picked":["Compile Driver","Darkness"],"picked":"Ball Lightning","floor":1},{"not_picked":["Tempest","Redo"],"picked":"Static Discharge","floor":3},{"not_picked":["Darkness","Hello World"],"picked":"Defragment","floor":4},{"not_picked":["Amplify","Chill","Lockon"],"picked":"SKIP","floor":7},{"not_picked":["Barrage","Consume"],"picked":"Ball Lightning","floor":8},{"not_picked":["Fusion","Compile Driver"],"picked":"BootSequence","floor":12},{"not_picked":["Redo","Ball Lightning"],"picked":"Static Discharge+1","floor":14},{"not_picked":["Amplify","Rainbow"],"picked":"Thunder Strike","floor":16},{"not_picked":["Coolheaded","Storm+1"],"picked":"Capacitor+1","floor":18},{"not_picked":["Sunder+1","Beam Cell"],"picked":"Static Discharge+1","floor":20},{"not_picked":["Streamline","Leap"],"picked":"Defragment+1","floor":21},{"not_picked":["Hello World+1","Sweeping Beam+1"],"picked":"Hologram","floor":23},{"not_picked":["Ball Lightning","Recycle","Compile Driver"],"picked":"SKIP","floor":25},{"not_picked":["Chaos","Darkness","Gash"],"picked":"SKIP","floor":28},{"not_picked":["Hyperbeam","Rainbow"],"picked":"Electrodynamics+1","floor":33},{"not_picked":["Reprogram+1","Hello World+1"],"picked":"Leap","floor":34},{"not_picked":["Compile Driver","Cold Snap"],"picked":"Self Repair+1","floor":35},{"not_picked":["Skim","BootSequence","Compile Driver"],"picked":"SKIP","floor":37},{"not_picked":["Chill","Genetic Algorithm","Gash+1"],"picked":"SKIP","floor":39},{"not_picked":["Aggregate+1","Steam+1"],"picked":"Conserve Battery+1","floor":41},{"not_picked":["Fusion+1","Amplify","Go for the Eyes"],"picked":"SKIP","floor":42},{"not_picked":["Streamline+1","Rebound+1","Gash+1"],"picked":"SKIP","floor":47}],"player_experience":270205,"potions_floor_usage":[7,16,20,23,35,39,42,50,50,50,50,50],"damage_taken":[{"damage":3,"enemies":"Small Slimes","floor":1,"turns":2},{"damage":0,"enemies":"2 Louse","floor":3,"turns":1},{"damage":6,"enemies":"Jaw Worm","floor":4,"turns":2},{"damage":14,"enemies":"Gremlin Nob","floor":7,"turns":3},{"damage":13,"enemies":"Lots of Slimes","floor":8,"turns":3},{"damage":16,"enemies":"Lagavulin","floor":12,"turns":4},{"damage":0,"enemies":"Looter","floor":14,"turns":2},{"damage":20,"enemies":"Hexaghost","floor":16,"turns":4},{"damage":6,"enemies":"Shell Parasite","floor":18,"turns":3},{"damage":0,"enemies":"Chosen","floor":20,"turns":3},{"damage":7,"enemies":"3 Cultists","floor":21,"turns":2},{"damage":21,"enemies":"Slavers","floor":23,"turns":3},{"damage":12,"enemies":"Centurion and Healer","floor":25,"turns":3},{"damage":3,"enemies":"Cultist and Chosen","floor":28,"turns":3},{"damage":17,"enemies":"Automaton","floor":33,"turns":6},{"damage":9,"enemies":"Flame Bruiser 1 Orb","floor":35,"turns":4},{"damage":19,"enemies":"3 Shapes","floor":37,"turns":3},{"damage":3,"enemies":"Transient","floor":39,"turns":5},{"damage":9,"floor":41,"turns":4},{"damage":37,"enemies":"Giant Head","floor":42,"turns":5},{"damage":4,"enemies":"Sphere and 2 Shapes","floor":47,"turns":3},{"damage":60,"enemies":"Awakened One","floor":50,"turns":6}],"relics_obtained":[{"floor":7,"key":"Cables"},{"floor":9,"key":"Frozen Egg 2"},{"floor":12,"key":"DataDisk"},{"floor":23,"key":"Ice Cream"},{"floor":26,"key":"Oddly Smooth Stone"},{"floor":41,"key":"Emotion Chip"},{"floor":42,"key":"Darkstone Periapt"},{"floor":43,"key":"Vajra"}],"event_choices":[{"event_name":"Living Wall","player_choice":"Forget","floor":2,"damage_taken":0},{"event_name":"Golden Shrine","player_choice":"Pray","floor":5,"damage_taken":0},{"event_name":"Liars Game","player_choice":"agreed","floor":13,"damage_taken":0},{"event_name":"Beggar","player_choice":"Gave Gold","floor":19,"damage_taken":0},{"event_name":"The Woman in Blue","player_choice":"Bought 0 Potions","floor":30,"damage_taken":0},{"event_name":"Winding Halls","player_choice":"Embrace Madness","floor":36,"damage_taken":0},{"event_name":"MindBloom","player_choice":"Fight","floor":41,"damage_taken":0},{"event_name":"Mysterious Sphere","player_choice":"Ignore","floor":46,"damage_taken":0}],"boss_relics":[{"not_picked":["Snecko Eye","White Beast Statue"],"picked":"Velvet Choker"},{"not_picked":["Runic Dome","Astrolabe"],"picked":"Tiny House"}],"items_purged_floors":[10,22,45],"potions_floor_spawned":[3,7,12,14,16,20,28,33,39,41],"seed_played":"3497610791351922233","ascension_level":1,"potions_obtained":[{"floor":3,"key":"PowerPotion"},{"floor":7,"key":"PowerPotion"},{"floor":12,"key":"Poison Potion"},{"floor":14,"key":"FocusPotion"},{"floor":16,"key":"SkillPotion"},{"floor":20,"key":"Block Potion"},{"floor":28,"key":"SpeedPotion"},{"floor":33,"key":"Ancient Potion"},{"floor":34,"key":"Fire Potion"},{"floor":39,"key":"Fire Potion"}],"is_trial":false}