{"gold_per_floor":[118,393,407,426,17,45,45,79,79,61,73,73,38,51,51,149,149,164,183,202,220,237,237,264,283,359,359,359,331,357,376,376,478,478,491,326,326,40,58,73,122,177,177,203,203,223,237,237],"floor_reached":48,"playtime":6582,"items_purged":["Regret","Strike_G"],"score":541,"play_id":"db261c88-d39b-4243-99a9-b8ed12c73284","local_time":"20190524144231","is_ascension_mode":false,"campfire_choices":[{"floor":7,"key":"REST"},{"floor":15,"key":"REST"},{"data":"Catalyst","floor":23,"key":"SMITH"},{"floor":27,"key":"REST"},{"floor":32,"key":"REST"},{"floor":45,"key":"RECALL"}],"neow_cost":"PERCENT_DAMAGE","seed_source_timestamp":531087866150607,"circlet_count":0,"master_deck":["Defend_G","Defend_G","Defend_G","Defend_G","Defend_G","Strike_G","Strike_G","Strike_G","Strike_G","Survivor","Neutralize","Crippling Poison","Noxious Fumes","Noxious Fumes","Backflip","Catalyst+1","Footwork","Well Laid Plans","Caltrops","Corpse Explosion","Footwork","Deadly Poison+1","Bouncing Flask","Backflip","Backflip","Blur","Envenom","Adrenaline","Predator","Blur","Quick Slash+1","Distraction+1","Heel Hook","Footwork+1"],"relics":["Ring of the Snake","Thread and Needle","Matryoshka","Potion Belt","Pear","Regal Pillow","Pantograph","Sozu","Bottled Lightning","Centennial Puzzle","The Courier","Oddly Smooth Stone","Coffee Dripper","Medical Kit","Mercury Hourglass","Shovel","Dream Catcher","StoneCalendar","Toxic Egg 2"],"potions_floor_usage":[8,11,14,33],"damage_taken":[{"damage":0,"enemies":"2 Louse","floor":1,"turns":2},{"damage":3,"enemies":"Cultist","floor":3,"turns":5},{"damage":4,"enemies":"Jaw Worm","floor":4,"turns":5},{"damage":29,"enemies":"Gremlin Nob","floor":6,"turns":6},{"damage":6,"enemies":"3 Sentries","floor":8,"turns":6},{"damage":11,"enemies":"Exordium Thugs","floor":10,"turns":5},{"damage":1,"enemies":"Gremlin Gang","floor":11,"turns":4},{"damage":0,"enemies":"Looter","floor":14,"turns":5},{"damage":6,"enemies":"The Guardian","floor":16,"turns":10},{"damage":4,"enemies":"Chosen","floor":18,"turns":6},{"damage":10,"enemies":"3 Byrds","floor":19,"turns":3},{"damage":6,"enemies":"Shelled Parasite and Fungi","floor":20,"turns":4},{"damage":0,"enemies":"Centurion and Healer","floor":21,"turns":5},{"damage":12,"enemies":"Snake Plant","floor":22,"turns":6},{"damage":8,"enemies":"Slavers","floor":24,"turns":4},{"damage":28,"enemies":"Snecko","floor":25,"turns":6},{"damage":11,"enemies":"Book of Stabbing","floor":30,"turns":6},{"damage":8,"enemies":"Centurion and Healer","floor":31,"turns":4},{"damage":50,"enemies":"Collector","floor":33,"turns":7},{"damage":2,"enemies":"3 Shapes","floor":35,"turns":2},{"damage":0,"enemies":"Orb Walker","floor":39,"turns":3},{"damage":0,"enemies":"3 Darklings","floor":40,"turns":3},{"damage":16,"enemies":"2 Orb Walkers","floor":41,"turns":4},{"damage":19,"enemies":"Reptomancer","floor":44,"turns":7},{"damage":13,"enemies":"Jaw Worm Horde","floor":46,"turns":3},{"damage":13,"enemies":"4 Shapes","floor":47,"turns":3},{"damage":19,"enemies":"Writhing Mass","floor":48,"turns":2}],"seed_played":"-1625027703365113596","potions_obtained":[{"floor":4,"key":"Weak Potion"},{"floor":6,"key":"Ancient Potion"},{"floor":10,"key":"Block Potion"},{"floor":11,"key":"AttackPotion"}],"is_trial":false,"path_per_floor":["M","?","M","M","$","E","R","E","T","M","M","?","$","M","R","B",null,"M","M","M","M","M","R","E","M","T","R","?","$","E","M","R","B",null,"M","$","?","$","M","M","?","T","T","E","R","M","M","M"],"character_chosen":"THE_SILENT","items_purchased":["Matryoshka","Noxious Fumes","Backflip","Caltrops","Blur","Medical Kit","Mercury Hourglass"],"campfire_rested":4,"item_purchase_floors":[5,5,5,13,29,36,38],"current_hp_per_floor":[49,49,46,42,42,13,34,38,38,27,26,14,14,14,53,72,80,76,66,60,60,48,48,40,12,12,51,42,42,31,23,62,30,80,78,78,78,78,78,78,62,62,62,43,43,30,17,0],"gold":237,"neow_bonus":"ONE_RARE_RELIC","is_prod":false,"is_daily":false,"chose_seed":false,"campfire_upgraded":1,"win_rate":0,"timestamp":1558734151,"path_taken":["M","?","M","M","$","E","R","E","T","M","?","?","?","?","R","BOSS","M","M","?","M","M","R","E","M","T","R","?","$","E","M","R","BOSS","M","$","?","$","M","M","?","?","T","E","R","M","?","M"],"build_version":"2019-01-23","purchased_purges":2,"victory":false,"max_hp_per_floor":[70,70,70,70,70,70,70,80,80,80,80,80,80,80,80,80,80,80,80,80,80,80,80,80,80,80,80,80,80,80,80,80,80,80,80,80,80,80,80,80,80,80,80,80,80,80,80,80],"card_choices":[{"not_picked":["Outmaneuver","Leg Sweep"],"picked":"Crippling Poison","floor":1},{"not_picked":["Bane","Slice","All Out Attack"],"picked":"SKIP","floor":3},{"not_picked":["Distraction","All Out Attack"],"picked":"Noxious Fumes","floor":4},{"not_picked":["Blade Dance","Dagger Throw"],"picked":"Catalyst","floor":6},{"not_picked":["Quick Slash","Accuracy"],"picked":"Footwork","floor":8},{"not_picked":["Blur","Poisoned Stab"],"picked":"Well Laid Plans","floor":10},{"not_picked":["Expertise","Underhanded Strike","Phantasmal Killer"],"picked":"SKIP","floor":11},{"not_picked":["Dagger Throw","Endless Agony","Backstab"],"picked":"SKIP","floor":14},{"not_picked":["Glass Knife","Tools of the Trade"],"picked":"Corpse Explosion","floor":16},{"not_picked":["Reflex+1","Deflect","Masterful Stab"],"picked":"SKIP","floor":18},{"not_picked":["Dagger Throw+1","PiercingWail"],"picked":"Footwork","floor":19},{"not_picked":["Poisoned Stab+1","Outmaneuver"],"picked":"Deadly Poison+1","floor":20},{"not_picked":["Riddle With Holes+1","Slice","PiercingWail"],"picked":"SKIP","floor":21},{"not_picked":["Riddle With Holes","Expertise+1"],"picked":"Bouncing Flask","floor":22},{"not_picked":["Riddle With Holes","Flying Knee+1"],"picked":"Backflip","floor":24},{"not_picked":["Leg Sweep","Choke+1"],"picked":"Backflip","floor":25},{"not_picked":["Underhanded Strike","Poisoned Stab+1","Calculated Gamble"],"picked":"SKIP","floor":30},{"not_picked":["Quick Slash","Outmaneuver+1"],"picked":"Envenom","floor":31},{"not_picked":["Storm of Steel","Die Die Die"],"picked":"Adrenaline","floor":33},{"not_picked":["Acrobatics","Flechettes"],"picked":"Predator","floor":35},{"not_picked":["Underhanded Strike","Well Laid Plans+1"],"picked":"Blur","floor":39},{"not_picked":["Underhanded Strike","Well Laid Plans"],"picked":"Quick Slash+1","floor":40},{"not_picked":["Dagger Spray+1","Deflect"],"picked":"Distraction","floor":44},{"not_picked":["Quick Slash+1","Acrobatics+1"],"picked":"Heel Hook","floor":46},{"not_picked":["Dagger Throw+1","Poisoned Stab"],"picked":"Footwork+1","floor":47}],"player_experience":78217,"relics_obtained":[{"floor":6,"key":"Potion Belt"},{"floor":8,"key":"Pear"},{"floor":9,"key":"Regal Pillow"},{"floor":24,"key":"Bottled Lightning"},{"floor":26,"key":"Centennial Puzzle"},{"floor":26,"key":"The Courier"},{"floor":30,"key":"Oddly Smooth Stone"},{"floor":41,"key":"Shovel"},{"floor":42,"key":"Dream Catcher"},{"floor":43,"key":"StoneCalendar"},{"floor":44,"key":"Toxic Egg 2"}],"event_choices":[{"damage_healed":0,"gold_gain":275,"player_choice":"Desecrate","damage_taken":0,"max_hp_gain":0,"max_hp_loss":0,"event_name":"Golden Shrine","floor":2,"gold_loss":0,"cards_obtained":["Regret"]},{"damage_healed":0,"gold_gain":0,"player_choice":"Success","damage_taken":12,"relics_obtained":["Pantograph"],"max_hp_gain":0,"max_hp_loss":0,"event_name":"Scrap Ooze","floor":12,"gold_loss":0},{"damage_healed":0,"gold_gain":0,"player_choice":"Stopped","damage_taken":9,"max_hp_gain":0,"max_hp_loss":0,"event_name":"Cursed Tome","floor":28,"gold_loss":0},{"damage_healed":0,"gold_gain":0,"player_choice":"Ignored","damage_taken":0,"max_hp_gain":0,"max_hp_loss":0,"event_name":"Tomb of Lord Red Mask","floor":37,"gold_loss":0},{"damage_healed":0,"gold_gain":0,"player_choice":"Fight","damage_taken":0,"max_hp_gain":0,"max_hp_loss":0,"event_name":"Mysterious Sphere","floor":41,"gold_loss":0}],"is_beta":false,"boss_relics":[{"not_picked":["Ectoplasm","Snecko Eye"],"picked":"Sozu"},{"not_picked":["Astrolabe","Tiny House"],"picked":"Coffee Dripper"}],"items_purged_floors":[5,38],"is_endless":false,"potions_floor_spawned":[4,6,10,11,20,24,30,31,40,41,44,47],"killed_by":"Writhing Mass","ascension_level":0}