{"gold_per_floor":[114,64,139,139,139,153,16,16,16,34,10,36,36,12,12,107,107,32,32,0,0,0,0,0,0,0,0,0,0,0,0,0,0,0,0,0,0,0,0,0,0,0,0,0,0,0,0,0,0,0],"floor_reached":51,"playtime":2344,"items_purged":[],"score":670,"play_id":"ab475a26-ee69-439c-91ff-e875686812d6","local_time":"20190130183502","is_ascension_mode":false,"campfire_choices":[{"data":"Neutralize","floor":8.0,"key":"SMITH"},{"floor":13.0,"key":"REST"},{"data":"Caltrops","floor":15.0,"key":"SMITH"},{"data":"Dodge and Roll","floor":23,"key":"SMITH"},{"data":"Dodge and Roll","floor":27,"key":"SMITH"},{"floor":29,"key":"REST"},{"data":"J.A.X.","floor":32,"key":"SMITH"},{"data":"A Thousand Cuts","floor":40,"key":"SMITH"},{"data":"Envenom","floor":44,"key":"SMITH"},{"data":"Tools of the Trade","floor":46,"key":"SMITH"},{"floor":49,"key":"REST"}],"neow_cost":"NONE","seed_source_timestamp":418219442241500,"circlet_count":0,"master_deck":["Defend_G","Defend_G","Defend_G","Strike_G","Strike_G","Strike_G","Survivor","Neutralize+1","PiercingWail","Caltrops+1","Dramatic Entrance","Prepared","Acrobatics","Slice","Outmaneuver","Outmaneuver","Envenom+1","Blade Dance+1","Dodge and Roll+1","Cloak And Dagger+1","J.A.X.+1","Dodge and Roll+1","Tools of the Trade+1","A Thousand Cuts+1","Deadly Poison+1","Underhanded Strike+1","Backflip+1","Caltrops+1","Terror","Leg Sweep+1","Backstab","Finisher+1","Blur+1"],"special_seed":0,"relics":["Ring of the Snake","Shuriken","Letter Opener","Boot","Meat on the Bone","Ectoplasm","Tough Bandages","Pantograph","Blood Vial","Happy Flower","Astrolabe","Ice Cream","Bag of Preparation","Red Mask"],"potions_floor_usage":[19,19,33,33,39,45,50,50],"damage_taken":[{"damage":0.0,"enemies":"Jaw Worm","floor":1.0,"turns":6.0},{"damage":0.0,"enemies":"2 Louse","floor":6.0,"turns":4.0},{"damage":0.0,"enemies":"Small Slimes","floor":10.0,"turns":3.0},{"damage":19.0,"enemies":"Lagavulin","floor":12.0,"turns":9.0},{"damage":27.0,"enemies":"Hexaghost","floor":16.0,"turns":11.0},{"damage":17.0,"enemies":"2 Thieves","floor":18.0,"turns":4.0},{"damage":16,"enemies":"Colosseum Slavers","floor":19,"turns":4},{"damage":42,"enemies":"Colosseum Nobs","floor":19,"turns":7},{"damage":0,"enemies":"3 Byrds","floor":21,"turns":3},{"damage":3,"enemies":"Centurion and Healer","floor":24,"turns":7},{"damage":3,"enemies":"Snake Plant","floor":30,"turns":4},{"damage":18,"enemies":"Cultist and Chosen","floor":31,"turns":7},{"damage":19,"enemies":"Collector","floor":33,"turns":9},{"damage":4,"enemies":"Orb Walker","floor":35,"turns":4},{"damage":7,"enemies":"3 Shapes","floor":36,"turns":2},{"damage":11,"enemies":"Mind Bloom Boss Battle","floor":37,"turns":7},{"damage":5,"enemies":"3 Darklings","floor":39,"turns":4},{"damage":0,"enemies":"4 Shapes","floor":41,"turns":4},{"damage":24,"enemies":"Transient","floor":42,"turns":5},{"damage":13,"enemies":"Spire Growth","floor":45,"turns":4},{"damage":3,"enemies":"4 Shapes","floor":48,"turns":3},{"damage":59,"enemies":"Awakened One","floor":50,"turns":10}],"seed_played":"8492081545461442750","potions_obtained":[{"floor":0.0,"key":"FairyPotion"},{"floor":0.0,"key":"Fruit Juice"},{"floor":0.0,"key":"SpeedPotion"},{"floor":6.0,"key":"Energy Potion"},{"floor":18.0,"key":"GhostInAJar"},{"floor":21,"key":"LiquidBronze"},{"floor":30,"key":"Strength Potion"},{"floor":35,"key":"SkillPotion"},{"floor":37,"key":"Weak Potion"},{"floor":39,"key":"LiquidBronze"},{"floor":45,"key":"Swift Potion"}],"is_trial":false,"path_per_floor":["M","?","?","?","T","M","$","R","T","M","$","E","R","$","R","B",null,"M","?","?","M","?","R","M","T","T","R","?","R","M","M","R","B",null,"M","M","?","?","M","R","M","M","T","R","M","R","?","M","R","B",null],"character_chosen":"THE_SILENT","items_purchased":["Dramatic Entrance","Prepared","Slice","Outmaneuver"],"campfire_rested":3,"item_purchase_floors":[7,7,11,14],"current_hp_per_floor":[70,70,59,47,47,52,52,52,52,52,52,33,55,55,55,40,75,58,19,19,31,31,31,40,40,40,40,26,50,49,45,45,53,80,76,71,69,69,66,66,68,46,46,46,47,47,47,46,70,33],"gold":0,"neow_bonus":"THREE_SMALL_POTIONS","is_prod":false,"is_daily":false,"chose_seed":false,"campfire_upgraded":8,"win_rate":0,"timestamp":1548891302,"path_taken":["M","?","?","?","?","M","?","R","T","M","$","E","R","$","R","BOSS","M","?","?","M","?","R","?","?","T","R","?","R","M","M","R","BOSS","M","M","?","?","?","R","M","M","T","R","?","R","?","M","R","BOSS"],"build_version":"2019-01-23","purchased_purges":0,"victory":true,"max_hp_per_floor":[70,70,70,70,70,75,75,75,75,75,75,75,75,75,75,75,75,75,75,75,75,75,75,75,75,75,75,80,80,80,80,80,80,80,80,80,80,80,80,80,80,80,80,80,80,80,80,80,80,80],"card_choices":[{"not_picked":["Masterful Stab","Bane"],"picked":"PiercingWail","floor":1.0},{"not_picked":["Dash","Prepared"],"picked":"Caltrops","floor":6.0},{"not_picked":["Masterful Stab","Deflect"],"picked":"Acrobatics","floor":10.0},{"not_picked":["Sucker Punch","All Out Attack"],"picked":"Outmaneuver","floor":12.0},{"not_picked":["Tools of the Trade","A Thousand Cuts"],"picked":"Envenom","floor":16.0},{"not_picked":["Flying Knee+1","Accuracy"],"picked":"Blade Dance+1","floor":18.0},{"not_picked":["Deflect","Well Laid Plans+1"],"picked":"Dodge and Roll","floor":19},{"not_picked":["Slice","Blur"],"picked":"Cloak And Dagger+1","floor":21},{"not_picked":["Acrobatics","Dagger Throw"],"picked":"Dodge and Roll","floor":24},{"not_picked":["Quick Slash+1","Deflect","Dagger Throw"],"picked":"SKIP","floor":30},{"not_picked":["Underhanded Strike","Slice"],"picked":"Tools of the Trade","floor":31},{"not_picked":["Envenom","Wraith Form v2"],"picked":"A Thousand Cuts","floor":33},{"not_picked":["Poisoned Stab","Prepared","Reflex+1"],"picked":"SKIP","floor":35},{"not_picked":["Deadly Poison","Outmaneuver+1"],"picked":"Caltrops+1","floor":36},{"not_picked":["Bouncing Flask","Dash"],"picked":"Terror","floor":37},{"not_picked":["Bane","Deflect+1"],"picked":"Leg Sweep+1","floor":39},{"not_picked":["Deflect","Slice+1"],"picked":"Backstab","floor":41},{"not_picked":["Acrobatics","Flying Knee+1"],"picked":"Finisher+1","floor":42},{"not_picked":["Tactician","Quick Slash+1","Flying Knee+1"],"picked":"SKIP","floor":45},{"not_picked":["Outmaneuver+1","Flying Knee+1"],"picked":"Blur+1","floor":48}],"player_experience":548859,"relics_obtained":[{"floor":5.0,"key":"Letter Opener"},{"floor":9.0,"key":"Boot"},{"floor":12.0,"key":"Meat on the Bone"},{"floor":19,"key":"Tough Bandages"},{"floor":19,"key":"Pantograph"},{"floor":25,"key":"Blood Vial"},{"floor":26,"key":"Happy Flower"},{"floor":37,"key":"Ice Cream"},{"floor":43,"key":"Bag of Preparation"}],"event_choices":[{"cards_removed":["Strike_G"],"damage_healed":0.0,"max_hp_gain":0.0,"max_hp_loss":0.0,"gold_gain":0.0,"event_name":"The Cleric","player_choice":"Card Removal","floor":2.0,"gold_loss":50.0,"damage_taken":0.0},{"damage_healed":0.0,"max_hp_gain":0.0,"max_hp_loss":0.0,"gold_gain":75.0,"event_name":"World of Goop","player_choice":"Gather Gold","floor":3.0,"gold_loss":0.0,"damage_taken":11.0},{"damage_healed":0.0,"max_hp_gain":0.0,"max_hp_loss":0.0,"gold_gain":0.0,"event_name":"Scrap Ooze","player_choice":"Success","floor":4.0,"gold_loss":0.0,"damage_taken":12.0,"relics_obtained":["Shuriken"]},{"damage_healed":0,"gold_gain":0,"player_choice":"Fight","damage_taken":0,"max_hp_gain":0,"max_hp_loss":0,"event_name":"Colosseum","floor":19,"gold_loss":0},{"damage_healed":0,"gold_gain":0,"player_choice":"Fought Nobs","damage_taken":0,"max_hp_gain":0,"max_hp_loss":0,"event_name":"Colosseum","floor":19,"gold_loss":0},{"damage_healed":0,"gold_gain":0,"player_choice":"Paid Fearfully","damage_taken":0,"max_hp_gain":0,"max_hp_loss":0,"event_name":"Masked Bandits","floor":20,"gold_loss":32},{"damage_healed":0,"gold_gain":0,"player_choice":"Obtain J.A.X.","damage_taken":0,"max_hp_gain":0,"max_hp_loss":0,"event_name":"Drug Dealer","floor":22,"gold_loss":0,"cards_obtained":["J.A.X."]},{"damage_healed":0,"gold_gain":0,"player_choice":"Shed Blood","damage_taken":19,"max_hp_gain":5,"max_hp_loss":0,"event_name":"Forgotten Altar","floor":28,"gold_loss":0},{"damage_healed":0,"gold_gain":0,"player_choice":"Fight","damage_taken":0,"max_hp_gain":0,"max_hp_loss":0,"event_name":"MindBloom","floor":37,"gold_loss":0},{"damage_healed":0,"gold_gain":0,"player_choice":"Ignored","damage_taken":0,"max_hp_gain":0,"max_hp_loss":0,"event_name":"SecretPortal","floor":38,"gold_loss":0},{"damage_healed":0,"gold_gain":0,"player_choice":"Paid","damage_taken":0,"relics_obtained":["Red Mask"],"max_hp_gain":0,"max_hp_loss":0,"event_name":"Tomb of Lord Red Mask","floor":47,"gold_loss":0}],"is_beta":true,"boss_relics":[{"not_picked":["Coffee Dripper","Runic Dome"],"picked":"Ectoplasm"},{"not_picked":["Calling Bell","Sozu"],"picked":"Astrolabe"}],"items_purged_floors":[],"is_endless":false,"potions_floor_spawned":[6,12,18,19,21,30,35,37,39,45],"ascension_level":0}