{"gold_per_floor":[117,68,83,100,113,113,126,126,126,126,126],"floor_reached":11,"playtime":442,"items_purged":[],"score":65,"play_id":"519e156c-b787-42e3-b07e-ceb71c984019","local_time":"20181107010451","is_ascension_mode":false,"campfire_choices":[{"floor":6,"key":"REST"},{"data":"Night Terror","floor":8,"key":"SMITH"}],"neow_cost":"NONE","seed_source_timestamp":387317239982627,"circlet_count":0,"master_deck":["Defend_G","Defend_G","Defend_G","Defend_G","Defend_G","Strike_G","Strike_G","Strike_G","Strike_G","Strike_G","Survivor","Neutralize","Burst","PiercingWail","Blade Dance","Outmaneuver","Well Laid Plans","Distraction","Night Terror+1"],"relics":["Ring of the Snake","Sundial"],"potions_floor_usage":[5,11,11],"damage_taken":[{"damage":1,"enemies":"Cultist","floor":1,"turns":5},{"damage":0,"enemies":"2 Louse","floor":3,"turns":2},{"damage":0,"enemies":"Jaw Worm","floor":4,"turns":4},{"damage":13,"enemies":"Lots of Slimes","floor":5,"turns":4},{"damage":7,"enemies":"Blue Slaver","floor":7,"turns":6},{"damage":50,"enemies":"Gremlin Nob","floor":11,"turns":6}],"seed_played":"1536143955353703067","potions_obtained":[{"floor":1,"key":"LiquidBronze"},{"floor":5,"key":"Swift Potion"},{"floor":7,"key":"Energy Potion"}],"is_trial":false,"path_per_floor":["M","$","M","M","M","R","M","R","T","?","E"],"character_chosen":"THE_SILENT","items_purchased":["Blade Dance"],"campfire_rested":1,"item_purchase_floors":[2],"current_hp_per_floor":[69,69,69,69,56,70,63,63,63,63,13],"gold":126,"neow_bonus":"ONE_RANDOM_RARE_CARD","is_prod":false,"is_daily":false,"chose_seed":false,"campfire_upgraded":1,"win_rate":0,"timestamp":1541523891,"path_taken":["M","$","M","?","?","R","M","R","T","?","E"],"build_version":"2018-11-01","purchased_purges":0,"victory":false,"max_hp_per_floor":[70,70,70,70,70,70,70,70,70,70,70],"card_choices":[{"not_picked":["Slice","Expertise"],"picked":"PiercingWail","floor":1},{"not_picked":["Underhanded Strike","Expertise"],"picked":"Outmaneuver","floor":3},{"not_picked":["Deadly Poison","Acrobatics"],"picked":"Well Laid Plans","floor":4},{"not_picked":["Acrobatics","Backstab"],"picked":"Distraction","floor":5},{"not_picked":["Choke","PiercingWail"],"picked":"Night Terror","floor":7}],"player_experience":424978,"relics_obtained":[{"floor":9,"key":"Sundial"}],"event_choices":[{"damage_healed":0,"gold_gain":0,"player_choice":"Ignored","damage_taken":0,"max_hp_gain":0,"max_hp_loss":0,"event_name":"Golden Idol","floor":10,"gold_loss":0}],"is_beta":false,"boss_relics":[],"items_purged_floors":[],"is_endless":false,"potions_floor_spawned":[1,5,7],"killed_by":"Gremlin Nob","ascension_level":0}