{"gold_per_floor":[117,131,145,164,8,33,33,63,63,63,91,108,108,128,128,230,230,217,229,244,11,30,30,30,65,65,77,77,77,77,16,16,113,113,127,142,142,159,171,197,209,209],"floor_reached":42,"playtime":3434,"items_purged":["Defend_B"],"score":496,"play_id":"e2d60318-9c91-4ad3-9568-de24aeca2193","local_time":"20190105181949","is_ascension_mode":true,"campfire_choices":[{"floor":10,"key":"REST"},{"data":"Chaos","floor":15,"key":"SMITH"},{"data":"Multi-Cast","floor":23,"key":"SMITH"},{"floor":30,"key":"REST"},{"floor":32,"key":"REST"}],"neow_cost":"NONE","seed_source_timestamp":93581717429658,"circlet_count":0,"master_deck":["Strike_B","Strike_B","Strike_B","Defend_B","Defend_B","Defend_B","Zap","Dualcast","Conserve Battery","Chaos+1","Gash","Hologram","Coolheaded","Core Surge","Genetic Algorithm","Glacier","Capacitor","Cold Snap","Cold Snap","Multi-Cast+1","Ball Lightning","Tempest+1","Seek","Parasite","Double Energy","Rainbow","Cold Snap+1","Machine Learning","Parasite","Rebound+1","Consume+1"],"relics":["Cracked Core","Boot","Oddly Smooth Stone","Bronze Scales","Sundial","Cursed Key","Membership Card","Regal Pillow","The Courier","DataDisk","Busted Crown","Question Card"],"potions_floor_usage":[4,6,14,19,20,25,33,36,38,40],"damage_taken":[{"damage":0,"enemies":"2 Louse","floor":1,"turns":3},{"damage":0,"enemies":"Small Slimes","floor":2,"turns":3},{"damage":0,"enemies":"Cultist","floor":3,"turns":3},{"damage":3,"enemies":"Red Slaver","floor":4,"turns":5},{"damage":13,"enemies":"Gremlin Nob","floor":6,"turns":5},{"damage":21,"enemies":"3 Sentries","floor":8,"turns":10},{"damage":6,"enemies":"Lagavulin","floor":11,"turns":9},{"damage":5,"enemies":"Exordium Thugs","floor":12,"turns":4},{"damage":0,"enemies":"Exordium Wildlife","floor":14,"turns":4},{"damage":10,"enemies":"The Guardian","floor":16,"turns":13},{"damage":0,"enemies":"2 Thieves","floor":18,"turns":4},{"damage":10,"enemies":"Chosen","floor":19,"turns":3},{"damage":0,"enemies":"Shelled Parasite and Fungi","floor":20,"turns":6},{"damage":14,"enemies":"3 Cultists","floor":22,"turns":6},{"damage":29,"enemies":"Gremlin Leader","floor":25,"turns":6},{"damage":0,"enemies":"Cultist and Chosen","floor":27,"turns":4},{"damage":46,"enemies":"Collector","floor":33,"turns":14},{"damage":19,"enemies":"3 Darklings","floor":35,"turns":7},{"damage":0,"enemies":"Orb Walker","floor":36,"turns":2},{"damage":10,"enemies":"4 Shapes","floor":38,"turns":4},{"damage":4,"enemies":"Writhing Mass","floor":39,"turns":5},{"damage":12,"enemies":"Reptomancer","floor":40,"turns":7},{"damage":34,"enemies":"3 Darklings","floor":41,"turns":5},{"damage":5,"enemies":"Jaw Worm Horde","floor":42,"turns":1}],"seed_played":"-5723894123635495382","potions_obtained":[{"floor":3,"key":"SpeedPotion"},{"floor":4,"key":"Block Potion"},{"floor":11,"key":"Strength Potion"},{"floor":12,"key":"FocusPotion"},{"floor":16,"key":"SkillPotion"},{"floor":19,"key":"EssenceOfSteel"},{"floor":25,"key":"LiquidBronze"},{"floor":27,"key":"Weak Potion"},{"floor":35,"key":"SkillPotion"},{"floor":36,"key":"Fire Potion"}],"is_trial":false,"path_per_floor":["M","M","M","M","$","E","?","E","T","R","E","M","?","M","R","B",null,"M","M","M","$","M","R","?","E","T","M","?","?","R","$","R","B",null,"M","M","?","M","M","E","M","M"],"character_chosen":"DEFECT","items_purchased":["Core Surge","Membership Card","DataDisk"],"campfire_rested":3,"item_purchase_floors":[5,21,31],"current_hp_per_floor":[75,75,75,72,72,59,52,31,31,53,47,42,42,42,42,32,75,75,65,65,65,51,51,51,22,22,22,22,8,47,47,80,34,80,61,61,61,51,47,35,1,0],"gold":209,"neow_bonus":"THREE_CARDS","is_prod":false,"is_daily":false,"chose_seed":false,"campfire_upgraded":2,"win_rate":0,"timestamp":1546701589,"path_taken":["M","M","M","M","$","E","?","E","T","R","E","M","?","M","R","BOSS","M","M","M","$","M","R","?","E","T","M","?","?","R","$","R","BOSS","M","M","?","?","M","E","M","M"],"build_version":"2019-01-03v4","purchased_purges":1,"victory":false,"max_hp_per_floor":[75,75,75,75,75,75,75,75,75,75,75,75,75,75,75,75,75,75,75,75,75,75,75,75,75,75,75,75,80,80,80,80,80,80,80,80,80,80,80,80,80,80],"card_choices":[{"not_picked":["Hello World","FTL"],"picked":"Conserve Battery","floor":0},{"not_picked":["Stack","Undo"],"picked":"Chaos","floor":1},{"not_picked":["Steam Power","Storm"],"picked":"Gash","floor":2},{"not_picked":["Conserve Battery","Stack"],"picked":"Hologram","floor":3},{"not_picked":["Compile Driver","Turbo"],"picked":"Coolheaded","floor":4},{"not_picked":["Leap","Rebound"],"picked":"Genetic Algorithm","floor":6},{"not_picked":["Turbo","Leap"],"picked":"Glacier","floor":8},{"not_picked":["Barrage","Sweeping Beam"],"picked":"Capacitor","floor":11},{"not_picked":["Blizzard","Darkness"],"picked":"Cold Snap","floor":12},{"not_picked":["BootSequence","Meteor Strike"],"picked":"Cold Snap","floor":14},{"not_picked":["Thunder Strike","Meteor Strike"],"picked":"Multi-Cast","floor":16},{"not_picked":["Compile Driver","Streamline+1"],"picked":"Ball Lightning","floor":18},{"not_picked":["Hologram","Steam","White Noise"],"picked":"SKIP","floor":19},{"not_picked":["Coolheaded","Glacier","Steam Power"],"picked":"SKIP","floor":20},{"not_picked":["Leap","Compile Driver+1"],"picked":"Tempest+1","floor":22},{"not_picked":["BootSequence+1","Auto Shields+1"],"picked":"Seek","floor":25},{"not_picked":["Chill+1","Tempest+1"],"picked":"Double Energy","floor":27},{"not_picked":["Fission","Seek"],"picked":"Rainbow","floor":33},{"not_picked":[],"picked":"Cold Snap+1","floor":35},{"not_picked":["Barrage"],"picked":"SKIP","floor":36},{"not_picked":["Fusion+1"],"picked":"SKIP","floor":38},{"not_picked":["Doom and Gloom"],"picked":"SKIP","floor":39},{"not_picked":[],"picked":"Rebound+1","floor":40},{"not_picked":["Skim"],"picked":"Consume+1","floor":41}],"player_experience":533920,"relics_obtained":[{"floor":6,"key":"Boot"},{"floor":8,"key":"Oddly Smooth Stone"},{"floor":9,"key":"Bronze Scales"},{"floor":11,"key":"Sundial"},{"floor":25,"key":"Regal Pillow"},{"floor":26,"key":"The Courier"},{"floor":40,"key":"Question Card"}],"event_choices":[{"cards_removed":["Strike_B"],"damage_healed":0,"gold_gain":0,"player_choice":"Card Removal","damage_taken":7,"max_hp_gain":0,"max_hp_loss":0,"event_name":"Golden Wing","floor":7,"gold_loss":0},{"damage_healed":0,"gold_gain":0,"player_choice":"Ignored","damage_taken":0,"max_hp_gain":0,"max_hp_loss":0,"event_name":"Liars Game","floor":13,"gold_loss":0},{"damage_healed":0,"gold_gain":0,"player_choice":"Ignored","damage_taken":0,"max_hp_gain":0,"max_hp_loss":0,"event_name":"Beggar","floor":24,"gold_loss":0},{"damage_healed":0,"gold_gain":0,"player_choice":"Ignored","damage_taken":0,"max_hp_gain":0,"max_hp_loss":0,"event_name":"The Mausoleum","floor":28,"gold_loss":0},{"damage_healed":0,"gold_gain":0,"player_choice":"Shed Blood","damage_taken":19,"max_hp_gain":5,"max_hp_loss":0,"event_name":"Forgotten Altar","floor":29,"gold_loss":0},{"damage_healed":0,"gold_gain":0,"player_choice":"1 cards matched","damage_taken":0,"max_hp_gain":0,"max_hp_loss":0,"event_name":"Match and Keep!","floor":37,"gold_loss":0,"cards_obtained":["Machine Learning"]}],"is_beta":false,"boss_relics":[{"not_picked":["White Beast Statue","Ectoplasm"],"picked":"Cursed Key"},{"not_picked":["Fusion Hammer","Philosopher\u0027s Stone"],"picked":"Busted Crown"}],"items_purged_floors":[21],"is_endless":false,"potions_floor_spawned":[3,4,11,12,16,19,25,27,35,36],"killed_by":"Jaw Worm Horde","ascension_level":1}