{"gold_per_floor":[111,111,111,32,51,91,91,126,126,126,140,140,140,174,174,273,273,297,347,62,87,87,87,101,101,101,101,117,117,135,159,159,257,257,281,281,281,281,40,40,40],"floor_reached":41,"playtime":1631,"items_purged":["Strike_B","Decay"],"score":709,"play_id":"6364b3d7-5f80-409f-8920-09f264e7835b","local_time":"20190304224002","is_ascension_mode":true,"campfire_choices":[{"floor":7.0,"key":"REST"},{"floor":10.0,"key":"REST"},{"floor":15.0,"key":"REST"},{"floor":23.0,"key":"REST"},{"data":"Loop","floor":25.0,"key":"SMITH"},{"data":"Redo","floor":27.0,"key":"SMITH"},{"floor":29.0,"key":"REST"},{"floor":32.0,"key":"REST"},{"data":"Defragment","floor":40,"key":"SMITH"}],"neow_cost":"NONE","seed_source_timestamp":442746270295200,"circlet_count":0,"master_deck":["AscendersBane","Strike_B","Strike_B","Strike_B","Defend_B","Defend_B","Defend_B","Zap+1","Dualcast","BootSequence+1","Lockon","FTL","Leap","Core Surge","Cold Snap","Cold Snap","Coolheaded","Machine Learning","Stack","Self Repair","Darkness+1","Redo+1","Conserve Battery","Hologram","Stack","Loop+1","Defragment+1","Redo","Echo Form"],"special_seed":0,"relics":["Cracked Core","Golden Idol","Prayer Wheel","Juzu Bracelet","Symbiotic Virus","The Courier","Shuriken","Sozu","War Paint","Question Card","Kunai","Busted Crown","Pen Nib","Runic Capacitor"],"potions_floor_usage":[33],"damage_taken":[{"damage":0.0,"enemies":"2 Louse","floor":1.0,"turns":1.0},{"damage":1.0,"enemies":"Small Slimes","floor":5.0,"turns":3.0},{"damage":36.0,"enemies":"Gremlin Nob","floor":6.0,"turns":4.0},{"damage":27.0,"enemies":"Lagavulin","floor":8.0,"turns":9.0},{"damage":2.0,"enemies":"Jaw Worm","floor":11.0,"turns":2.0},{"damage":1.0,"enemies":"3 Sentries","floor":14.0,"turns":5.0},{"damage":29.0,"enemies":"Slime Boss","floor":16.0,"turns":5.0},{"damage":22.0,"enemies":"3 Byrds","floor":18.0,"turns":4.0},{"damage":0.0,"enemies":"Chosen","floor":21.0,"turns":3.0},{"damage":7.0,"enemies":"Shelled Parasite and Fungi","floor":24.0,"turns":4.0},{"damage":18.0,"enemies":"Snake Plant","floor":28.0,"turns":3.0},{"damage":19.0,"enemies":"Centurion and Healer","floor":30.0,"turns":5.0},{"damage":6.0,"enemies":"Cultist and Chosen","floor":31.0,"turns":7.0},{"damage":49,"enemies":"Automaton","floor":33,"turns":12},{"damage":3,"enemies":"Orb Walker","floor":35,"turns":4},{"damage":60,"enemies":"Reptomancer","floor":41,"turns":2}],"seed_played":"-9035941109816804999","potions_obtained":[{"floor":6.0,"key":"SpeedPotion"},{"floor":8.0,"key":"Energy Potion"},{"floor":14.0,"key":"Dexterity Potion"}],"is_trial":false,"path_per_floor":["M","?","?","$","M","E","R","E","T","R","M","?","T","E","R","B",null,"M","?","$","M","?","R","M","R","T","R","M","R","M","M","R","B",null,"M","T","?","?","$","R","E"],"character_chosen":"DEFECT","items_purchased":["Lockon","Darkness","War Paint","Redo","Conserve Battery","Runic Capacitor"],"campfire_rested":6,"item_purchase_floors":[4,20,20,20,20,39],"current_hp_per_floor":[64,57,57,57,56,20,39,12,12,31,29,29,29,28,47,18,53,31,31,31,31,31,50,50,50,50,50,39,58,46,47,64,22,54,51,51,51,51,51,51,0],"gold":40,"neow_bonus":"UPGRADE_CARD","is_prod":false,"is_daily":false,"chose_seed":false,"campfire_upgraded":3,"win_rate":0,"timestamp":1551757202,"path_taken":["M","?","?","?","?","E","R","E","T","R","M","?","?","E","R","BOSS","M","?","$","M","?","R","M","R","T","R","M","R","M","M","R","BOSS","M","?","?","?","$","R","E"],"build_version":"2019-02-06","purchased_purges":2,"victory":false,"max_hp_per_floor":[71,71,64,64,64,64,64,64,64,64,64,64,64,64,64,64,64,64,64,64,64,64,64,64,64,64,64,64,64,64,64,64,64,64,64,64,64,64,64,64,64],"card_choices":[{"not_picked":["Stack","Streamline"],"picked":"BootSequence","floor":1.0},{"not_picked":["Leap","Go for the Eyes"],"picked":"FTL","floor":5.0},{"not_picked":["Scrape","Skim"],"picked":"Leap","floor":6.0},{"not_picked":["Gash","Barrage"],"picked":"Core Surge","floor":8.0},{"not_picked":["Barrage","Sweeping Beam"],"picked":"Cold Snap","floor":11.0},{"not_picked":["Redo","Conserve Battery"],"picked":"Cold Snap","floor":11.0},{"not_picked":["Chaos","Recycle"],"picked":"Coolheaded","floor":14.0},{"not_picked":["Amplify","Fission"],"picked":"Machine Learning","floor":16.0},{"not_picked":["Redo","Steam Power+1"],"picked":"Stack","floor":18.0},{"not_picked":["Ball Lightning","Coolheaded"],"picked":"Self Repair","floor":18.0},{"not_picked":["Fusion","Conserve Battery"],"picked":"Hologram","floor":21.0},{"not_picked":["Rebound","Reinforced Body"],"picked":"Stack","floor":21.0},{"not_picked":["Go for the Eyes","Coolheaded","Cold Snap"],"picked":"Loop","floor":24.0},{"not_picked":["Gash","Turbo","Self Repair","Scrape"],"picked":"SKIP","floor":24.0},{"not_picked":["Undo","Cold Snap","Fusion","Melter"],"picked":"SKIP","floor":28.0},{"not_picked":["All For One","Conserve Battery","Scrape+1","Double Energy"],"picked":"SKIP","floor":28.0},{"not_picked":["Coolheaded","Rebound","Sweeping Beam"],"picked":"Defragment","floor":30.0},{"not_picked":["BootSequence","Barrage","Streamline+1","Rebound"],"picked":"SKIP","floor":30.0},{"not_picked":["Coolheaded","Steam Power","Doom and Gloom"],"picked":"Redo","floor":31.0},{"not_picked":["Compile Driver+1","Barrage","Aggregate","Ball Lightning"],"picked":"SKIP","floor":31.0},{"not_picked":["Creative AI","Buffer","Fission"],"picked":"Echo Form","floor":33},{"not_picked":["Sweeping Beam","Scrape"],"picked":"SKIP","floor":35},{"not_picked":["Coolheaded","Static Discharge"],"picked":"SKIP","floor":35}],"player_experience":661504,"relics_obtained":[{"floor":6.0,"key":"Prayer Wheel"},{"floor":8.0,"key":"Juzu Bracelet"},{"floor":9.0,"key":"Symbiotic Virus"},{"floor":13.0,"key":"The Courier"},{"floor":14.0,"key":"Shuriken"},{"floor":26.0,"key":"Kunai"},{"floor":36,"key":"Pen Nib"}],"event_choices":[{"cards_removed":["Defend_B"],"damage_healed":0.0,"max_hp_gain":0.0,"max_hp_loss":0.0,"gold_gain":0.0,"event_name":"Golden Wing","player_choice":"Card Removal","floor":2.0,"gold_loss":0.0,"damage_taken":7.0},{"damage_healed":0.0,"max_hp_gain":0.0,"max_hp_loss":7.0,"gold_gain":0.0,"event_name":"Golden Idol","player_choice":"Lose Max HP","floor":3.0,"gold_loss":0.0,"damage_taken":0.0,"relics_obtained":["Golden Idol"]},{"damage_healed":0.0,"max_hp_gain":0.0,"max_hp_loss":0.0,"gold_gain":0.0,"event_name":"Shining Light","player_choice":"Ignored","floor":12.0,"gold_loss":0.0,"damage_taken":0.0},{"damage_healed":0.0,"max_hp_gain":0.0,"max_hp_loss":0.0,"gold_gain":50.0,"event_name":"Nest","player_choice":"Stole From Cult","floor":19.0,"gold_loss":0.0,"damage_taken":0.0},{"damage_healed":0.0,"max_hp_gain":0.0,"max_hp_loss":0.0,"gold_gain":0.0,"event_name":"WeMeetAgain","player_choice":"Gave Potion","floor":22.0,"gold_loss":0.0,"damage_taken":0.0,"relics_obtained":["Question Card"]},{"damage_healed":0,"gold_gain":0,"player_choice":"Cursed","damage_taken":0,"max_hp_gain":0,"max_hp_loss":0,"event_name":"Wheel of Change","floor":37,"gold_loss":0,"cards_obtained":["Decay"]},{"damage_healed":0,"gold_gain":0,"player_choice":"Ignored","damage_taken":0,"max_hp_gain":0,"max_hp_loss":0,"event_name":"Tomb of Lord Red Mask","floor":38,"gold_loss":0}],"is_beta":true,"boss_relics":[{"not_picked":["Runic Dome","FrozenCore"],"picked":"Sozu"},{"not_picked":["Empty Cage","Calling Bell"],"picked":"Busted Crown"}],"items_purged_floors":[20,39],"is_endless":false,"potions_floor_spawned":[6,8,14,16,24,28,33],"killed_by":"Reptomancer","ascension_level":15}