{"gold_per_floor":[114,114,289,50,50,50,64,64,64,64,97,109,143,143,143,246,246,257,272,289,389,389,389,125,137,137,137,169,56,81,93,93,195,195,211,63,138,152,163,163,217,252,252,264,289,289,511,537,537,537,537,537,3,35,35],"floor_reached":55,"playtime":5269,"items_purged":["Strike_G","Strike_G"],"score":1088,"play_id":"9f44d23c-bb4d-4e8b-ba1a-783f6173b174","local_time":"20190601032823","is_ascension_mode":true,"campfire_choices":[{"data":"Neutralize","floor":6,"key":"SMITH"},{"data":"PiercingWail","floor":8,"key":"SMITH"},{"floor":15,"key":"REST"},{"data":"Footwork","floor":23,"key":"SMITH"},{"floor":27,"key":"RECALL"},{"floor":32,"key":"REST"},{"data":"Caltrops","floor":40,"key":"SMITH"},{"floor":46,"key":"REST"},{"floor":49,"key":"REST"},{"data":"Defend_G","floor":52,"key":"SMITH"}],"neow_cost":"NONE","seed_source_timestamp":0,"circlet_count":0,"master_deck":["Defend_G","Defend_G","Defend_G+1","Defend_G","Defend_G+1","Survivor+1","Neutralize+1","PiercingWail+1","Flying Knee+1","Sucker Punch+1","Well Laid Plans+1","Die Die Die+1","Dagger Throw+1","Dodge and Roll+1","Envenom+1","Footwork+1","Crippling Poison+1","Deflect+1","Noxious Fumes+1","RitualDagger+1","Blade Dance+1","Cloak And Dagger+1","Dagger Throw+1","PiercingWail+1","Caltrops+1","Cloak And Dagger+1","Underhanded Strike+1","Bullet Time+1","Terror+1","Catalyst+1","Acrobatics+1","Corpse Explosion+1","Blur+1","Escape Plan+1"],"special_seed":0,"relics":["Ring of the Snake","Centennial Puzzle","Molten Egg 2","Kunai","Bag of Marbles","Bag of Preparation","Toxic Egg 2","Astrolabe","Du-Vu Doll","Gremlin Horn","War Paint","Singing Bowl","Bottled Lightning","Red Mask","Philosopher\u0027s Stone","Oddly Smooth Stone","The Specimen","Ninja Scroll","Bronze Scales","Paper Crane","Mango","Art of War","Pantograph"],"potions_floor_usage":[13,19,21,21,41,45,55],"damage_taken":[{"damage":2.0,"enemies":"Jaw Worm","floor":1.0,"turns":4.0},{"damage":1,"enemies":"2 Louse","floor":7,"turns":3},{"damage":23,"enemies":"3 Sentries","floor":11,"turns":15},{"damage":0,"enemies":"Small Slimes","floor":12,"turns":2},{"damage":3,"enemies":"Gremlin Nob","floor":13,"turns":3},{"damage":3,"enemies":"The Guardian","floor":16,"turns":17},{"damage":0,"enemies":"Spheric Guardian","floor":18,"turns":4},{"damage":4,"enemies":"3 Byrds","floor":19,"turns":5},{"damage":4,"enemies":"Centurion and Healer","floor":20,"turns":6},{"damage":18,"enemies":"Colosseum Slavers","floor":21,"turns":4},{"damage":0,"enemies":"Colosseum Nobs","floor":21,"turns":4},{"damage":0,"enemies":"3 Cultists","floor":25,"turns":4},{"damage":4,"enemies":"Gremlin Leader","floor":28,"turns":5},{"damage":0,"enemies":"Masked Bandits","floor":30,"turns":2},{"damage":0,"enemies":"Shelled Parasite and Fungi","floor":31,"turns":6},{"damage":26,"enemies":"Champ","floor":33,"turns":13},{"damage":1,"enemies":"Orb Walker","floor":35,"turns":4},{"damage":5,"enemies":"3 Darklings","floor":38,"turns":5},{"damage":0,"enemies":"Jaw Worm Horde","floor":39,"turns":2},{"damage":13,"enemies":"2 Orb Walkers","floor":41,"turns":4},{"damage":2,"enemies":"Giant Head","floor":42,"turns":7},{"damage":7,"enemies":"Spire Growth","floor":44,"turns":4},{"damage":0,"enemies":"Nemesis","floor":45,"turns":5},{"damage":11,"enemies":"Reptomancer","floor":48,"turns":6},{"damage":10,"enemies":"Donu and Deca","floor":50,"turns":3},{"damage":16,"enemies":"Shield and Spear","floor":54,"turns":8},{"damage":97,"enemies":"The Heart","floor":55,"turns":6}],"seed_played":"4771362849114753384","potions_obtained":[{"floor":11,"key":"Strength Potion"},{"floor":13,"key":"SteroidPotion"},{"floor":16,"key":"Fire Potion"},{"floor":20,"key":"Strength Potion"},{"floor":21,"key":"GhostInAJar"},{"floor":31,"key":"Explosive Potion"},{"floor":33,"key":"SpeedPotion"},{"floor":48,"key":"FearPotion"}],"is_trial":false,"path_per_floor":["M","?","?","$","?","R","M","R","T","?","E","M","E","?","R","B",null,"M","M","M","?","?","R","$","M","T","R","E","$","?","M","R","B",null,"M","$","?","M","M","R","?","E","T","M","E","R","?","E","R","B",null,"R","$","E","B"],"character_chosen":"THE_SILENT","items_purchased":["Molten Egg 2","Blade Dance+1","Cloak And Dagger+1","War Paint","Caltrops","Oddly Smooth Stone","Mango","Art of War"],"campfire_rested":4,"item_purchase_floors":[4,24,24,24,29,36,53,53],"current_hp_per_floor":[61,66,66,66,66,66,65,65,65,47,24,24,21,21,43,40,66,66,62,58,40,34,34,34,34,34,34,30,30,30,30,52,26,63,62,62,55,50,52,52,41,41,41,34,34,58,58,47,71,61,76,76,90,74,0],"gold":35,"neow_bonus":"RANDOM_COMMON_RELIC","is_prod":false,"is_daily":false,"chose_seed":false,"campfire_upgraded":5,"win_rate":0,"timestamp":1559339903,"path_taken":["M","?","?","?","?","R","M","R","T","?","E","?","E","?","R","BOSS","M","M","?","?","?","R","?","M","T","R","E","$","?","M","R","BOSS","M","$","?","?","M","R","?","E","T","M","E","R","?","E","R","BOSS","R","$","E","BOSS"],"build_version":"2019-01-23","purchased_purges":2,"victory":false,"max_hp_per_floor":[70,75,75,75,75,75,75,75,75,75,75,75,75,75,75,75,75,75,75,75,75,75,75,75,75,75,75,75,75,75,75,75,75,75,75,75,75,75,77,77,79,81,81,81,81,81,81,81,81,81,81,81,95,95,95],"card_choices":[{"not_picked":["Bane","Sucker Punch"],"picked":"PiercingWail","floor":1.0},{"not_picked":["Deadly Poison","Acrobatics","Outmaneuver"],"picked":"SKIP","floor":7},{"not_picked":["Endless Agony+1","Well Laid Plans"],"picked":"Flying Knee+1","floor":11},{"not_picked":["Underhanded Strike+1","Flying Knee+1"],"picked":"Sucker Punch+1","floor":12},{"not_picked":["Quick Slash+1","Dagger Spray+1"],"picked":"Well Laid Plans","floor":13},{"not_picked":["Glass Knife+1","Tools of the Trade"],"picked":"Die Die Die+1","floor":16},{"not_picked":["Backflip+1","Calculated Gamble+1"],"picked":"Footwork","floor":18},{"not_picked":["Tactician+1","Dodge and Roll+1"],"picked":"Crippling Poison+1","floor":19},{"not_picked":["Tactician+1","All Out Attack+1"],"picked":"Deflect+1","floor":20},{"not_picked":["Poisoned Stab+1","Endless Agony+1"],"picked":"Noxious Fumes+1","floor":21},{"not_picked":["Bouncing Flask+1","Calculated Gamble+1"],"picked":"Dagger Throw+1","floor":25},{"not_picked":["Quick Slash+1","Dagger Spray+1"],"picked":"PiercingWail+1","floor":28},{"not_picked":["Poisoned Stab+1","Riddle With Holes+1"],"picked":"Cloak And Dagger+1","floor":30},{"not_picked":["Bane+1","Poisoned Stab+1"],"picked":"Underhanded Strike+1","floor":31},{"not_picked":["Unload+1","Storm of Steel+1"],"picked":"Bullet Time+1","floor":33},{"not_picked":["Slice+1","Footwork"],"picked":"Terror+1","floor":35},{"not_picked":["Flying Knee+1","Deadly Poison+1"],"picked":"Catalyst+1","floor":38},{"not_picked":["Deadly Poison+1","Bane+1","Terror+1"],"picked":"Singing Bowl","floor":39},{"not_picked":["All Out Attack+1","Quick Slash+1","Bane+1"],"picked":"Singing Bowl","floor":41},{"not_picked":["Cloak And Dagger+1","Dagger Throw+1","Poisoned Stab+1"],"picked":"Singing Bowl","floor":42},{"not_picked":["Concentrate+1","Bane+1"],"picked":"Acrobatics+1","floor":44},{"not_picked":["Flechettes+1","Bane+1"],"picked":"Corpse Explosion+1","floor":45},{"not_picked":["Dash+1","Noxious Fumes"],"picked":"Blur+1","floor":48},{"not_picked":["Slice+1","Bouncing Flask+1"],"picked":"Escape Plan+1","floor":54}],"player_experience":247503,"relics_obtained":[{"floor":9,"key":"Kunai"},{"floor":11,"key":"Bag of Preparation"},{"floor":13,"key":"Toxic Egg 2"},{"floor":21,"key":"Du-Vu Doll"},{"floor":21,"key":"Gremlin Horn"},{"floor":26,"key":"Singing Bowl"},{"floor":28,"key":"Bottled Lightning"},{"floor":30,"key":"Red Mask"},{"floor":41,"key":"The Specimen"},{"floor":42,"key":"Ninja Scroll"},{"floor":45,"key":"Bronze Scales"},{"floor":48,"key":"Paper Crane"},{"floor":54,"key":"Pantograph"}],"event_choices":[{"damage_healed":0.0,"max_hp_gain":5.0,"max_hp_loss":0.0,"gold_gain":0.0,"event_name":"Big Fish","player_choice":"Donut","floor":2.0,"gold_loss":0.0,"damage_taken":0.0},{"damage_healed":0.0,"max_hp_gain":0.0,"max_hp_loss":0.0,"gold_gain":175.0,"event_name":"Liars Game","player_choice":"AGREE","floor":3.0,"gold_loss":0.0,"damage_taken":0.0,"cards_obtained":["Doubt"]},{"cards_removed":["Doubt"],"damage_healed":0,"gold_gain":0,"player_choice":"Forget","damage_taken":0,"max_hp_gain":0,"max_hp_loss":0,"event_name":"Living Wall","floor":5,"gold_loss":0},{"damage_healed":0,"gold_gain":0,"player_choice":"Success","damage_taken":18,"relics_obtained":["Bag of Marbles"],"max_hp_gain":0,"max_hp_loss":0,"event_name":"Scrap Ooze","floor":10,"gold_loss":0},{"damage_healed":0,"gold_gain":0,"player_choice":"Upgraded","damage_taken":0,"max_hp_gain":0,"max_hp_loss":0,"event_name":"Upgrade Shrine","floor":14,"gold_loss":0,"cards_upgraded":["Well Laid Plans"]},{"damage_healed":0,"gold_gain":0,"player_choice":"Fight","damage_taken":0,"max_hp_gain":0,"max_hp_loss":0,"event_name":"Colosseum","floor":21,"gold_loss":0},{"damage_healed":0,"gold_gain":0,"player_choice":"Fought Nobs","damage_taken":0,"max_hp_gain":0,"max_hp_loss":0,"event_name":"Colosseum","floor":21,"gold_loss":0},{"damage_healed":0,"gold_gain":0,"player_choice":"Joined the Cult","damage_taken":6,"max_hp_gain":0,"max_hp_loss":0,"event_name":"Nest","floor":22,"gold_loss":0,"cards_obtained":["RitualDagger"]},{"damage_healed":0,"gold_gain":0,"player_choice":"Fought Bandits","damage_taken":0,"max_hp_gain":0,"max_hp_loss":0,"event_name":"Masked Bandits","floor":30,"gold_loss":0},{"damage_healed":0,"gold_gain":75,"player_choice":"Touch","damage_taken":7,"max_hp_gain":0,"max_hp_loss":0,"event_name":"FaceTrader","floor":37,"gold_loss":0},{"damage_healed":0,"gold_gain":0,"player_choice":"Fight","damage_taken":0,"max_hp_gain":0,"max_hp_loss":0,"event_name":"Mysterious Sphere","floor":41,"gold_loss":0},{"damage_healed":0,"gold_gain":222,"player_choice":"Wore Mask","damage_taken":0,"max_hp_gain":0,"max_hp_loss":0,"event_name":"Tomb of Lord Red Mask","floor":47,"gold_loss":0}],"is_beta":false,"boss_relics":[{"not_picked":["White Beast Statue","Coffee Dripper"],"picked":"Astrolabe"},{"not_picked":["HoveringKite","Calling Bell"],"picked":"Philosopher\u0027s Stone"}],"items_purged_floors":[29,53],"is_endless":false,"potions_floor_spawned":[11,13,16,20,21,31,33,35,39,48],"killed_by":"The Heart","ascension_level":6}