{"gold_per_floor":[117,117,42,42,61,101,101,122,122,157,173,173,213,6,6,131,131,149,164,164,164,128,172,191,191,217,235,235,235,266,266,266,385,385,399,418,432,448,472,472,507,199,222,97,97,97,111,50,50,50,50,50,1,39,39],"floor_reached":55,"playtime":1980,"items_purged":["Defend_R","Normality","Doubt"],"score":945,"play_id":"4a3cb472-c13c-4e85-91c8-d3c356e54b20","local_time":"20190512173723","is_ascension_mode":true,"campfire_choices":[{"data":"Uppercut","floor":7,"key":"SMITH"},{"data":"Whirlwind","floor":12,"key":"SMITH"},{"floor":15,"key":"RECALL"},{"data":"Limit Break","floor":25,"key":"SMITH"},{"data":"Whirlwind","floor":28,"key":"SMITH"},{"data":"Feed","floor":32,"key":"SMITH"},{"floor":40,"key":"REST"},{"data":"Infernal Blade","floor":45,"key":"SMITH"},{"floor":49,"key":"REST"},{"data":"Shrug It Off","floor":52,"key":"SMITH"}],"neow_cost":"NONE","seed_source_timestamp":159698921628800,"circlet_count":0,"master_deck":["Strike_R","Strike_R+1","Defend_R","Defend_R","Infernal Blade+1","Uppercut+1","Rampage+1","Whirlwind+1","Brutality","Shrug It Off+1","Limit Break+1","Inflame+1","Armaments+1","Shrug It Off+1","Spot Weakness","Whirlwind+1","Shrug It Off","Seeing Red","Feed+1","Offering","Shame","Reaper","Parasite","Reaper","True Grit","Evolve"],"relics":["Burning Blood","NeowsBlessing","Golden Idol","Letter Opener","Magic Flower","Whetstone","Chemical X","Astrolabe","Kunai","Bag of Marbles","PreservedInsect","Bottled Flame","Calling Bell","Ancient Tea Set","Singing Bowl","Gambling Chip","Vajra","DollysMirror","Strawberry","Mummified Hand","Dodecahedron"],"potions_floor_usage":[30,30,47,50,50],"damage_taken":[{"damage":0,"enemies":"Jaw Worm","floor":1,"turns":1},{"damage":0,"enemies":"Small Slimes","floor":5,"turns":1},{"damage":0,"enemies":"Lagavulin","floor":6,"turns":1},{"damage":4,"enemies":"Cultist","floor":8,"turns":3},{"damage":28,"enemies":"Gremlin Nob","floor":10,"turns":4},{"damage":5,"enemies":"Blue Slaver","floor":11,"turns":3},{"damage":26,"enemies":"3 Sentries","floor":13,"turns":4},{"damage":3,"enemies":"Slime Boss","floor":16,"turns":4},{"damage":22,"enemies":"2 Thieves","floor":18,"turns":3},{"damage":0,"enemies":"Chosen","floor":19,"turns":3},{"damage":21,"enemies":"Gremlin Leader","floor":23,"turns":4},{"damage":5,"enemies":"Snake Plant","floor":24,"turns":3},{"damage":0,"enemies":"3 Cultists","floor":27,"turns":1},{"damage":27,"enemies":"Slavers","floor":30,"turns":2},{"damage":36,"enemies":"Collector","floor":33,"turns":5},{"damage":6,"enemies":"3 Darklings","floor":35,"turns":1},{"damage":26,"enemies":"3 Shapes","floor":36,"turns":1},{"damage":5,"enemies":"Jaw Worm Horde","floor":37,"turns":2},{"damage":59,"enemies":"Spire Growth","floor":38,"turns":6},{"damage":26,"enemies":"Writhing Mass","floor":39,"turns":5},{"damage":15,"enemies":"Nemesis","floor":41,"turns":3},{"damage":43,"enemies":"Transient","floor":47,"turns":5},{"damage":89,"enemies":"Donu and Deca","floor":50,"turns":6},{"damage":59,"enemies":"Shield and Spear","floor":54,"turns":3},{"damage":122,"enemies":"The Heart","floor":55,"turns":5}],"seed_played":"-7886376909747612552","potions_obtained":[{"floor":1,"key":"SpeedPotion"},{"floor":5,"key":"Dexterity Potion"},{"floor":8,"key":"SpeedPotion"},{"floor":16,"key":"Explosive Potion"},{"floor":18,"key":"LiquidBronze"},{"floor":30,"key":"Strength Potion"},{"floor":35,"key":"Explosive Potion"},{"floor":39,"key":"Fire Potion"}],"is_trial":false,"path_per_floor":["M","?","$","?","M","E","R","M","T","E","M","R","E","$","R","B",null,"M","M","?","?","$","E","M","R","T","M","R","?","E","T","R","B",null,"M","M","M","M","M","R","E","$","T","$","R","?","M","?","R","B",null,"R","$","E","B"],"character_chosen":"IRONCLAD","items_purchased":["Chemical X","Whirlwind","DollysMirror","True Grit"],"campfire_rested":2,"item_purchase_floors":[14,22,42,53],"current_hp_per_floor":[80,60,60,65,71,77,77,79,79,57,61,61,44,44,44,50,85,72,81,81,81,81,69,73,73,73,82,82,82,64,64,64,43,89,91,76,80,38,23,52,48,48,55,55,55,55,23,23,55,40,112,112,112,75,0],"gold":39,"neow_bonus":"THREE_ENEMY_KILL","is_prod":false,"is_daily":false,"chose_seed":false,"campfire_upgraded":7,"win_rate":0,"timestamp":1557697043,"path_taken":["M","?","$","?","M","E","R","M","T","E","M","R","E","$","R","BOSS","M","M","?","?","$","E","?","R","T","M","R","?","E","?","R","BOSS","M","M","?","M","M","R","E","$","T","$","R","?","M","?","R","BOSS","R","$","E","BOSS"],"build_version":"2019-01-23","purchased_purges":3,"victory":false,"max_hp_per_floor":[80,80,80,85,85,85,85,85,85,85,85,85,85,85,85,85,85,85,85,85,85,85,85,85,85,85,85,85,85,85,85,85,89,89,91,93,93,95,97,97,99,99,106,106,106,106,108,108,108,112,112,112,112,116,116],"card_choices":[{"not_picked":["Bloodletting","Clash"],"picked":"Infernal Blade","floor":1},{"not_picked":["Pommel Strike","Warcry"],"picked":"Uppercut","floor":5},{"not_picked":["Fire Breathing","Thunderclap"],"picked":"Rampage","floor":6},{"not_picked":["Havoc","Iron Wave","Body Slam"],"picked":"SKIP","floor":8},{"not_picked":["Reckless Charge","Anger"],"picked":"Whirlwind","floor":10},{"not_picked":["Fire Breathing","Warcry"],"picked":"Brutality","floor":11},{"not_picked":["Flex","Power Through"],"picked":"Shrug It Off","floor":13},{"not_picked":["Barricade","Bludgeon"],"picked":"Limit Break","floor":16},{"not_picked":["Perfected Strike","Shockwave","Wild Strike"],"picked":"SKIP","floor":18},{"not_picked":["Dual Wield","Headbutt"],"picked":"Shrug It Off+1","floor":19},{"not_picked":["Pummel","Sword Boomerang","True Grit"],"picked":"SKIP","floor":23},{"not_picked":["Rampage","Warcry","Whirlwind"],"picked":"SKIP","floor":24},{"not_picked":["Rampage","Warcry","Whirlwind"],"picked":"SKIP","floor":24},{"not_picked":["Clash","Pommel Strike"],"picked":"Shrug It Off","floor":27},{"not_picked":["Perfected Strike","Headbutt"],"picked":"Feed","floor":30},{"not_picked":["Impervious","Immolate"],"picked":"Offering","floor":33},{"not_picked":["Flex","Twin Strike","Ghostly Armor"],"picked":"Singing Bowl","floor":35},{"not_picked":["Thunderclap+1","Havoc","Flex+1"],"picked":"Singing Bowl","floor":36},{"not_picked":["Corruption","Flex+1"],"picked":"Reaper","floor":37},{"not_picked":["Rampage+1","Clash+1","Thunderclap"],"picked":"Singing Bowl","floor":38},{"not_picked":["Armaments","Sword Boomerang","Headbutt"],"picked":"Singing Bowl","floor":39},{"not_picked":["Pommel Strike","Feed","Searing Blow+1"],"picked":"Singing Bowl","floor":41},{"not_picked":["Second Wind","Warcry+1","Thunderclap+1"],"picked":"Singing Bowl","floor":47},{"not_picked":["Iron Wave","Clash"],"picked":"Evolve","floor":54}],"player_experience":273209,"relics_obtained":[{"floor":6,"key":"Letter Opener"},{"floor":10,"key":"Magic Flower"},{"floor":13,"key":"Whetstone"},{"floor":23,"key":"Kunai"},{"floor":26,"key":"Bag of Marbles"},{"floor":30,"key":"PreservedInsect"},{"floor":31,"key":"Bottled Flame"},{"floor":34,"key":"Ancient Tea Set"},{"floor":34,"key":"Singing Bowl"},{"floor":34,"key":"Gambling Chip"},{"floor":41,"key":"Vajra"},{"floor":43,"key":"Strawberry"},{"floor":54,"key":"Dodecahedron"}],"event_choices":[{"damage_healed":0,"gold_gain":0,"player_choice":"Take Damage","damage_taken":20,"relics_obtained":["Golden Idol"],"max_hp_gain":0,"max_hp_loss":0,"event_name":"Golden Idol","floor":2,"gold_loss":0},{"damage_healed":0,"gold_gain":0,"player_choice":"Donut","damage_taken":0,"max_hp_gain":5,"max_hp_loss":0,"event_name":"Big Fish","floor":4,"gold_loss":0},{"cards_removed":["Strike_R"],"damage_healed":0,"gold_gain":0,"player_choice":"Elegance","damage_taken":0,"max_hp_gain":0,"max_hp_loss":0,"event_name":"Back to Basics","floor":20,"gold_loss":0},{"damage_healed":0,"gold_gain":0,"cards_transformed":["Bludgeon"],"player_choice":"Transformed","damage_taken":0,"max_hp_gain":0,"max_hp_loss":0,"event_name":"Transmorgrifier","floor":21,"gold_loss":0,"cards_obtained":["Spot Weakness"]},{"damage_healed":0,"gold_gain":0,"player_choice":"Read","damage_taken":0,"max_hp_gain":0,"max_hp_loss":0,"event_name":"The Library","floor":29,"gold_loss":0,"cards_obtained":["Seeing Red"]},{"cards_removed":["Bash"],"damage_healed":0,"gold_gain":0,"player_choice":"Removed Attack","damage_taken":0,"max_hp_gain":0,"max_hp_loss":0,"event_name":"Falling","floor":46,"gold_loss":0},{"damage_healed":0,"gold_gain":0,"player_choice":"Paid Gold","damage_taken":0,"relics_obtained":["Mummified Hand"],"max_hp_gain":0,"max_hp_loss":0,"event_name":"WeMeetAgain","floor":48,"gold_loss":61}],"is_beta":false,"boss_relics":[{"not_picked":["Tiny House","White Beast Statue"],"picked":"Astrolabe"},{"not_picked":["Velvet Choker","Runic Cube"],"picked":"Calling Bell"}],"items_purged_floors":[3,42,44],"is_endless":false,"potions_floor_spawned":[1,5,8,16,18,23,30,35,37,39],"killed_by":"The Heart","ascension_level":3}