{"gold_per_floor":[117,127,47,61,61,61,96,46,92,92,119,134,146,160,160,160],"floor_reached":16,"playtime":1064,"items_purged":[],"score":123,"play_id":"76389aed-0b7f-4214-a00d-758fbcf48453","local_time":"20190227134441","is_ascension_mode":true,"campfire_choices":[{"floor":6,"key":"RECALL"},{"data":"Armaments","floor":10,"key":"SMITH"},{"floor":15,"key":"REST"}],"neow_cost":"NONE","seed_source_timestamp":0,"circlet_count":0,"master_deck":["Strike_R","Strike_R","Strike_R","Strike_R","Defend_R","Defend_R","Defend_R","Bash","Intimidate","Armaments+1","Reaper","Shrug It Off","Heavy Blade","Seeing Red","Battle Trance"],"special_seed":0,"relics":["Burning Blood","Pen Nib","The Courier"],"potions_floor_usage":[7,11,12,16],"damage_taken":[{"damage":11.0,"enemies":"Jaw Worm","floor":1.0,"turns":4.0},{"damage":12.0,"enemies":"Small Slimes","floor":2.0,"turns":4.0},{"damage":6.0,"enemies":"2 Louse","floor":4.0,"turns":4.0},{"damage":33,"enemies":"3 Sentries","floor":7,"turns":10},{"damage":45,"enemies":"Gremlin Nob","floor":11,"turns":6},{"damage":12,"enemies":"Looter","floor":12,"turns":4},{"damage":14,"enemies":"Exordium Wildlife","floor":13,"turns":9},{"damage":3,"enemies":"Large Slime","floor":14,"turns":7},{"damage":85,"enemies":"Slime Boss","floor":16,"turns":10}],"seed_played":"3541482992392867120","potions_obtained":[{"floor":1.0,"key":"SkillPotion"},{"floor":2.0,"key":"SkillPotion"},{"floor":4,"key":"Ancient Potion"},{"floor":12,"key":"FairyPotion"},{"floor":14,"key":"FearPotion"}],"is_trial":false,"path_per_floor":["M","M","$","M","?","R","E","?","T","R","E","M","M","M","R","B"],"character_chosen":"IRONCLAD","items_purchased":["Reaper"],"campfire_rested":1,"item_purchase_floors":[3],"current_hp_per_floor":[83,77,77,85,78,78,61,61,61,61,28,22,18,26,52,0],"gold":160,"neow_bonus":"TEN_PERCENT_HP_BONUS","is_prod":false,"is_daily":false,"chose_seed":false,"campfire_upgraded":1,"win_rate":0,"timestamp":1551293081,"path_taken":["M","M","$","M","?","R","E","?","T","R","E","M","M","M","R","BOSS"],"build_version":"2019-01-23","purchased_purges":0,"victory":false,"max_hp_per_floor":[88,88,88,88,88,88,88,88,88,88,88,88,88,88,88,88],"card_choices":[{"not_picked":["Feel No Pain","Sword Boomerang"],"picked":"Intimidate","floor":1.0},{"not_picked":["Dropkick","Body Slam"],"picked":"Armaments","floor":2.0},{"not_picked":["Pommel Strike","Thunderclap"],"picked":"Shrug It Off","floor":4},{"not_picked":["Headbutt","Twin Strike"],"picked":"Heavy Blade","floor":7},{"not_picked":["Clothesline","Brutality"],"picked":"Seeing Red","floor":11},{"not_picked":["Intimidate","Sword Boomerang"],"picked":"Battle Trance","floor":12},{"not_picked":["Armaments","Anger","Second Wind"],"picked":"SKIP","floor":13},{"not_picked":["Body Slam","Anger","Twin Strike"],"picked":"SKIP","floor":14}],"player_experience":132123,"relics_obtained":[{"floor":7,"key":"Pen Nib"},{"floor":11,"key":"The Courier"}],"event_choices":[{"cards_removed":["Defend_R"],"damage_healed":0,"gold_gain":0,"player_choice":"Card Removal","damage_taken":7,"max_hp_gain":0,"max_hp_loss":0,"event_name":"Golden Wing","floor":5,"gold_loss":0},{"cards_removed":["Strike_R"],"damage_healed":0,"gold_gain":0,"player_choice":"Card Removal","damage_taken":0,"max_hp_gain":0,"max_hp_loss":0,"event_name":"The Cleric","floor":8,"gold_loss":50}],"is_beta":false,"boss_relics":[],"items_purged_floors":[],"is_endless":false,"potions_floor_spawned":[1,2,4,12,14],"killed_by":"Slime Boss","ascension_level":2}