{"gold_per_floor":[119,294,294,310,85,101,135,135,213,228,262,262,277,310,310,405,405,417,171,171,23,23],"floor_reached":22,"playtime":1226,"items_purged":["Doubt","Strike_R"],"score":247,"play_id":"227ef4f2-b895-480a-a6fb-8ee1351ce752","local_time":"20190227140526","is_ascension_mode":true,"campfire_choices":[{"data":"Armaments","floor":8,"key":"SMITH"},{"floor":15,"key":"REST"}],"neow_cost":"NONE","seed_source_timestamp":239799609146492,"circlet_count":0,"master_deck":["Strike_R","Strike_R","Strike_R","Strike_R","Defend_R","Defend_R","Defend_R","Defend_R","Bash","Disarm","Warcry","Cleave","Dramatic Entrance","Armaments+1","Metallicize","Demon Form","Shrug It Off","Shrug It Off","Whirlwind","Uppercut","Burning Pact","Havoc","Heavy Blade","Warcry","Bloodletting","Ghostly","Ghostly","Ghostly","Ghostly","Ghostly","Seeing Red","Reaper"],"relics":["Burning Blood","Oddly Smooth Stone","Centennial Puzzle","Mummified Hand","Red Skull","Art of War","Pen Nib","Orrery","Vajra"],"potions_floor_usage":[],"damage_taken":[{"damage":9,"enemies":"2 Louse","floor":1,"turns":3},{"damage":2,"enemies":"Small Slimes","floor":4,"turns":5},{"damage":0,"enemies":"Cultist","floor":6,"turns":3},{"damage":36,"enemies":"3 Sentries","floor":7,"turns":10},{"damage":6,"enemies":"Blue Slaver","floor":10,"turns":4},{"damage":22,"enemies":"Lagavulin","floor":11,"turns":6},{"damage":0,"enemies":"3 Louse","floor":13,"turns":2},{"damage":18,"enemies":"3 Sentries","floor":14,"turns":6},{"damage":28,"enemies":"Slime Boss","floor":16,"turns":10},{"damage":37,"enemies":"2 Thieves","floor":18,"turns":4},{"damage":40,"enemies":"Masked Bandits","floor":22,"turns":5}],"seed_played":"-7917029200214099828","potions_obtained":[{"floor":7,"key":"GamblersBrew"},{"floor":11,"key":"LiquidBronze"},{"floor":13,"key":"Block Potion"}],"is_trial":false,"path_per_floor":["M","?","?","M","$","M","E","R","T","M","E","?","M","E","R","B",null,"M","$","?","$","?"],"character_chosen":"IRONCLAD","items_purchased":["Cleave","Dramatic Entrance","Vajra","Seeing Red","Reaper"],"campfire_rested":1,"item_purchase_floors":[5,5,19,21,21],"current_hp_per_floor":[77,77,77,80,80,80,50,50,50,50,34,31,37,25,49,27,80,49,49,40,40,0],"gold":23,"neow_bonus":"THREE_CARDS","is_prod":false,"is_daily":false,"chose_seed":false,"campfire_upgraded":1,"win_rate":0,"timestamp":1551294326,"path_taken":["M","?","?","M","$","M","E","R","T","?","E","?","M","E","R","BOSS","M","$","?","$","?"],"build_version":"2019-01-23","purchased_purges":2,"victory":false,"max_hp_per_floor":[80,80,80,80,80,80,80,80,80,80,80,80,80,80,80,80,80,80,80,40,40,40],"card_choices":[{"not_picked":["Clothesline","Headbutt"],"picked":"Disarm","floor":0},{"not_picked":["Heavy Blade","Clash"],"picked":"Cleave","floor":1},{"not_picked":["Entrench","Havoc"],"picked":"Warcry","floor":4},{"not_picked":["Clash","Fire Breathing"],"picked":"Armaments","floor":6},{"not_picked":["Corruption","Wild Strike"],"picked":"Metallicize","floor":7},{"not_picked":["Pommel Strike","Corruption"],"picked":"Demon Form","floor":10},{"not_picked":["Warcry","Headbutt"],"picked":"Shrug It Off","floor":11},{"not_picked":["Bludgeon","True Grit"],"picked":"Shrug It Off","floor":13},{"not_picked":["Anger","Thunderclap"],"picked":"Whirlwind","floor":14},{"not_picked":["Wild Strike","Twin Strike"],"picked":"Uppercut","floor":17},{"not_picked":["Sword Boomerang","Flex"],"picked":"Burning Pact","floor":17},{"not_picked":["Headbutt","True Grit"],"picked":"Havoc","floor":17},{"not_picked":["Wild Strike","Anger"],"picked":"Heavy Blade","floor":17},{"not_picked":["Twin Strike","Flex"],"picked":"Warcry","floor":17},{"not_picked":["Burning Pact","Sword Boomerang+1"],"picked":"Bloodletting","floor":18}],"player_experience":133187,"relics_obtained":[{"floor":7,"key":"Centennial Puzzle"},{"floor":9,"key":"Mummified Hand"},{"floor":11,"key":"Red Skull"},{"floor":14,"key":"Pen Nib"}],"event_choices":[{"damage_healed":0,"gold_gain":175,"player_choice":"AGREE","damage_taken":0,"max_hp_gain":0,"max_hp_loss":0,"event_name":"Liars Game","floor":2,"gold_loss":0,"cards_obtained":["Doubt"]},{"cards_removed":["Cleave"],"damage_healed":0,"gold_gain":0,"player_choice":"Gave Card","damage_taken":0,"relics_obtained":["Oddly Smooth Stone"],"max_hp_gain":0,"max_hp_loss":0,"event_name":"WeMeetAgain","floor":3,"gold_loss":0},{"damage_healed":0,"gold_gain":0,"player_choice":"Success","damage_taken":3,"relics_obtained":["Art of War"],"max_hp_gain":0,"max_hp_loss":0,"event_name":"Scrap Ooze","floor":12,"gold_loss":0},{"damage_healed":0,"gold_gain":0,"player_choice":"Became a Ghost","damage_taken":0,"max_hp_gain":0,"max_hp_loss":40,"event_name":"Ghosts","floor":20,"gold_loss":0,"cards_obtained":["Ghostly","Ghostly","Ghostly","Ghostly","Ghostly"]},{"damage_healed":0,"gold_gain":0,"player_choice":"Fought Bandits","damage_taken":0,"max_hp_gain":0,"max_hp_loss":0,"event_name":"Masked Bandits","floor":22,"gold_loss":0}],"is_beta":false,"boss_relics":[{"not_picked":["Runic Pyramid","Snecko Eye"],"picked":"Orrery"}],"items_purged_floors":[5,19],"is_endless":false,"potions_floor_spawned":[7,11,13,18],"killed_by":"Masked Bandits","ascension_level":2}