{"gold_per_floor":[359,85,85,85,103,103,121,121,145,145,169,203,203,217,217,346,346,361,382,382,396,412,455,455,455,530,530,545,545,545,670,670,670],"floor_reached":33,"playtime":1165,"items_purged":["Writhe"],"score":347,"play_id":"f26ab6b2-753a-4220-8201-7d867af0c06f","local_time":"20181111202841","is_ascension_mode":true,"campfire_choices":[{"data":"Perfected Strike","floor":6,"key":"SMITH"},{"data":"Hemokinesis","floor":8,"key":"SMITH"},{"data":"Shockwave","floor":13,"key":"SMITH"},{"data":"Warcry","floor":15,"key":"SMITH"},{"data":"Pommel Strike","floor":24,"key":"SMITH"},{"data":"Pommel Strike","floor":27,"key":"SMITH"},{"data":"Bash","floor":30,"key":"SMITH"},{"floor":32,"key":"REST"}],"neow_cost":"CURSE","seed_source_timestamp":613052831270510,"circlet_count":0,"master_deck":["Strike_R+1","Strike_R+1","Strike_R+1","Strike_R+1","Strike_R+1","Bash+1","Shockwave+1","Perfected Strike+1","Warcry+1","Hemokinesis+1","Twin Strike","Dropkick","Reaper+1","Flame Barrier+1","Demon Form+1","Pommel Strike+1","Pommel Strike+1","Seeing Red+1"],"relics":["Burning Blood","Strawberry","Anchor","Golden Idol","Centennial Puzzle","Astrolabe","Omamori","Regal Pillow","Mummified Hand","Peace Pipe","Gremlin Horn"],"potions_floor_usage":[18,19,23,23,33],"damage_taken":[{"damage":4,"enemies":"Jaw Worm","floor":1,"turns":4},{"damage":2,"enemies":"Cultist","floor":5,"turns":4},{"damage":10,"enemies":"2 Louse","floor":7,"turns":3},{"damage":2,"enemies":"2 Fungi Beasts","floor":11,"turns":2},{"damage":16,"enemies":"Gremlin Nob","floor":12,"turns":3},{"damage":5,"enemies":"Exordium Wildlife","floor":14,"turns":2},{"damage":2,"enemies":"Slime Boss","floor":16,"turns":7},{"damage":12,"enemies":"Spheric Guardian","floor":18,"turns":4},{"damage":29,"enemies":"2 Thieves","floor":19,"turns":4},{"damage":20,"enemies":"Snecko","floor":21,"turns":4},{"damage":12,"enemies":"Snake Plant","floor":22,"turns":3},{"damage":48,"enemies":"Slavers","floor":23,"turns":4},{"damage":16,"enemies":"Centurion and Healer","floor":28,"turns":5},{"damage":11,"enemies":"Colosseum Slavers","floor":31,"turns":4},{"damage":52,"enemies":"Colosseum Nobs","floor":31,"turns":5},{"damage":55,"enemies":"Automaton","floor":33,"turns":6}],"seed_played":"-977265528284748279","potions_obtained":[{"floor":11,"key":"Swift Potion"},{"floor":14,"key":"Fire Potion"},{"floor":16,"key":"SkillPotion"},{"floor":18,"key":"Block Potion"},{"floor":19,"key":"Explosive Potion"}],"is_trial":false,"path_per_floor":["M","$","?","$","M","R","M","R","T","?","M","E","R","M","R","B",null,"M","M","?","M","M","E","R","T","T","R","M","?","R","?","R","B"],"character_chosen":"IRONCLAD","items_purchased":["Perfected Strike","Strawberry"],"campfire_rested":1,"item_purchase_floors":[2,2],"current_hp_per_floor":[80,87,87,87,87,87,83,83,83,81,81,71,71,72,72,76,81,75,66,91,77,71,47,47,47,47,47,58,58,58,7,49,0],"gold":670,"neow_bonus":"TWO_FIFTY_GOLD","is_prod":false,"is_daily":false,"chose_seed":false,"campfire_upgraded":7,"win_rate":0,"timestamp":1541986121,"path_taken":["M","$","?","?","M","R","M","R","T","?","M","E","R","M","R","BOSS","M","M","?","M","?","E","R","?","T","R","M","?","R","?","R","BOSS"],"build_version":"2018-11-08","purchased_purges":1,"victory":false,"max_hp_per_floor":[80,87,87,87,87,87,87,87,87,81,81,81,81,81,81,81,81,81,81,91,91,91,91,91,91,91,91,91,91,91,91,91,91],"card_choices":[{"not_picked":["Pommel Strike","Shrug It Off"],"picked":"Shockwave","floor":1},{"not_picked":["Heavy Blade","Havoc","Feel No Pain"],"picked":"SKIP","floor":5},{"not_picked":["Thunderclap","Body Slam"],"picked":"Hemokinesis","floor":7},{"not_picked":["Heavy Blade","Corruption"],"picked":"Twin Strike","floor":11},{"not_picked":["Combust","Flex"],"picked":"Dropkick","floor":12},{"not_picked":["Thunderclap","True Grit","Pummel"],"picked":"SKIP","floor":14},{"not_picked":["Bludgeon","Limit Break"],"picked":"Brutality","floor":16},{"not_picked":["Sword Boomerang+1","Blood for Blood"],"picked":"Pommel Strike","floor":18},{"not_picked":["Anger+1","Thunderclap","Sword Boomerang"],"picked":"SKIP","floor":19},{"not_picked":["Reckless Charge","Burning Pact","Sword Boomerang"],"picked":"SKIP","floor":21},{"not_picked":["Sword Boomerang+1","Exhume"],"picked":"Pommel Strike","floor":22},{"not_picked":["Clothesline","Evolve","Anger"],"picked":"SKIP","floor":23},{"not_picked":["Iron Wave","Shrug It Off","Sentinel+1"],"picked":"SKIP","floor":28},{"not_picked":["Heavy Blade+1","Havoc"],"picked":"Seeing Red+1","floor":31}],"player_experience":360963,"relics_obtained":[{"floor":9,"key":"Anchor"},{"floor":12,"key":"Centennial Puzzle"},{"floor":23,"key":"Omamori"},{"floor":25,"key":"Regal Pillow"},{"floor":26,"key":"Mummified Hand"},{"floor":31,"key":"Peace Pipe"},{"floor":31,"key":"Gremlin Horn"}],"event_choices":[{"damage_healed":0,"gold_gain":0,"cards_transformed":["Defend_R"],"player_choice":"Transformed","damage_taken":0,"max_hp_gain":0,"max_hp_loss":0,"event_name":"Transmorgrifier","floor":3,"gold_loss":0,"cards_obtained":["Warcry"]},{"damage_healed":0,"gold_gain":0,"player_choice":"Lose Max HP","damage_taken":0,"relics_obtained":["Golden Idol"],"max_hp_gain":0,"max_hp_loss":6,"event_name":"Golden Idol","floor":10,"gold_loss":0},{"cards_removed":["Brutality"],"damage_healed":15,"gold_gain":0,"player_choice":"Offered Rare","damage_taken":0,"max_hp_gain":10,"max_hp_loss":0,"event_name":"Bonfire Elementals","floor":20,"gold_loss":0},{"damage_healed":0,"gold_gain":0,"player_choice":"Simplicity","damage_taken":0,"max_hp_gain":0,"max_hp_loss":0,"event_name":"Back to Basics","floor":29,"gold_loss":0,"cards_upgraded":["Strike_R","Strike_R","Strike_R","Strike_R","Strike_R"]},{"damage_healed":0,"gold_gain":0,"player_choice":"Fight","damage_taken":0,"max_hp_gain":0,"max_hp_loss":0,"event_name":"Colosseum","floor":31,"gold_loss":0},{"damage_healed":0,"gold_gain":0,"player_choice":"Fought Nobs","damage_taken":0,"max_hp_gain":0,"max_hp_loss":0,"event_name":"Colosseum","floor":31,"gold_loss":0}],"is_beta":true,"boss_relics":[{"not_picked":["Tiny House","Pandora\u0027s Box"],"picked":"Astrolabe"}],"items_purged_floors":[2],"is_endless":false,"potions_floor_spawned":[11,14,16,18,19,21],"killed_by":"Automaton","ascension_level":2}