{"gold_per_floor":[110,60,90,106,106,106,139,139,139,156,188,188,1,35,35,139,139,153,153,153,165,165,190,190,215,215,228,228,45,45,45,45,149,149,159,159,205,205,205,205,205,205,231,242,268,21,37,55,55,55],"floor_reached":50,"playtime":3514,"items_purged":["Parasite"],"score":615,"play_id":"c7c4de8f-f2f6-4a4c-a657-9797bc470cab","local_time":"20190531163953","is_ascension_mode":false,"campfire_choices":[{"data":"Neutralize","floor":6,"key":"SMITH"},{"data":"Malaise","floor":8,"key":"SMITH"},{"data":"Noxious Fumes","floor":15,"key":"SMITH"},{"data":"Dash","floor":24,"key":"SMITH"},{"data":"Caltrops","floor":32,"key":"SMITH"},{"data":"Catalyst","floor":40,"key":"SMITH"},{"floor":49,"key":"RECALL"}],"neow_cost":"NONE","seed_source_timestamp":1145996708484520,"circlet_count":0,"master_deck":["Defend_G","Defend_G","Defend_G","Defend_G","Defend_G","Strike_G","Strike_G","Strike_G","Survivor","Neutralize+1","Dagger Spray","Dash+1","Malaise+1","Dodge and Roll","Backflip","Noxious Fumes+1","Caltrops+1","Corpse Explosion","Tactician","Expertise+1","Deadly Poison","Bouncing Flask+1","Cloak And Dagger+1","Backflip","Burst","Catalyst+1","Secret Technique","Panache","Reflex+1","Writhe","Doubt","Noxious Fumes+1","Pain","Noxious Fumes+1","Infinite Blades+1"],"relics":["Ring of the Snake","Art of War","Tiny Chest","Bag of Preparation","Pear","The Courier","Lantern","HoveringKite","Oddly Smooth Stone","Regal Pillow","StoneCalendar","ClockworkSouvenir","Blue Candle","Cursed Key","Ginger","Happy Flower","Kunai"],"potions_floor_usage":[7,11,25,33,35,44],"damage_taken":[{"damage":0,"enemies":"Jaw Worm","floor":1,"turns":5},{"damage":0,"enemies":"Small Slimes","floor":4,"turns":2},{"damage":27,"enemies":"Lagavulin","floor":7,"turns":9},{"damage":0,"enemies":"2 Louse","floor":10,"turns":3},{"damage":11,"enemies":"Gremlin Nob","floor":11,"turns":5},{"damage":14,"enemies":"3 Sentries","floor":14,"turns":7},{"damage":19,"enemies":"The Guardian","floor":16,"turns":11},{"damage":8,"enemies":"Chosen","floor":18,"turns":6},{"damage":12,"enemies":"2 Thieves","floor":21,"turns":3},{"damage":0,"enemies":"Book of Stabbing","floor":23,"turns":7},{"damage":1,"enemies":"Slavers","floor":25,"turns":2},{"damage":0,"enemies":"Snake Plant","floor":27,"turns":4},{"damage":28,"enemies":"Automaton","floor":33,"turns":9},{"damage":5,"enemies":"3 Darklings","floor":35,"turns":2},{"damage":31,"enemies":"2 Orb Walkers","floor":37,"turns":3},{"damage":8,"enemies":"3 Shapes","floor":44,"turns":2},{"damage":3,"enemies":"Maw","floor":47,"turns":4},{"damage":34,"enemies":"3 Darklings","floor":48,"turns":2},{"damage":29,"enemies":"Time Eater","floor":50,"turns":8}],"seed_played":"8179606067091454805","potions_obtained":[{"floor":1,"key":"Strength Potion"},{"floor":4,"key":"Strength Potion"},{"floor":14,"key":"Swift Potion"},{"floor":27,"key":"Explosive Potion"},{"floor":33,"key":"Poison Potion"},{"floor":37,"key":"SneckoOil"},{"floor":47,"key":"Swift Potion"}],"is_trial":false,"path_per_floor":["M","?","?","M","?","R","E","R","T","M","E","?","$","E","R","B",null,"M","?","?","M","$","E","R","E","T","M","?","$","?","T","R","B",null,"M","?","?","?","?","R","$","?","T","M","T","$","M","M","R","B"],"character_chosen":"THE_SILENT","items_purchased":["Noxious Fumes","Caltrops","Backflip","ClockworkSouvenir","Kunai","Swift Potion"],"campfire_rested":0,"item_purchase_floors":[13,13,29,29,46,46],"current_hp_per_floor":[70,70,63,63,68,68,41,41,51,51,40,61,61,47,47,28,82,74,74,74,62,62,62,62,61,61,61,45,45,45,45,45,17,87,82,72,41,41,41,41,41,63,63,55,55,55,52,18,18,0],"gold":55,"neow_bonus":"RANDOM_COMMON_RELIC","is_prod":false,"is_daily":false,"chose_seed":false,"campfire_upgraded":6,"win_rate":0,"timestamp":1559345993,"path_taken":["M","?","?","M","?","R","E","R","T","M","E","?","$","E","R","BOSS","M","?","?","?","$","E","R","E","T","M","?","$","?","?","R","BOSS","M","?","?","?","?","R","$","?","T","M","?","$","M","M","R","BOSS"],"build_version":"2019-01-23","purchased_purges":1,"victory":false,"max_hp_per_floor":[70,70,70,70,75,75,75,75,85,85,85,85,82,82,82,82,82,82,82,82,82,82,82,82,82,82,82,87,87,87,87,87,87,87,87,87,87,87,87,87,87,87,87,87,87,87,87,87,87,87],"card_choices":[{"not_picked":["Caltrops","PiercingWail"],"picked":"Dagger Spray","floor":1},{"not_picked":["Prepared","Dagger Spray"],"picked":"Dash","floor":4},{"not_picked":["Infinite Blades","Quick Slash"],"picked":"Malaise","floor":7},{"not_picked":["Prepared","Quick Slash"],"picked":"Dodge and Roll","floor":10},{"not_picked":["Acrobatics","Slice"],"picked":"Backflip","floor":11},{"not_picked":["Masterful Stab","Outmaneuver","Eviscerate"],"picked":"SKIP","floor":14},{"not_picked":["Glass Knife","Malaise"],"picked":"Corpse Explosion","floor":16},{"not_picked":["Blade Dance","Prepared"],"picked":"Tactician","floor":18},{"not_picked":["Concentrate","Sucker Punch","Dagger Throw"],"picked":"SKIP","floor":21},{"not_picked":["Outmaneuver","Underhanded Strike"],"picked":"Deadly Poison","floor":23},{"not_picked":["Finisher","Calculated Gamble+1"],"picked":"Bouncing Flask+1","floor":25},{"not_picked":["Prepared","PiercingWail+1"],"picked":"Cloak And Dagger+1","floor":27},{"not_picked":["Grand Finale","Unload"],"picked":"Burst","floor":33},{"not_picked":["Prepared+1","Finisher+1"],"picked":"Catalyst","floor":35},{"not_picked":["Deep Breath","HandOfGreed"],"picked":"Secret Technique","floor":36},{"not_picked":["Madness","Purity"],"picked":"Panache","floor":36},{"not_picked":["Quick Slash+1","Poisoned Stab+1"],"picked":"Reflex+1","floor":37},{"not_picked":["Terror+1","Flying Knee"],"picked":"Noxious Fumes+1","floor":44},{"not_picked":["Choke","Masterful Stab+1"],"picked":"Noxious Fumes+1","floor":47},{"not_picked":["Terror","Endless Agony+1"],"picked":"Infinite Blades+1","floor":48}],"player_experience":140092,"relics_obtained":[{"floor":7,"key":"Bag of Preparation"},{"floor":9,"key":"Pear"},{"floor":11,"key":"The Courier"},{"floor":14,"key":"Lantern"},{"floor":23,"key":"Oddly Smooth Stone"},{"floor":25,"key":"Regal Pillow"},{"floor":26,"key":"StoneCalendar"},{"floor":31,"key":"Blue Candle"},{"floor":37,"key":"Ginger"},{"floor":45,"key":"Happy Flower"}],"event_choices":[{"cards_removed":["Strike_G"],"damage_healed":0,"gold_gain":0,"player_choice":"Card Removal","damage_taken":0,"max_hp_gain":0,"max_hp_loss":0,"event_name":"The Cleric","floor":2,"gold_loss":50},{"damage_healed":0,"gold_gain":0,"player_choice":"Success","damage_taken":7,"relics_obtained":["Tiny Chest"],"max_hp_gain":0,"max_hp_loss":0,"event_name":"Scrap Ooze","floor":3,"gold_loss":0},{"damage_healed":0,"gold_gain":0,"player_choice":"Donut","damage_taken":0,"max_hp_gain":5,"max_hp_loss":0,"event_name":"Big Fish","floor":5,"gold_loss":0},{"damage_healed":21,"gold_gain":0,"player_choice":"Healed and dodged fight","damage_taken":0,"max_hp_gain":0,"max_hp_loss":0,"event_name":"Mushrooms","floor":12,"gold_loss":0,"cards_obtained":["Parasite"]},{"damage_healed":0,"gold_gain":0,"player_choice":"Read","damage_taken":0,"max_hp_gain":0,"max_hp_loss":0,"event_name":"The Library","floor":19,"gold_loss":0,"cards_obtained":["Expertise"]},{"damage_healed":0,"gold_gain":0,"player_choice":"Upgraded","damage_taken":0,"max_hp_gain":0,"max_hp_loss":0,"event_name":"Upgrade Shrine","floor":20,"gold_loss":0,"cards_upgraded":["Expertise"]},{"damage_healed":0,"gold_gain":0,"player_choice":"Shed Blood","damage_taken":21,"max_hp_gain":5,"max_hp_loss":0,"event_name":"Forgotten Altar","floor":28,"gold_loss":0},{"damage_healed":0,"gold_gain":0,"player_choice":"Memory 3","damage_taken":10,"max_hp_gain":0,"max_hp_loss":0,"event_name":"SensoryStone","floor":36,"gold_loss":0},{"damage_healed":0,"gold_gain":0,"player_choice":"Fight","damage_taken":0,"max_hp_gain":0,"max_hp_loss":0,"event_name":"Mysterious Sphere","floor":37,"gold_loss":0},{"cards_removed":["Strike_G"],"damage_healed":0,"gold_gain":0,"player_choice":"Removed Attack","damage_taken":0,"max_hp_gain":0,"max_hp_loss":0,"event_name":"Falling","floor":38,"gold_loss":0},{"damage_healed":0,"gold_gain":0,"player_choice":"Ignored","damage_taken":0,"max_hp_gain":0,"max_hp_loss":0,"event_name":"Tomb of Lord Red Mask","floor":39,"gold_loss":0},{"damage_healed":22,"gold_gain":0,"player_choice":"Writhe","damage_taken":0,"max_hp_gain":0,"max_hp_loss":0,"event_name":"Winding Halls","floor":42,"gold_loss":0,"cards_obtained":["Writhe"]}],"is_beta":false,"boss_relics":[{"not_picked":["Ectoplasm","Fusion Hammer"],"picked":"HoveringKite"},{"not_picked":["Orrery","Sozu"],"picked":"Cursed Key"}],"items_purged_floors":[13],"is_endless":false,"potions_floor_spawned":[1,4,14,27,33,37,47],"killed_by":"Time Eater","ascension_level":0}