{"gold_per_floor":[109,109,57,68,18,53,53,53,53,53,4,4,4,37,37,135,135,152,123,136,61,71,71,71,81,108,121,121,139,10,21,21,124,124,136,86,101,101,119,119,219,219,219,219,219,219,219,47,47,47],"floor_reached":51,"playtime":3369,"items_purged":["Defend_B","Strike_B","Defend_B"],"score":701,"play_id":"3f31d9c9-f769-4ec5-8f95-86957eb8b30b","local_time":"20190107225753","is_ascension_mode":false,"campfire_choices":[{"data":"Loop","floor":7,"key":"SMITH"},{"data":"Dualcast","floor":10,"key":"SMITH"},{"data":"Zap","floor":13,"key":"SMITH"},{"floor":15,"key":"REST"},{"data":"Defragment","floor":23,"key":"SMITH"},{"floor":32,"key":"REST"},{"data":"Creative AI","floor":40,"key":"SMITH"},{"floor":45,"key":"REST"},{"data":"Capacitor","floor":49,"key":"SMITH"}],"neow_cost":"NONE","seed_source_timestamp":295469243463650,"circlet_count":0,"master_deck":["Zap+1","Dualcast+1","Loop+1","Steam","Coolheaded","Beam Cell","Coolheaded+1","All For One","Capacitor+1","Double Energy+1","Defragment+1","Barrage","Leap+1","Capacitor+1","Hologram+1","Creative AI+1"],"relics":["FrozenCore","Strawberry","Oddly Smooth Stone","Potion Belt","Vajra","Smiling Mask","Cables","Empty Cage","Unceasing Top","War Paint","Meat on the Bone"],"potions_floor_usage":[14,22,24,25,25,35,50,50,50],"damage_taken":[{"damage":7,"enemies":"Small Slimes","floor":1,"turns":4},{"damage":1,"enemies":"Jaw Worm","floor":4,"turns":4},{"damage":15,"enemies":"3 Sentries","floor":6,"turns":11},{"damage":12,"enemies":"Lagavulin","floor":14,"turns":7},{"damage":59,"enemies":"Slime Boss","floor":16,"turns":20},{"damage":0,"enemies":"Shell Parasite","floor":18,"turns":7},{"damage":16,"enemies":"2 Thieves","floor":19,"turns":5},{"damage":25,"enemies":"Chosen and Byrds","floor":20,"turns":11},{"damage":0,"enemies":"Shelled Parasite and Fungi","floor":22,"turns":8},{"damage":25,"enemies":"Colosseum Slavers","floor":24,"turns":2},{"damage":15,"enemies":"Sentry and Sphere","floor":25,"turns":6},{"damage":0,"enemies":"Cultist and Chosen","floor":27,"turns":10},{"damage":0,"enemies":"3 Cultists","floor":29,"turns":7},{"damage":0,"enemies":"Shelled Parasite and Fungi","floor":31,"turns":5},{"damage":0,"enemies":"Champ","floor":33,"turns":15},{"damage":1,"enemies":"3 Darklings","floor":35,"turns":6},{"damage":11,"enemies":"Orb Walker","floor":37,"turns":5},{"damage":14,"enemies":"Transient","floor":39,"turns":5},{"damage":0,"enemies":"Mind Bloom Boss Battle","floor":41,"turns":7},{"damage":10,"enemies":"Donu and Deca","floor":50,"turns":12}],"seed_played":"8446810551568392124","potions_obtained":[{"floor":1,"key":"SteroidPotion"},{"floor":4,"key":"Energy Potion"},{"floor":19,"key":"Regen Potion"},{"floor":20,"key":"Poison Potion"},{"floor":22,"key":"PowerPotion"},{"floor":27,"key":"Weak Potion"},{"floor":33,"key":"EssenceOfSteel"},{"floor":39,"key":"Energy Potion"},{"floor":41,"key":"LiquidBronze"}],"is_trial":false,"path_per_floor":["M","?","$","M","?","E","R","?","T","R","$","?","R","E","R","B",null,"M","M","M","?","M","R","?","M","T","M","T","M","$","M","R","B",null,"M","$","M","?","M","R","?","?","T","?","R","T","?","$","R","B",null],"character_chosen":"DEFECT","items_purchased":["Steam","Coolheaded","Capacitor","Dexterity Potion","Regen Potion"],"campfire_rested":3,"item_purchase_floors":[3,11,30,48,48],"current_hp_per_floor":[75,75,75,74,74,59,59,59,59,59,59,59,59,47,71,12,82,82,66,41,41,41,41,16,16,16,16,16,16,16,16,40,40,82,81,81,70,70,56,56,56,56,56,56,80,80,78,78,78,68],"gold":47,"neow_bonus":"RANDOM_COMMON_RELIC","is_prod":false,"is_daily":false,"chose_seed":false,"campfire_upgraded":6,"win_rate":0,"timestamp":1546919873,"path_taken":["M","?","$","M","?","E","R","?","T","R","?","?","R","E","R","BOSS","M","M","?","?","M","R","?","M","T","M","?","?","$","M","R","BOSS","M","$","M","?","M","R","?","?","T","?","R","?","?","$","R","BOSS"],"build_version":"2019-01-03v4","purchased_purges":3,"victory":true,"max_hp_per_floor":[82,82,82,82,82,82,82,82,82,82,82,82,82,82,82,82,82,82,82,82,82,82,82,82,82,82,82,82,82,82,82,82,82,82,82,82,82,82,82,82,82,82,82,82,82,82,78,78,78,78],"card_choices":[{"not_picked":["Reinforced Body","Streamline"],"picked":"Loop","floor":1},{"not_picked":["Streamline","Leap"],"picked":"Coolheaded","floor":4},{"not_picked":["Rip and Tear","Recycle"],"picked":"Beam Cell","floor":6},{"not_picked":["Barrage","Stack"],"picked":"Chill","floor":14},{"not_picked":["Creative AI","Biased Cognition"],"picked":"All For One","floor":16},{"not_picked":["Melter+1","Storm+1"],"picked":"Capacitor+1","floor":18},{"not_picked":["Coolheaded+1","Beam Cell"],"picked":"Double Energy","floor":19},{"not_picked":["Turbo+1","Static Discharge"],"picked":"Defragment","floor":20},{"not_picked":["Cold Snap","Aggregate"],"picked":"Barrage","floor":22},{"not_picked":["Sunder","Gash+1"],"picked":"Leap+1","floor":25},{"not_picked":["Streamline","Fusion+1","Steam"],"picked":"SKIP","floor":27},{"not_picked":["Force Field","Go for the Eyes","Undo+1"],"picked":"SKIP","floor":29},{"not_picked":["Force Field","Reprogram"],"picked":"Hologram+1","floor":31},{"not_picked":["Echo Form","All For One"],"picked":"Creative AI","floor":33},{"not_picked":["Hello World+1","Coolheaded","Beam Cell"],"picked":"SKIP","floor":35},{"not_picked":["Chill+1","Loop+1","Rebound"],"picked":"SKIP","floor":37},{"not_picked":["Beam Cell+1","Gash+1","Reprogram+1"],"picked":"SKIP","floor":39}],"player_experience":469827,"relics_obtained":[{"floor":6,"key":"Oddly Smooth Stone"},{"floor":9,"key":"Potion Belt"},{"floor":14,"key":"Vajra"},{"floor":26,"key":"Smiling Mask"},{"floor":28,"key":"Cables"},{"floor":41,"key":"Unceasing Top"},{"floor":43,"key":"War Paint"},{"floor":46,"key":"Meat on the Bone"}],"event_choices":[{"damage_healed":0,"gold_gain":0,"player_choice":"Ignored","damage_taken":0,"max_hp_gain":0,"max_hp_loss":0,"event_name":"Shining Light","floor":2,"gold_loss":0},{"cards_removed":["Strike_B"],"damage_healed":0,"gold_gain":0,"player_choice":"Card Removal","damage_taken":0,"max_hp_gain":0,"max_hp_loss":0,"event_name":"The Cleric","floor":5,"gold_loss":50},{"damage_healed":0,"gold_gain":0,"player_choice":"Ignored","damage_taken":0,"max_hp_gain":0,"max_hp_loss":0,"event_name":"Golden Idol","floor":8,"gold_loss":0},{"cards_removed":["Defend_B"],"damage_healed":0,"gold_gain":0,"player_choice":"Offered Basic","damage_taken":0,"max_hp_gain":0,"max_hp_loss":0,"event_name":"Bonfire Elementals","floor":12,"gold_loss":0},{"cards_removed":["Defend_B"],"damage_healed":0,"gold_gain":0,"player_choice":"Gave Gold","damage_taken":0,"max_hp_gain":0,"max_hp_loss":0,"event_name":"Beggar","floor":21,"gold_loss":75},{"damage_healed":0,"gold_gain":0,"player_choice":"Fight","damage_taken":0,"max_hp_gain":0,"max_hp_loss":0,"event_name":"Colosseum","floor":24,"gold_loss":0},{"damage_healed":0,"gold_gain":0,"player_choice":"Fled From Nobs","damage_taken":0,"max_hp_gain":0,"max_hp_loss":0,"event_name":"Colosseum","floor":24,"gold_loss":0},{"cards_removed":["Chill"],"damage_healed":0,"gold_gain":0,"player_choice":"Removed Skill","damage_taken":0,"max_hp_gain":0,"max_hp_loss":0,"event_name":"Falling","floor":38,"gold_loss":0},{"damage_healed":0,"gold_gain":0,"player_choice":"Fight","damage_taken":0,"max_hp_gain":0,"max_hp_loss":0,"event_name":"MindBloom","floor":41,"gold_loss":0},{"damage_healed":0,"gold_gain":0,"player_choice":"Ignored","damage_taken":0,"max_hp_gain":0,"max_hp_loss":0,"event_name":"Tomb of Lord Red Mask","floor":42,"gold_loss":0},{"damage_healed":0,"gold_gain":0,"player_choice":"Ignored","damage_taken":0,"max_hp_gain":0,"max_hp_loss":0,"event_name":"Mysterious Sphere","floor":44,"gold_loss":0},{"damage_healed":0,"gold_gain":0,"player_choice":"Max HP","damage_taken":0,"max_hp_gain":0,"max_hp_loss":4,"event_name":"Winding Halls","floor":47,"gold_loss":0}],"is_beta":true,"boss_relics":[{"not_picked":["Busted Crown","Lizard Tail"],"picked":"FrozenCore"},{"not_picked":["Eternal Feather","Black Star"],"picked":"Empty Cage"}],"items_purged_floors":[30,36,48],"is_endless":false,"potions_floor_spawned":[1,4,19,20,22,27,33,39,41],"ascension_level":0}