{"path_per_floor":["M","M","M","M","M","R","$","E","T","?","R","?","T","M","R","B",null,"M","?","M","?","M","R","$","R","T","M","M","?","M","M","R","B",null,"M","$","M","?","M","R","?"],"character_chosen":"DEFECT","items_purchased":["Leap","Regal Pillow","Bag of Preparation","Block Potion"],"gold_per_floor":[118,128,142,159,173,173,52,82,82,82,82,182,233,243,243,347,347,357,357,374,299,315,315,21,21,21,31,47,47,64,76,76,177,177,197,47,65,65,85,85,85,85],"floor_reached":42,"campfire_rested":5,"playtime":2807,"current_hp_per_floor":[75,70,69,60,47,47,47,23,23,23,45,45,45,45,45,17,75,62,62,60,60,27,49,49,75,75,47,46,46,20,14,51,1,75,58,58,49,40,31,68,68,0],"items_purged":["Strike_B","Defend_B"],"gold":85,"score":427,"play_id":"6f417d54-939f-4846-8ec8-0c7a57b4e2c1","local_time":"20180504155544","is_prod":false,"is_daily":false,"chose_seed":false,"is_ascension_mode":false,"campfire_upgraded":2,"timestamp":1525463744,"path_taken":["M","?","M","M","M","R","$","E","T","?","R","?","?","M","R","BOSS","M","?","M","?","M","R","?","R","T","M","M","?","M","M","R","BOSS","M","$","M","?","M","R","?","BOSS"],"build_version":"2018-05-03","seed_source_timestamp":20448267064902,"purchased_purges":4,"victory":false,"master_deck":["Strike_B","Strike_B","Defend_B","Defend_B","Zap+1","Dualcast","Rainbow","Storm","Go for the Eyes+1","FTL","Leap+1","BootSequence","Leap","Machine Learning","Scrape","Loop","White Noise","Tempest","FTL","Coolheaded","Nova","Heatsinks","White Noise+1","White Noise","Tempest+1","Leap","Force Field+1","Madness","Madness","Leap+1"],"max_hp_per_floor":[75,75,75,75,75,75,75,75,75,75,75,75,75,75,75,75,75,75,75,75,75,75,75,75,75,75,75,75,75,75,75,75,75,75,75,75,75,75,75,75,75,75],"relics":["Cracked Core","Bottled Lightning","Toolbox","Juzu Bracelet","Nuclear Battery","Regal Pillow","Bag of Preparation","Sundial","Orrery"],"card_choices":[{"not_picked":["Go for the Eyes","Rebound"],"picked":"Storm","floor":2},{"not_picked":["Impulse","Hologram"],"picked":"Go for the Eyes","floor":3},{"not_picked":["Leap","Coolheaded"],"picked":"FTL","floor":4},{"not_picked":["Leap","Skim"],"picked":"BootSequence","floor":8},{"not_picked":["Barrage","Axe Kick"],"picked":"Leap","floor":14},{"not_picked":["Multi-Cast","Prime"],"picked":"Machine Learning","floor":16},{"not_picked":["Skim","Rebound"],"picked":"Scrape","floor":18},{"not_picked":["Aggregate","Impulse"],"picked":"Loop","floor":20},{"not_picked":["Axe Kick","Double Energy"],"picked":"White Noise","floor":22},{"not_picked":["Cold Snap","Ball Lightning"],"picked":"Tempest","floor":27},{"not_picked":["Leap","Blizzard"],"picked":"FTL","floor":28},{"not_picked":["Rainbow","Hyperbeam"],"picked":"Nova","floor":33},{"not_picked":["Beam Cell","Barrage"],"picked":"Heatsinks","floor":34},{"not_picked":["Coolheaded","Cold Snap"],"picked":"White Noise","floor":34},{"not_picked":["Lockon","Impulse"],"picked":"White Noise","floor":34},{"not_picked":["Capacitor","Steam Power"],"picked":"Tempest","floor":34},{"not_picked":["Rebound","Sweeping Beam"],"picked":"Leap","floor":34},{"not_picked":["Tempest","Barrage"],"picked":"Force Field","floor":37},{"not_picked":["Aggregate","Stack"],"picked":"Leap","floor":39}],"player_experience":239167,"potions_floor_usage":[16,16,31,33,33,42,42],"damage_taken":[{"damage":0,"enemies":"Cultist","floor":1,"turns":4},{"damage":5,"enemies":"Small Slimes","floor":2,"turns":4},{"damage":1,"enemies":"2 Louse","floor":3,"turns":3},{"damage":9,"enemies":"Red Slaver","floor":4,"turns":3},{"damage":13,"enemies":"Large Slime","floor":5,"turns":5},{"damage":24,"enemies":"Gremlin Nob","floor":8,"turns":5},{"damage":0,"enemies":"Looter","floor":14,"turns":3},{"damage":28,"enemies":"Slime Boss","floor":16,"turns":14},{"damage":17,"enemies":"3 Byrds","floor":18,"turns":7},{"damage":2,"enemies":"Shell Parasite","floor":20,"turns":5},{"damage":33,"enemies":"Chosen and Byrds","floor":22,"turns":6},{"damage":28,"enemies":"Cultist and Chosen","floor":27,"turns":8},{"damage":1,"enemies":"Snake Plant","floor":28,"turns":3},{"damage":26,"enemies":"Sentry and Sphere","floor":30,"turns":5},{"damage":6,"enemies":"Snecko","floor":31,"turns":5},{"damage":50,"enemies":"Champ","floor":33,"turns":14},{"damage":17,"enemies":"Flame Bruiser 1 Orb","floor":35,"turns":4},{"damage":9,"enemies":"Orb Walker","floor":37,"turns":3},{"damage":16,"enemies":"3 Darklings","floor":39,"turns":6},{"damage":71,"enemies":"Donu and Deca","floor":42,"turns":7}],"event_choices":[{"event_name":"Living Wall","player_choice":"Grow","floor":10,"damage_taken":0},{"event_name":"Golden Shrine","player_choice":"Pray","floor":12,"damage_taken":0},{"event_name":"Vampires","player_choice":"Ignored","floor":19,"damage_taken":0},{"event_name":"Beggar","player_choice":"Gave Gold","floor":21,"damage_taken":0},{"event_name":"Transmorgrifier","player_choice":"Transform","floor":29,"damage_taken":0},{"event_name":"Winding Halls","player_choice":"Embrace Madness","floor":38,"damage_taken":0},{"event_name":"SecretPortal","player_choice":"Took Portal.","floor":41,"damage_taken":0}],"boss_relics":[{"not_picked":["Tiny House","Pandora\u0027s Box"],"picked":"Nuclear Battery"},{"not_picked":["White Beast Statue","Eternal Feather"],"picked":"Orrery"}],"potions_floor_spawned":[1,3,8,16,28,30,37,39],"seed_played":"5692360365201610600","killed_by":"Donu and Deca","ascension_level":0,"is_trial":false}