{"gold_per_floor":[117,117,137,137,154,154,186,186,209,229,194,211,291,322,322,417,417,427,437,451,465,465,465,465],"floor_reached":24,"playtime":739,"items_purged":[],"score":400,"play_id":"8c97ebda-ff52-4312-ab11-447754cba383","local_time":"20190126150827","is_ascension_mode":true,"campfire_choices":[{"data":"Zap","floor":6.0,"key":"SMITH"},{"data":"Zap","floor":8.0,"key":"SMITH"},{"floor":15.0,"key":"REST"},{"floor":23,"key":"REST"}],"neow_cost":"NONE","seed_source_timestamp":61883701915300,"circlet_count":0,"master_deck":["AscendersBane","Strike_B","Strike_B","Strike_B","Defend_B","Defend_B","Defend_B","Defend_B","Zap+1","Dualcast","Ball Lightning","Thunder Strike","Zap+1","Ball Lightning","Coolheaded","Static Discharge","Tempest","Electrodynamics","Coolheaded+1","Leap","Consume"],"special_seed":0,"relics":["Cracked Core","Potion Belt","Pantograph","Blood Vial","Molten Egg 2","Boot","Cursed Key","Bag of Marbles"],"potions_floor_usage":[21,21],"damage_taken":[{"damage":2.0,"enemies":"Jaw Worm","floor":1.0,"turns":3.0},{"damage":2.0,"enemies":"2 Louse","floor":3.0,"turns":3.0},{"damage":1.0,"enemies":"Cultist","floor":5.0,"turns":3.0},{"damage":18.0,"enemies":"Lagavulin","floor":7.0,"turns":6.0},{"damage":9.0,"enemies":"Looter","floor":10.0,"turns":2.0},{"damage":3.0,"enemies":"Blue Slaver","floor":12.0,"turns":2.0},{"damage":32.0,"enemies":"Gremlin Nob","floor":14.0,"turns":4.0},{"damage":0.0,"enemies":"Slime Boss","floor":16.0,"turns":7.0},{"damage":6.0,"enemies":"Spheric Guardian","floor":18.0,"turns":3.0},{"damage":25,"enemies":"Shell Parasite","floor":19,"turns":3},{"damage":22,"enemies":"Shelled Parasite and Fungi","floor":20,"turns":5},{"damage":29,"enemies":"Snake Plant","floor":21,"turns":3},{"damage":33,"enemies":"Book of Stabbing","floor":24,"turns":4}],"seed_played":"5156447354031198590","potions_obtained":[{"floor":3.0,"key":"FearPotion"},{"floor":7.0,"key":"AttackPotion"},{"floor":10.0,"key":"FairyPotion"},{"floor":12.0,"key":"FearPotion"},{"floor":16.0,"key":"PowerPotion"},{"floor":21,"key":"LiquidBronze"}],"is_trial":false,"path_per_floor":["M","?","M","?","M","R","E","R","T","M","?","M","T","E","R","B",null,"M","M","M","M","?","R","E"],"character_chosen":"DEFECT","items_purchased":[],"campfire_rested":2,"item_purchase_floors":[],"current_hp_per_floor":[66,63,61,61,60,60,42,42,42,35,53,52,52,22,44,71,74,69,46,26,7,7,29,0],"gold":465,"neow_bonus":"REMOVE_CARD","is_prod":false,"is_daily":false,"chose_seed":false,"campfire_upgraded":2,"win_rate":0,"timestamp":1548533307,"path_taken":["M","?","M","?","?","R","E","R","T","M","?","M","?","E","R","BOSS","M","M","M","M","?","R","E"],"build_version":"2019-01-23","purchased_purges":0,"victory":false,"max_hp_per_floor":[75,75,75,75,75,75,75,75,75,75,75,75,75,75,75,75,75,75,75,75,75,75,75,75],"card_choices":[{"not_picked":["Leap","Conserve Battery"],"picked":"Ball Lightning","floor":1.0},{"not_picked":["Hologram","Streamline"],"picked":"Thunder Strike","floor":3.0},{"not_picked":["Double Energy","Reprogram"],"picked":"Coolheaded","floor":5.0},{"not_picked":["Beam Cell","Sweeping Beam","Skim"],"picked":"SKIP","floor":7.0},{"not_picked":["Steam","Redo","Cold Snap"],"picked":"SKIP","floor":10.0},{"not_picked":["Seek","FTL"],"picked":"Static Discharge","floor":12.0},{"not_picked":["Skim","Aggregate"],"picked":"Tempest","floor":14.0},{"not_picked":["Machine Learning","Buffer"],"picked":"Electrodynamics","floor":16.0},{"not_picked":["Leap","Hologram"],"picked":"Coolheaded+1","floor":18.0},{"not_picked":["Loop","Conserve Battery"],"picked":"Leap","floor":19},{"not_picked":["Heatsinks","Streamline+1","Blizzard+1"],"picked":"SKIP","floor":20},{"not_picked":["Skim","Sweeping Beam+1"],"picked":"Consume","floor":21}],"player_experience":534355,"relics_obtained":[{"floor":7.0,"key":"Pantograph"},{"floor":9.0,"key":"Blood Vial"},{"floor":13.0,"key":"Molten Egg 2"},{"floor":14.0,"key":"Boot"}],"event_choices":[{"damage_healed":0.0,"max_hp_gain":0.0,"max_hp_loss":0.0,"gold_gain":0.0,"event_name":"Scrap Ooze","player_choice":"Success","floor":2.0,"gold_loss":0.0,"damage_taken":3.0,"relics_obtained":["Potion Belt"]},{"damage_healed":0.0,"max_hp_gain":0.0,"max_hp_loss":0.0,"gold_gain":0.0,"event_name":"Match and Keep!","player_choice":"2 cards matched","floor":4.0,"gold_loss":0.0,"damage_taken":0.0,"cards_obtained":["Zap","Ball Lightning"]},{"damage_healed":18.0,"max_hp_gain":0.0,"max_hp_loss":0.0,"gold_gain":0.0,"event_name":"The Cleric","player_choice":"Healed","floor":11.0,"gold_loss":35.0,"damage_taken":0.0},{"damage_healed":0,"gold_gain":0,"player_choice":"Gave Potion","damage_taken":0,"relics_obtained":["Bag of Marbles"],"max_hp_gain":0,"max_hp_loss":0,"event_name":"WeMeetAgain","floor":22,"gold_loss":0}],"is_beta":true,"boss_relics":[{"not_picked":["Lizard Tail","Runic Pyramid"],"picked":"Cursed Key"}],"items_purged_floors":[],"is_endless":false,"potions_floor_spawned":[3,7,10,12,16,21],"killed_by":"Book of Stabbing","ascension_level":11}