{"gold_per_floor":[114,39,52,62,62,62,123,123],"floor_reached":8,"playtime":224,"items_purged":["Strike_R"],"score":53,"play_id":"7857fd9b-eeb1-42c5-aa12-45952fd90454","local_time":"20190505154219","is_ascension_mode":true,"campfire_choices":[{"data":"Metallicize","floor":6,"key":"SMITH"}],"neow_cost":"NONE","seed_source_timestamp":1094209955886600,"circlet_count":0,"master_deck":["Strike_R","Strike_R","Strike_R","Strike_R","Defend_R","Defend_R","Defend_R","Defend_R","Bash","Metallicize+1","Shrug It Off","Regret","Barricade"],"relics":["Burning Blood","NeowsBlessing","Calipers","Centennial Puzzle"],"potions_floor_usage":[7],"damage_taken":[{"damage":0,"enemies":"Cultist","floor":1,"turns":1},{"damage":0,"enemies":"Small Slimes","floor":3,"turns":1},{"damage":0,"enemies":"Jaw Worm","floor":4,"turns":1},{"damage":47,"enemies":"Gremlin Nob","floor":7,"turns":6},{"damage":44,"enemies":"3 Sentries","floor":8,"turns":7}],"seed_played":"2661795766507562052","potions_obtained":[{"floor":1,"key":"Weak Potion"},{"floor":7,"key":"LiquidBronze"}],"is_trial":false,"path_per_floor":["M","$","M","M","?","R","?","E"],"character_chosen":"IRONCLAD","items_purchased":[],"campfire_rested":0,"item_purchase_floors":[],"current_hp_per_floor":[80,80,80,80,80,80,39,0],"gold":123,"neow_bonus":"THREE_ENEMY_KILL","is_prod":false,"is_daily":false,"chose_seed":false,"campfire_upgraded":1,"win_rate":0,"timestamp":1557085339,"path_taken":["M","$","M","?","?","R","?","E"],"build_version":"2019-01-23","purchased_purges":1,"victory":false,"max_hp_per_floor":[80,80,80,80,80,80,80,80],"card_choices":[{"not_picked":["Second Wind","Pommel Strike"],"picked":"Metallicize","floor":1},{"not_picked":["Cleave","Havoc","Sword Boomerang"],"picked":"SKIP","floor":3},{"not_picked":["Cleave","Havoc","Sword Boomerang"],"picked":"SKIP","floor":3},{"not_picked":["Heavy Blade","Combust"],"picked":"Shrug It Off","floor":4},{"not_picked":["Clothesline","Iron Wave"],"picked":"Barricade","floor":7}],"player_experience":253861,"relics_obtained":[{"floor":7,"key":"Centennial Puzzle"}],"event_choices":[{"damage_healed":0,"gold_gain":0,"player_choice":"Box","damage_taken":0,"relics_obtained":["Calipers"],"max_hp_gain":0,"max_hp_loss":0,"event_name":"Big Fish","floor":5,"gold_loss":0,"cards_obtained":["Regret"]},{"damage_healed":0,"gold_gain":0,"player_choice":"Searched \u00271\u0027 times","damage_taken":0,"max_hp_gain":0,"max_hp_loss":0,"event_name":"Dead Adventurer","floor":7,"gold_loss":0}],"is_beta":false,"boss_relics":[],"items_purged_floors":[2],"is_endless":false,"potions_floor_spawned":[1,7],"killed_by":"3 Sentries","ascension_level":3}