{"gold_per_floor":[119,119,138,9,28,28,28,28,53,53,53,83,98,128,128,224,224,241,256,256,256,271,305,305,317,317,317,349,364,395,193,193,289,289,304,304,318,337,349,378,478,129,129,129,155,155,171,201,213,225],"floor_reached":51,"playtime":4003,"items_purged":["Strike_B","Redo"],"score":842,"play_id":"7979e393-867b-4a8e-bea1-0087d2c04862","local_time":"20190206004252","is_ascension_mode":true,"campfire_choices":[{"data":"Redo","floor":6.0,"key":"SMITH"},{"data":"Zap","floor":8.0,"key":"SMITH"},{"data":"Beam Cell","floor":11.0,"key":"SMITH"},{"data":"Hologram","floor":15.0,"key":"SMITH"},{"floor":27.0,"key":"REST"},{"floor":32.0,"key":"REST"},{"floor":44.0,"key":"REST"},{"floor":49,"key":"REST"}],"neow_cost":"NONE","seed_source_timestamp":78168945178124,"circlet_count":0,"master_deck":["Strike_B","Defend_B","Defend_B","Defend_B","Defend_B","Zap+1","Dualcast+1","Scrape","Redo+1","Cold Snap","Beam Cell+1","Chaos","Hologram+1","Defragment","Machine Learning","Rip and Tear+1","Beam Cell","Conserve Battery+1","Redo+1","Doom and Gloom","Sweeping Beam","All For One","Impatience","Gash+1","Gash+1","Go for the Eyes+1","Gash+1","Go for the Eyes","All For One","Compile Driver+1"],"special_seed":0,"relics":["Cracked Core","Vajra","Symbiotic Virus","Regal Pillow","Cursed Key","MutagenicStrength","Pen Nib","DataDisk","Art of War","Anchor","Ornamental Fan","Mango","Sling","Ice Cream","MawBank"],"potions_floor_usage":[50,50,50],"damage_taken":[{"damage":8.0,"enemies":"Small Slimes","floor":1.0,"turns":4.0},{"damage":1.0,"enemies":"Cultist","floor":3.0,"turns":3.0},{"damage":0.0,"enemies":"Jaw Worm","floor":5.0,"turns":3.0},{"damage":5.0,"enemies":"3 Sentries","floor":12.0,"turns":5.0},{"damage":3.0,"enemies":"Red Slaver","floor":13.0,"turns":2.0},{"damage":0.0,"enemies":"Gremlin Nob","floor":14.0,"turns":2.0},{"damage":11.0,"enemies":"The Guardian","floor":16.0,"turns":8.0},{"damage":5.0,"enemies":"3 Byrds","floor":18.0,"turns":3.0},{"damage":0.0,"enemies":"Spheric Guardian","floor":19.0,"turns":3.0},{"damage":14.0,"enemies":"Centurion and Healer","floor":22.0,"turns":3.0},{"damage":9.0,"enemies":"Slavers","floor":23.0,"turns":3.0},{"damage":5.0,"enemies":"Shelled Parasite and Fungi","floor":25.0,"turns":4.0},{"damage":11.0,"enemies":"Book of Stabbing","floor":28.0,"turns":3.0},{"damage":14.0,"enemies":"Snecko","floor":29.0,"turns":6.0},{"damage":33.0,"enemies":"Slavers","floor":30.0,"turns":3.0},{"damage":39.0,"enemies":"Collector","floor":33.0,"turns":8.0},{"damage":7.0,"enemies":"3 Shapes","floor":35.0,"turns":4.0},{"damage":0.0,"enemies":"Orb Walker","floor":37.0,"turns":2.0},{"damage":5.0,"enemies":"Transient","floor":38.0,"turns":5.0},{"damage":0.0,"enemies":"Maw","floor":39.0,"turns":4.0},{"damage":21.0,"enemies":"Nemesis","floor":40.0,"turns":3.0},{"damage":2.0,"enemies":"Mind Bloom Boss Battle","floor":41.0,"turns":5.0},{"damage":17.0,"enemies":"Reptomancer","floor":45.0,"turns":4.0},{"damage":0,"enemies":"3 Darklings","floor":47,"turns":2},{"damage":1,"enemies":"Giant Head","floor":48,"turns":5},{"damage":26,"enemies":"Awakened One","floor":50,"turns":7}],"seed_played":"-2328446685526749117","potions_obtained":[{"floor":1.0,"key":"Swift Potion"},{"floor":13.0,"key":"SpeedPotion"},{"floor":14.0,"key":"Weak Potion"},{"floor":18.0,"key":"Explosive Potion"},{"floor":22.0,"key":"Fire Potion"},{"floor":28.0,"key":"EssenceOfSteel"},{"floor":33.0,"key":"AttackPotion"},{"floor":35.0,"key":"Block Potion"},{"floor":37.0,"key":"Dexterity Potion"},{"floor":41.0,"key":"Poison Potion"},{"floor":47,"key":"Strength Potion"},{"floor":48,"key":"Weak Potion"}],"is_trial":false,"path_per_floor":["M","?","M","$","M","R","?","R","T","?","R","E","M","E","R","B",null,"M","M","?","?","M","E","T","M","T","R","E","M","E","$","R","B",null,"M","?","M","M","M","E","?","$","T","R","E","?","M","E","R","B",null],"character_chosen":"DEFECT","items_purchased":["Cold Snap","Anchor","Sweeping Beam","Sling","Go for the Eyes"],"campfire_rested":4,"item_purchase_floors":[4,31,31,42,42],"current_hp_per_floor":[74,74,73,73,73,73,78,78,78,78,78,73,70,70,70,59,87,82,82,82,82,68,59,59,54,54,87,76,62,29,29,70,31,87,80,80,80,75,75,54,66,66,66,101,84,84,84,83,101,75],"gold":237,"neow_bonus":"TEN_PERCENT_HP_BONUS","is_prod":false,"is_daily":false,"chose_seed":false,"campfire_upgraded":4,"win_rate":0,"timestamp":1549402972,"path_taken":["M","?","M","$","?","R","?","R","T","?","R","E","?","E","R","BOSS","M","M","?","?","M","E","?","?","T","R","E","M","E","?","R","BOSS","M","?","M","M","M","E","?","$","T","R","E","?","M","E","R","BOSS"],"build_version":"2019-01-23","purchased_purges":2,"victory":true,"max_hp_per_floor":[82,82,82,82,82,82,87,87,87,87,87,87,87,87,87,87,87,87,87,87,87,87,87,87,87,87,87,87,87,87,87,87,87,87,87,87,87,87,87,87,101,101,101,101,101,101,101,101,101,101],"card_choices":[{"not_picked":["Leap","Stack"],"picked":"Scrape","floor":1.0},{"not_picked":["Sunder","Auto Shields"],"picked":"Redo","floor":3.0},{"not_picked":["Consume","Capacitor"],"picked":"Beam Cell","floor":5.0},{"not_picked":["Heatsinks","Undo"],"picked":"Chaos","floor":12.0},{"not_picked":["Recycle","Compile Driver"],"picked":"Hologram","floor":13.0},{"not_picked":["Thunder Strike","Blizzard"],"picked":"Defragment","floor":14.0},{"not_picked":["Amplify","Creative AI"],"picked":"Machine Learning","floor":16.0},{"not_picked":["Steam","Barrage","Turbo"],"picked":"SKIP","floor":18.0},{"not_picked":["Rebound","Hologram"],"picked":"Rip and Tear+1","floor":19.0},{"not_picked":["Cold Snap","Defragment"],"picked":"Beam Cell","floor":22.0},{"not_picked":["Rebound+1","Streamline","Storm"],"picked":"SKIP","floor":23.0},{"not_picked":["Turbo","Steam"],"picked":"Conserve Battery+1","floor":25.0},{"not_picked":["Stack","Compile Driver"],"picked":"Redo","floor":28.0},{"not_picked":["BootSequence","Conserve Battery"],"picked":"Redo+1","floor":29.0},{"not_picked":["Rainbow","Hologram+1"],"picked":"Doom and Gloom","floor":30.0},{"not_picked":["Fission","Thunder Strike"],"picked":"All For One","floor":33.0},{"not_picked":["Steam","Redo+1","Barrage+1"],"picked":"SKIP","floor":35.0},{"not_picked":["Forethought","Bandage Up"],"picked":"Impatience","floor":36.0},{"not_picked":["Beam Cell+1","Loop"],"picked":"Gash+1","floor":37.0},{"not_picked":["Redo","Hyperbeam"],"picked":"Gash+1","floor":38.0},{"not_picked":["White Noise","Sweeping Beam"],"picked":"Go for the Eyes+1","floor":39.0},{"not_picked":["Core Surge","Sunder+1","Creative AI"],"picked":"SKIP","floor":40.0},{"not_picked":["Double Energy+1","Go for the Eyes"],"picked":"Gash+1","floor":41.0},{"not_picked":["Go for the Eyes","Chill+1"],"picked":"All For One","floor":45.0},{"not_picked":["Conserve Battery","Sweeping Beam+1"],"picked":"Compile Driver+1","floor":47},{"not_picked":["Beam Cell","Turbo+1","Leap"],"picked":"SKIP","floor":48}],"player_experience":599714,"relics_obtained":[{"floor":9.0,"key":"Vajra"},{"floor":12.0,"key":"Symbiotic Virus"},{"floor":14.0,"key":"Regal Pillow"},{"floor":23.0,"key":"Pen Nib"},{"floor":28.0,"key":"DataDisk"},{"floor":30.0,"key":"Art of War"},{"floor":40.0,"key":"Ornamental Fan"},{"floor":41.0,"key":"Mango"},{"floor":45.0,"key":"Ice Cream"},{"floor":48,"key":"MawBank"}],"event_choices":[{"cards_removed":["Strike_B"],"damage_healed":0.0,"max_hp_gain":0.0,"max_hp_loss":0.0,"gold_gain":0.0,"event_name":"Bonfire Elementals","player_choice":"Offered Basic","floor":2.0,"gold_loss":0.0,"damage_taken":0.0},{"damage_healed":0.0,"max_hp_gain":5.0,"max_hp_loss":0.0,"gold_gain":0.0,"event_name":"Big Fish","player_choice":"Donut","floor":7.0,"gold_loss":0.0,"damage_taken":0.0},{"damage_healed":0.0,"max_hp_gain":0.0,"max_hp_loss":0.0,"gold_gain":0.0,"event_name":"Accursed Blacksmith","player_choice":"Forge","floor":10.0,"gold_loss":0.0,"damage_taken":0.0,"cards_upgraded":["Dualcast"]},{"damage_healed":0.0,"max_hp_gain":0.0,"max_hp_loss":0.0,"gold_gain":0.0,"event_name":"Drug Dealer","player_choice":"Inject Mutagens","floor":20.0,"gold_loss":0.0,"damage_taken":0.0,"relics_obtained":["MutagenicStrength"]},{"cards_removed":["Strike_B"],"damage_healed":0.0,"max_hp_gain":0.0,"max_hp_loss":0.0,"gold_gain":0.0,"event_name":"Back to Basics","player_choice":"Elegance","floor":21.0,"gold_loss":0.0,"damage_taken":0.0},{"damage_healed":0.0,"max_hp_gain":0.0,"max_hp_loss":0.0,"gold_gain":0.0,"event_name":"SensoryStone","player_choice":"Memory 1","floor":36.0,"gold_loss":0.0,"damage_taken":0.0},{"damage_healed":0.0,"max_hp_gain":0.0,"max_hp_loss":0.0,"gold_gain":0.0,"event_name":"MindBloom","player_choice":"Fight","floor":41.0,"gold_loss":0.0,"damage_taken":0.0},{"damage_healed":0,"gold_gain":0,"player_choice":"Ignored","damage_taken":0,"max_hp_gain":0,"max_hp_loss":0,"event_name":"Tomb of Lord Red Mask","floor":46,"gold_loss":0}],"is_beta":false,"boss_relics":[{"not_picked":["Pandora\u0027s Box","FrozenCore"],"picked":"Cursed Key"},{"not_picked":["Velvet Choker","Runic Pyramid","Snecko Eye"]}],"items_purged_floors":[4,42],"is_endless":false,"potions_floor_spawned":[1,13,14,18,22,28,33,35,37,41,47,48],"ascension_level":1}