{"gold_per_floor":[111,128,128,145,6,37,37,51,51,83,83,8,8,28,28,103,103,121,140,87,101,121,121,156,172,222,222,247,247,260,274,274,350,350,363,463,463,220,238,238,254,25,25,37,70,96,96,17,17,17,17,17,17,47,47],"floor_reached":55,"playtime":5281,"items_purged":["Strike_R","Strike_R"],"score":1365,"play_id":"8a591580-1bf3-4d42-aba7-90f4ef23c91d","local_time":"20190404105551","is_ascension_mode":true,"campfire_choices":[{"data":"Inflame","floor":7.0,"key":"SMITH"},{"data":"Carnage","floor":13.0,"key":"SMITH"},{"floor":15.0,"key":"REST"},{"data":"Armaments","floor":23.0,"key":"SMITH"},{"data":"Limit Break","floor":27.0,"key":"SMITH"},{"data":"True Grit","floor":32.0,"key":"SMITH"},{"floor":40,"key":"RECALL"},{"floor":47,"key":"REST"},{"floor":49,"key":"REST"},{"floor":52,"key":"REST"}],"neow_cost":"NONE","seed_source_timestamp":0,"circlet_count":0,"master_deck":["AscendersBane","Strike_R","Strike_R","Defend_R","Defend_R","Defend_R","Defend_R","Bash+1","Cleave","Iron Wave","Corruption","Carnage+1","Inflame+1","True Grit+1","Thunderclap","Impervious","Limit Break+1","Battle Trance","Armaments+1","Shrug It Off","Fiend Fire","Hemokinesis","Rupture","Brutality","Sword Boomerang","Limit Break+1","Shrug It Off+1","Uppercut","True Grit+1","Fiend Fire","Limit Break+1","Disarm+1","Demon Form"],"special_seed":0,"relics":["Burning Blood","Bag of Preparation","Letter Opener","Bird Faced Urn","Snecko Eye","Mercury Hourglass","PreservedInsect","Paper Frog","Shuriken","Fusion Hammer","WingedGreaves","Pen Nib","Vajra","Art of War","Toxic Egg 2","Ice Cream"],"potions_floor_usage":[33,45,55,55],"damage_taken":[{"damage":7.0,"enemies":"Jaw Worm","floor":1.0,"turns":3.0},{"damage":5.0,"enemies":"Cultist","floor":2.0,"turns":4.0},{"damage":0.0,"enemies":"2 Louse","floor":4.0,"turns":4.0},{"damage":30.0,"enemies":"Lagavulin","floor":6.0,"turns":7.0},{"damage":8.0,"enemies":"Blue Slaver","floor":8.0,"turns":5.0},{"damage":16.0,"enemies":"Gremlin Nob","floor":10.0,"turns":4.0},{"damage":10.0,"enemies":"Lots of Slimes","floor":14.0,"turns":2.0},{"damage":0.0,"enemies":"Slime Boss","floor":16.0,"turns":9.0},{"damage":0.0,"enemies":"Chosen","floor":18.0,"turns":3.0},{"damage":0.0,"enemies":"Spheric Guardian","floor":19.0,"turns":2.0},{"damage":0.0,"enemies":"3 Cultists","floor":21.0,"turns":3.0},{"damage":0.0,"enemies":"Snecko","floor":22.0,"turns":3.0},{"damage":0.0,"enemies":"Gremlin Leader","floor":24.0,"turns":3.0},{"damage":0.0,"enemies":"Sentry and Sphere","floor":25.0,"turns":3.0},{"damage":5.0,"enemies":"Slavers","floor":28.0,"turns":4.0},{"damage":8.0,"enemies":"Cultist and Chosen","floor":30.0,"turns":4.0},{"damage":0.0,"enemies":"Snecko","floor":31.0,"turns":3.0},{"damage":21,"enemies":"Automaton","floor":33,"turns":6},{"damage":4,"enemies":"3 Shapes","floor":35,"turns":3},{"damage":4,"enemies":"Mind Bloom Boss Battle","floor":36,"turns":5},{"damage":0,"enemies":"Orb Walker","floor":39,"turns":1},{"damage":16,"enemies":"4 Shapes","floor":41,"turns":4},{"damage":9,"enemies":"Maw","floor":44,"turns":5},{"damage":21,"enemies":"Giant Head","floor":45,"turns":5},{"damage":25,"enemies":"Nemesis","floor":46,"turns":5},{"damage":48,"enemies":"Awakened One","floor":50,"turns":7},{"damage":24,"enemies":"Shield and Spear","floor":54,"turns":4},{"damage":72,"enemies":"The Heart","floor":55,"turns":5}],"seed_played":"1677762739230831606","potions_obtained":[{"floor":1.0,"key":"SpeedPotion"},{"floor":2.0,"key":"Poison Potion"},{"floor":6.0,"key":"Weak Potion"},{"floor":10.0,"key":"LiquidBronze"},{"floor":14.0,"key":"Energy Potion"},{"floor":18.0,"key":"Regen Potion"},{"floor":24.0,"key":"AttackPotion"},{"floor":30.0,"key":"PowerPotion"},{"floor":35,"key":"SkillPotion"},{"floor":41,"key":"BloodPotion"},{"floor":45,"key":"Energy Potion"}],"is_trial":false,"path_per_floor":["M","M","?","M","$","E","R","M","T","E","?","$","R","M","R","B",null,"M","M","$","M","M","R","E","M","T","R","E","T","M","M","R","B",null,"M","?","?","$","M","R","M","$","T","M","E","E","R","$","R","B",null,"R","$","E","B"],"character_chosen":"IRONCLAD","items_purchased":["Corruption","Carnage","Shrug It Off","Pen Nib","Vajra","Uppercut","Disarm+1"],"campfire_rested":4,"item_purchase_floors":[5,5,20,38,42,42,48],"current_hp_per_floor":[71,72,72,78,78,54,54,52,52,42,35,35,35,33,57,67,77,80,80,80,80,80,80,80,80,80,80,80,80,78,80,80,67,77,80,80,80,80,80,80,73,73,73,74,73,62,80,80,80,40,70,80,80,62,0],"gold":47,"neow_bonus":"UPGRADE_CARD","is_prod":false,"is_daily":false,"chose_seed":false,"campfire_upgraded":5,"win_rate":0,"timestamp":1554389751,"path_taken":["M","M","?","M","?","E","R","M","T","E","?","?","R","M","R","BOSS","M","M","$","?","M","R","E","M","T","R","E","?","M","M","R","BOSS","M","?","?","$","M","R","?","$","T","M","E","E","R","$","R","BOSS","R","$","E","BOSS"],"build_version":"2019-01-23","purchased_purges":2,"victory":false,"max_hp_per_floor":[80,80,80,80,80,80,80,80,80,80,80,80,80,80,80,80,80,80,80,80,80,80,80,80,80,80,80,80,80,80,80,80,80,80,80,80,80,80,80,80,80,80,80,80,80,80,80,80,80,80,80,80,80,80,80],"card_choices":[{"not_picked":["Reckless Charge","Clash","Power Through"],"picked":"SKIP","floor":1.0},{"not_picked":["Body Slam","Sword Boomerang"],"picked":"Cleave","floor":2.0},{"not_picked":["Burning Pact","Body Slam"],"picked":"Iron Wave","floor":4.0},{"not_picked":["Uppercut","Clothesline"],"picked":"Inflame","floor":6.0},{"not_picked":["Clash","Heavy Blade"],"picked":"True Grit","floor":8.0},{"not_picked":["Pommel Strike","Havoc"],"picked":"Thunderclap","floor":10.0},{"not_picked":["Blood for Blood","Searing Blow"],"picked":"Impervious","floor":14.0},{"not_picked":["Reaper","Exhume"],"picked":"Limit Break","floor":16.0},{"not_picked":["Sword Boomerang","Iron Wave+1"],"picked":"Battle Trance","floor":18.0},{"not_picked":["Perfected Strike","Headbutt"],"picked":"Armaments","floor":19.0},{"not_picked":["Armaments","Corruption","Ghostly Armor"],"picked":"SKIP","floor":21.0},{"not_picked":["Dropkick","Spot Weakness"],"picked":"Fiend Fire","floor":22.0},{"not_picked":["True Grit","Sever Soul","Anger"],"picked":"SKIP","floor":24.0},{"not_picked":["Wild Strike","Whirlwind"],"picked":"Hemokinesis","floor":25.0},{"not_picked":["Clothesline+1","Clash","Dual Wield"],"picked":"SKIP","floor":28.0},{"not_picked":["Battle Trance+1","Entrench"],"picked":"Rupture","floor":30.0},{"not_picked":["Clash","Seeing Red+1","Pommel Strike+1"],"picked":"SKIP","floor":31.0},{"not_picked":["Offering","Bludgeon"],"picked":"Brutality","floor":33},{"not_picked":["Burning Pact+1","Iron Wave"],"picked":"Sword Boomerang","floor":35},{"not_picked":["Armaments","Rage+1","Inflame+1"],"picked":"SKIP","floor":39},{"not_picked":["Havoc","Warcry+1"],"picked":"Shrug It Off+1","floor":41},{"not_picked":["Searing Blow","Metallicize"],"picked":"True Grit+1","floor":44},{"not_picked":["Headbutt+1","Havoc"],"picked":"Fiend Fire","floor":45},{"not_picked":["Pommel Strike","Flame Barrier"],"picked":"Limit Break","floor":46},{"not_picked":["Heavy Blade","Wild Strike"],"picked":"Demon Form","floor":54}],"player_experience":2064362,"relics_obtained":[{"floor":6.0,"key":"Bag of Preparation"},{"floor":9.0,"key":"Letter Opener"},{"floor":10.0,"key":"Bird Faced Urn"},{"floor":24.0,"key":"Mercury Hourglass"},{"floor":26.0,"key":"PreservedInsect"},{"floor":28.0,"key":"Paper Frog"},{"floor":29.0,"key":"Shuriken"},{"floor":36,"key":"WingedGreaves"},{"floor":45,"key":"Art of War"},{"floor":46,"key":"Toxic Egg 2"},{"floor":54,"key":"Ice Cream"}],"event_choices":[{"damage_healed":0.0,"max_hp_gain":0.0,"max_hp_loss":0.0,"gold_gain":0.0,"event_name":"The Woman in Blue","player_choice":"Bought 0 Potions","floor":3.0,"gold_loss":0.0,"damage_taken":0.0},{"cards_removed":["Strike_R"],"damage_healed":0.0,"max_hp_gain":0.0,"max_hp_loss":0.0,"gold_gain":0.0,"event_name":"Golden Wing","player_choice":"Card Removal","floor":11.0,"gold_loss":0.0,"damage_taken":7.0},{"damage_healed":0,"gold_gain":0,"player_choice":"Fight","damage_taken":0,"max_hp_gain":0,"max_hp_loss":0,"event_name":"MindBloom","floor":36,"gold_loss":0},{"damage_healed":0,"gold_gain":0,"player_choice":"Copied","damage_taken":0,"max_hp_gain":0,"max_hp_loss":0,"event_name":"Duplicator","floor":37,"gold_loss":0,"cards_obtained":["Limit Break"]}],"is_beta":false,"boss_relics":[{"not_picked":["Orrery","Runic Cube"],"picked":"Snecko Eye"},{"not_picked":["Empty Cage","Runic Dome"],"picked":"Fusion Hammer"}],"items_purged_floors":[12,38],"is_endless":false,"potions_floor_spawned":[1,2,6,10,14,18,24,28,30,35,41,44,45],"killed_by":"The Heart","ascension_level":13}