{"gold_per_floor":[112,128,53,72,87,87,87,99,165,191,203,226,250,282,294,401,463,487,509,198,297,297,297,311,311,334,334],"floor_reached":27,"playtime":1660,"items_purged":["Strike_G","Strike_G"],"score":228,"play_id":"71d385bc-194b-4280-8c56-4e8dcc843999","local_time":"20181115124845","is_ascension_mode":true,"campfire_choices":[{"data":"Acrobatics","floor":6,"key":"SMITH"},{"data":"Neutralize","floor":8,"key":"SMITH"},{"floor":15,"key":"REST"},{"floor":23,"key":"REST"},{"floor":25,"key":"REST"}],"neow_cost":"NONE","seed_source_timestamp":67460038270141,"circlet_count":0,"master_deck":["Defend_G+1","Defend_G","Defend_G","Defend_G+1","Defend_G","Strike_G","Strike_G","Strike_G","Survivor","Neutralize+1","Backflip","Predator","Acrobatics+1","Endless Agony","Prepared","Deflect","Dash+1","Prepared","Envenom","PiercingWail","Backflip","Catalyst","Noxious Fumes","Endless Agony"],"relics":["Ring of the Snake","War Paint","MawBank","Anchor","Tiny House","Oddly Smooth Stone","Blue Candle","Pen Nib"],"potions_floor_usage":[16,16,24,24],"damage_taken":[{"damage":0,"enemies":"Small Slimes","floor":1,"turns":5},{"damage":1,"enemies":"2 Louse","floor":2,"turns":3},{"damage":7,"enemies":"Jaw Worm","floor":4,"turns":4},{"damage":0,"enemies":"Exordium Wildlife","floor":5,"turns":4},{"damage":0,"enemies":"Red Slaver","floor":10,"turns":3},{"damage":3,"enemies":"Large Slime","floor":12,"turns":6},{"damage":0,"enemies":"2 Fungi Beasts","floor":13,"turns":3},{"damage":0,"enemies":"Lots of Slimes","floor":14,"turns":5},{"damage":44,"enemies":"Slime Boss","floor":16,"turns":19},{"damage":14,"enemies":"3 Byrds","floor":18,"turns":9},{"damage":24,"enemies":"Shell Parasite","floor":19,"turns":8},{"damage":41,"enemies":"Cultist and Chosen","floor":24,"turns":9},{"damage":43,"enemies":"Gremlin Leader","floor":27,"turns":9}],"seed_played":"-1095662587586712871","potions_obtained":[{"floor":2,"key":"SpeedPotion"},{"floor":5,"key":"GamblersBrew"},{"floor":10,"key":"Ancient Potion"},{"floor":13,"key":"Fire Potion"},{"floor":17,"key":"Dexterity Potion"},{"floor":19,"key":"Dexterity Potion"}],"is_trial":false,"path_per_floor":["M","M","$","M","M","R","?","R","T","M","$","M","M","M","R","B",null,"M","M","$","?","T","R","M","R","T","E"],"character_chosen":"THE_SILENT","items_purchased":["Noxious Fumes","Oddly Smooth Stone"],"campfire_rested":3,"item_purchase_floors":[20,20],"current_hp_per_floor":[70,69,69,62,62,62,50,50,50,50,50,47,47,47,68,24,75,61,37,37,37,37,59,18,40,40,0],"gold":334,"neow_bonus":"RANDOM_COMMON_RELIC","is_prod":false,"is_daily":false,"chose_seed":false,"campfire_upgraded":2,"win_rate":0,"timestamp":1542257325,"path_taken":["M","M","$","M","M","R","?","R","T","M","$","M","M","M","R","BOSS","M","M","$","?","?","R","M","R","T","E"],"build_version":"2018-11-08","purchased_purges":2,"victory":false,"max_hp_per_floor":[70,70,70,70,70,70,70,70,70,70,70,70,70,70,70,70,75,75,75,75,75,75,75,75,75,75,75],"card_choices":[{"not_picked":["Bane","Prepared"],"picked":"Backflip","floor":1},{"not_picked":["Quick Slash","Deadly Poison"],"picked":"Predator","floor":2},{"not_picked":["Choke","Backflip"],"picked":"Acrobatics","floor":4},{"not_picked":["Finisher","Caltrops"],"picked":"Endless Agony","floor":5},{"not_picked":["Flechettes","Deadly Poison"],"picked":"Prepared","floor":10},{"not_picked":["Blade Dance","Masterful Stab"],"picked":"Deflect","floor":12},{"not_picked":["All Out Attack","Heel Hook"],"picked":"Dash","floor":13},{"not_picked":["Underhanded Strike","Backflip"],"picked":"Prepared","floor":14},{"not_picked":["Wraith Form v2","Corpse Explosion"],"picked":"Envenom","floor":16},{"not_picked":["Dodge and Roll","Outmaneuver"],"picked":"PiercingWail","floor":17},{"not_picked":["Outmaneuver","Acrobatics"],"picked":"Backflip","floor":18},{"not_picked":["Dagger Throw","Deflect"],"picked":"Catalyst","floor":19},{"not_picked":["Calculated Gamble","Deflect"],"picked":"Endless Agony","floor":24}],"player_experience":441742,"relics_obtained":[{"floor":9,"key":"Anchor"},{"floor":22,"key":"Blue Candle"},{"floor":26,"key":"Pen Nib"}],"event_choices":[{"damage_healed":0,"gold_gain":0,"player_choice":"Success","damage_taken":12,"relics_obtained":["MawBank"],"max_hp_gain":0,"max_hp_loss":0,"event_name":"Scrap Ooze","floor":7,"gold_loss":0},{"damage_healed":0,"gold_gain":99,"player_choice":"Stole From Cult","damage_taken":0,"max_hp_gain":0,"max_hp_loss":0,"event_name":"Nest","floor":21,"gold_loss":0}],"is_beta":false,"boss_relics":[{"not_picked":["Velvet Choker","Fusion Hammer"],"picked":"Tiny House"}],"items_purged_floors":[3,20],"is_endless":false,"potions_floor_spawned":[2,5,10,13,19],"killed_by":"Gremlin Leader","ascension_level":2}