{"gold_per_floor":[118,118,43,43,53,53,80,92,92,105,135,166,166,166,166,261,261,274,285,151,76,95,95,105,105,105,105,21,32,48,61,61,166,166,186,196,196,196,216,216,245,245,271,271,271,283,11,11,11,11,11,11,11,45,45],"floor_reached":55,"playtime":4243,"items_purged":["Pain","Strike_G","Defend_G"],"score":807,"play_id":"847de7e8-e3d5-4546-933f-1eb7b57f381b","local_time":"20190526011634","is_ascension_mode":true,"campfire_choices":[{"data":"Noxious Fumes","floor":6.0,"key":"SMITH"},{"floor":15.0,"key":"RECALL"},{"floor":23.0,"key":"REST"},{"floor":32,"key":"REST"},{"floor":40,"key":"REST"},{"floor":42,"key":"REST"},{"data":"Infinite Blades","floor":44,"key":"SMITH"},{"data":"Infinite Blades","floor":49,"key":"SMITH"},{"data":"Malaise","floor":52,"key":"SMITH"}],"neow_cost":"NONE","seed_source_timestamp":0,"circlet_count":0,"master_deck":["Defend_G","Survivor","Neutralize","Cloak And Dagger","Noxious Fumes+1","Crippling Poison","Dodge and Roll","Blade Dance","Calculated Gamble","Sucker Punch","Adrenaline","Accuracy","Footwork","Infinite Blades+1","Skewer","Bite","Bite","Bite","Bite","Bite","Infinite Blades+1","Footwork","Malaise+1","Prepared+1","Tools of the Trade","Well Laid Plans+1","Madness","Madness","Cloak And Dagger","Leg Sweep","Sadistic Nature","Infinite Blades"],"special_seed":0,"relics":["Ring of the Snake","NeowsBlessing","WarpedTongs","Sundial","Ice Cream","Mummified Hand","The Courier","WristBlade","Mercury Hourglass","Empty Cage","Letter Opener","Omamori","Bag of Preparation","Oddly Smooth Stone"],"potions_floor_usage":[33,41,54,55,55],"damage_taken":[{"damage":0.0,"enemies":"Small Slimes","floor":1.0,"turns":1.0},{"damage":0.0,"enemies":"Cultist","floor":5.0,"turns":1.0},{"damage":0.0,"enemies":"Gremlin Nob","floor":7.0,"turns":1.0},{"damage":0.0,"enemies":"2 Louse","floor":8.0,"turns":3.0},{"damage":3.0,"enemies":"Large Slime","floor":10.0,"turns":7.0},{"damage":7.0,"enemies":"Lagavulin","floor":12.0,"turns":7.0},{"damage":38.0,"enemies":"Hexaghost","floor":16.0,"turns":11.0},{"damage":17.0,"enemies":"2 Thieves","floor":18.0,"turns":4.0},{"damage":0.0,"enemies":"3 Byrds","floor":19.0,"turns":5.0},{"damage":24.0,"enemies":"Sentry and Sphere","floor":22.0,"turns":5.0},{"damage":0.0,"enemies":"Snake Plant","floor":24.0,"turns":5.0},{"damage":17.0,"enemies":"Cultist and Chosen","floor":29.0,"turns":5.0},{"damage":33.0,"enemies":"Shelled Parasite and Fungi","floor":30.0,"turns":5.0},{"damage":10,"enemies":"Sentry and Sphere","floor":31,"turns":5},{"damage":36,"enemies":"Collector","floor":33,"turns":9},{"damage":1,"enemies":"Orb Walker","floor":35,"turns":4},{"damage":28,"enemies":"3 Darklings","floor":36,"turns":5},{"damage":21,"enemies":"Spire Growth","floor":39,"turns":5},{"damage":24,"enemies":"Reptomancer","floor":41,"turns":8},{"damage":12,"enemies":"Sphere and 2 Shapes","floor":46,"turns":4},{"damage":45,"enemies":"Donu and Deca","floor":50,"turns":8},{"damage":32,"enemies":"Shield and Spear","floor":54,"turns":8},{"damage":49,"enemies":"The Heart","floor":55,"turns":2}],"seed_played":"-7872138958288023888","potions_obtained":[{"floor":1.0,"key":"SteroidPotion"},{"floor":7.0,"key":"GamblersBrew"},{"floor":10.0,"key":"Fruit Juice"},{"floor":16.0,"key":"Strength Potion"},{"floor":19.0,"key":"GhostInAJar"},{"floor":30,"key":"Weak Potion"},{"floor":33,"key":"Ancient Potion"},{"floor":41,"key":"LiquidBronze"}],"is_trial":false,"path_per_floor":["M","?","$","T","M","R","E","M","T","M","?","E","?","T","R","B",null,"M","M","$","?","M","R","M","?","T","?","$","M","M","M","R","B",null,"M","M","?","?","M","R","E","R","T","R","?","M","$","$","R","B",null,"R","$","E","B"],"character_chosen":"THE_SILENT","items_purchased":["Infinite Blades","Infinite Blades","Footwork","Sadistic Nature","Infinite Blades"],"campfire_rested":4,"item_purchase_floors":[20,28,28,47,47],"current_hp_per_floor":[70,70,70,70,70,70,70,70,70,67,67,65,65,65,65,27,75,58,58,58,58,34,56,56,52,52,52,52,44,17,18,33,17,52,52,30,23,23,15,30,28,43,43,43,43,39,39,39,39,15,52,52,52,33,0],"gold":45,"neow_bonus":"THREE_ENEMY_KILL","is_prod":false,"is_daily":false,"chose_seed":false,"campfire_upgraded":4,"win_rate":0,"timestamp":1558847794,"path_taken":["M","?","$","?","M","R","E","M","T","M","?","E","?","?","R","BOSS","M","M","$","?","M","R","M","?","T","?","$","M","M","M","R","BOSS","M","M","?","?","?","R","E","R","T","R","?","M","?","$","R","BOSS","R","$","E","BOSS"],"build_version":"2019-01-23","purchased_purges":3,"victory":false,"max_hp_per_floor":[70,70,70,70,70,70,70,70,70,70,70,75,75,75,75,75,75,75,75,75,75,75,75,75,52,52,52,52,52,52,52,52,52,52,52,52,52,52,52,52,52,52,52,52,52,52,52,52,52,52,52,52,52,52,52],"card_choices":[{"not_picked":["Riddle With Holes","Underhanded Strike"],"picked":"Cloak And Dagger","floor":1.0},{"not_picked":["Dash","Quick Slash"],"picked":"Noxious Fumes","floor":5.0},{"not_picked":["Slice","Quick Slash"],"picked":"Crippling Poison","floor":7.0},{"not_picked":["Acrobatics","Prepared"],"picked":"Dodge and Roll","floor":8.0},{"not_picked":["Bane","Terror"],"picked":"Blade Dance","floor":10.0},{"not_picked":["Concentrate","Prepared"],"picked":"Calculated Gamble","floor":12.0},{"not_picked":["Venomology","Storm of Steel"],"picked":"Adrenaline","floor":16.0},{"not_picked":["Slice","Quick Slash"],"picked":"Accuracy","floor":18.0},{"not_picked":["Distraction","Dagger Spray"],"picked":"Footwork","floor":19.0},{"not_picked":["Reflex","Underhanded Strike","Setup"],"picked":"SKIP","floor":22.0},{"not_picked":["Slice+1","Prepared+1"],"picked":"Skewer","floor":24.0},{"not_picked":["Reflex","Dagger Throw","Riddle With Holes"],"picked":"SKIP","floor":29.0},{"not_picked":["Bane","Dagger Throw"],"picked":"Malaise","floor":30},{"not_picked":["Dagger Throw","Flechettes"],"picked":"Prepared+1","floor":31},{"not_picked":["Storm of Steel","Grand Finale"],"picked":"Tools of the Trade","floor":33},{"not_picked":["Poisoned Stab+1","Acrobatics"],"picked":"Well Laid Plans+1","floor":35},{"not_picked":["Dagger Throw","Blade Dance","Masterful Stab+1"],"picked":"SKIP","floor":36},{"not_picked":["Deflect","Accuracy"],"picked":"Cloak And Dagger","floor":39},{"not_picked":["Burst","Deadly Poison+1"],"picked":"Leg Sweep","floor":41},{"not_picked":["Deflect+1","Deadly Poison","Concentrate"],"picked":"SKIP","floor":46},{"not_picked":["Flechettes","Die Die Die","Outmaneuver"],"picked":"SKIP","floor":54}],"player_experience":280987,"relics_obtained":[{"floor":4.0,"key":"Sundial"},{"floor":7.0,"key":"Ice Cream"},{"floor":9.0,"key":"Mummified Hand"},{"floor":12.0,"key":"The Courier"},{"floor":26.0,"key":"Mercury Hourglass"},{"floor":38,"key":"Letter Opener"},{"floor":41,"key":"Omamori"},{"floor":43,"key":"Bag of Preparation"},{"floor":54,"key":"Oddly Smooth Stone"}],"event_choices":[{"damage_healed":0.0,"max_hp_gain":0.0,"max_hp_loss":0.0,"gold_gain":0.0,"event_name":"Accursed Blacksmith","player_choice":"Rummage","floor":2.0,"gold_loss":0.0,"damage_taken":0.0,"relics_obtained":["WarpedTongs"],"cards_obtained":["Pain"]},{"damage_healed":0.0,"max_hp_gain":0.0,"max_hp_loss":0.0,"gold_gain":30.0,"event_name":"Dead Adventurer","player_choice":"Searched \u00271\u0027 times","floor":11.0,"gold_loss":0.0,"damage_taken":0.0},{"damage_healed":0.0,"max_hp_gain":0.0,"max_hp_loss":0.0,"gold_gain":0.0,"cards_transformed":["Strike_G"],"event_name":"Living Wall","player_choice":"Change","floor":13.0,"gold_loss":0.0,"damage_taken":0.0,"cards_obtained":["Sucker Punch"]},{"cards_removed":["Defend_G"],"damage_healed":0.0,"max_hp_gain":0.0,"max_hp_loss":0.0,"gold_gain":0.0,"event_name":"Beggar","player_choice":"Gave Gold","floor":21.0,"gold_loss":75.0,"damage_taken":0.0},{"damage_healed":0.0,"max_hp_gain":0.0,"max_hp_loss":23.0,"gold_gain":0.0,"event_name":"Vampires","player_choice":"Became a vampire","floor":25.0,"gold_loss":0.0,"damage_taken":0.0,"cards_obtained":["Bite","Bite","Bite","Bite","Bite"]},{"damage_healed":0.0,"max_hp_gain":0.0,"max_hp_loss":0.0,"gold_gain":0.0,"event_name":"Ghosts","player_choice":"Ignored","floor":27.0,"gold_loss":0.0,"damage_taken":0.0},{"damage_healed":0,"gold_gain":0,"player_choice":"Embrace Madness","damage_taken":7,"max_hp_gain":0,"max_hp_loss":0,"event_name":"Winding Halls","floor":37,"gold_loss":0,"cards_obtained":["Madness","Madness"]},{"damage_healed":0,"gold_gain":0,"player_choice":"Relic","damage_taken":0,"max_hp_gain":0,"max_hp_loss":0,"event_name":"Wheel of Change","floor":38,"gold_loss":0},{"damage_healed":0,"gold_gain":0,"player_choice":"Ignored","damage_taken":0,"max_hp_gain":0,"max_hp_loss":0,"event_name":"Mysterious Sphere","floor":45,"gold_loss":0}],"is_beta":false,"boss_relics":[{"not_picked":["Eternal Feather","Coffee Dripper"],"picked":"WristBlade"},{"not_picked":["White Beast Statue","Calling Bell"],"picked":"Empty Cage"}],"items_purged_floors":[3,20,47],"is_endless":false,"potions_floor_spawned":[1,7,10,16,19,30,33,41],"killed_by":"The Heart","ascension_level":3}