{"gold_per_floor":[109,109,109,122,147,147,178,196,223,173,206,206,230,249,249,378,378,396,134,134,134,187,187,187,206,278,203,235,248,173,173,173,173],"floor_reached":33,"playtime":3230,"items_purged":["Strike_R"],"score":325,"play_id":"a632a23c-9a5a-4193-930b-058f33c3cca0","local_time":"20190520183140","is_ascension_mode":false,"campfire_choices":[{"data":"Body Slam","floor":6,"key":"SMITH"},{"data":"Armaments","floor":12,"key":"SMITH"},{"floor":15,"key":"REST"},{"data":"Feed","floor":23,"key":"SMITH"},{"data":"Disarm","floor":32,"key":"SMITH"}],"neow_cost":"PERCENT_DAMAGE","seed_source_timestamp":202593069887469,"circlet_count":0,"master_deck":["Strike_R","Defend_R","Defend_R","Defend_R","Defend_R","Bash","Offering","Shrug It Off","Disarm+1","Body Slam+1","Armaments+1","Seeing Red","Feed+1","Disarm","RitualDagger","Metallicize"],"relics":["Burning Blood","Bloody Idol","Anchor","Boot","Vajra","White Beast Statue","Kunai","Bag of Preparation","Frozen Egg 2","Red Skull"],"potions_floor_usage":[7,16,16,16,29,31,33,33],"damage_taken":[{"damage":8,"enemies":"2 Louse","floor":1,"turns":3},{"damage":3,"enemies":"Jaw Worm","floor":4,"turns":4},{"damage":0,"enemies":"Small Slimes","floor":5,"turns":3},{"damage":8,"enemies":"Gremlin Nob","floor":7,"turns":3},{"damage":6,"enemies":"2 Fungi Beasts","floor":8,"turns":3},{"damage":29,"enemies":"3 Sentries","floor":11,"turns":10},{"damage":1,"enemies":"Large Slime","floor":13,"turns":5},{"damage":6,"enemies":"Exordium Wildlife","floor":14,"turns":3},{"damage":30,"enemies":"Slime Boss","floor":16,"turns":20},{"damage":11,"enemies":"Spheric Guardian","floor":18,"turns":4},{"damage":6,"enemies":"2 Thieves","floor":25,"turns":5},{"damage":6,"enemies":"Book of Stabbing","floor":28,"turns":7},{"damage":1,"enemies":"3 Cultists","floor":29,"turns":7},{"damage":6,"enemies":"Snecko","floor":31,"turns":4},{"damage":98,"enemies":"Automaton","floor":33,"turns":16}],"seed_played":"6678118022187990105","potions_obtained":[{"floor":1,"key":"Strength Potion"},{"floor":4,"key":"Energy Potion"},{"floor":13,"key":"Ancient Potion"},{"floor":14,"key":"SpeedPotion"},{"floor":18,"key":"SmokeBomb"},{"floor":25,"key":"AttackPotion"},{"floor":28,"key":"Block Potion"},{"floor":29,"key":"SteroidPotion"}],"is_trial":false,"path_per_floor":["M","?","?","M","M","R","E","M","T","?","E","R","M","M","R","B",null,"M","$","?","?","T","R","?","M","T","?","E","M","$","M","R","B"],"character_chosen":"IRONCLAD","items_purchased":["Kunai"],"campfire_rested":1,"item_purchase_floors":[19],"current_hp_per_floor":[54,80,60,63,69,69,67,67,67,67,44,44,49,49,73,49,80,78,78,78,72,77,77,77,87,87,87,91,95,95,95,95,0],"gold":173,"neow_bonus":"THREE_RARE_CARDS","is_prod":false,"is_daily":false,"chose_seed":false,"campfire_upgraded":4,"win_rate":0.0,"timestamp":1558402300,"path_taken":["M","?","?","M","M","R","E","M","T","?","E","R","M","M","R","BOSS","M","$","?","?","?","R","?","M","T","?","E","M","?","M","R","BOSS"],"build_version":"2019-01-23","purchased_purges":1,"victory":false,"max_hp_per_floor":[80,80,80,80,80,80,80,80,80,80,80,80,80,80,80,80,80,83,83,83,83,83,83,83,87,87,87,91,95,95,95,95,95],"card_choices":[{"not_picked":["Berserk","Barricade"],"picked":"Offering","floor":0},{"not_picked":["Blood for Blood","Iron Wave"],"picked":"Shrug It Off","floor":1},{"not_picked":["Clash","Armaments"],"picked":"Disarm","floor":4},{"not_picked":["Armaments","Perfected Strike"],"picked":"Body Slam","floor":5},{"not_picked":["Intimidate","Perfected Strike","Sever Soul"],"picked":"SKIP","floor":7},{"not_picked":["Feel No Pain","Rampage","Anger"],"picked":"SKIP","floor":8},{"not_picked":["Thunderclap","Whirlwind"],"picked":"Armaments","floor":11},{"not_picked":["Whirlwind","Reckless Charge"],"picked":"Seeing Red","floor":13},{"not_picked":["Twin Strike","Perfected Strike","Carnage"],"picked":"SKIP","floor":14},{"not_picked":["Double Tap","Bludgeon"],"picked":"Feed","floor":16},{"not_picked":["Sword Boomerang","Headbutt"],"picked":"Disarm","floor":18},{"not_picked":["True Grit","Twin Strike"],"picked":"Metallicize","floor":25},{"not_picked":["Dropkick+1","Dark Embrace+1","Twin Strike"],"picked":"SKIP","floor":28},{"not_picked":["Anger+1","Searing Blow","Rage+1"],"picked":"SKIP","floor":29}],"player_experience":20011,"relics_obtained":[{"floor":7,"key":"Anchor"},{"floor":9,"key":"Boot"},{"floor":11,"key":"Vajra"},{"floor":22,"key":"Bag of Preparation"},{"floor":26,"key":"Frozen Egg 2"},{"floor":28,"key":"Red Skull"}],"event_choices":[{"damage_healed":26,"gold_gain":0,"player_choice":"Banana","damage_taken":0,"max_hp_gain":0,"max_hp_loss":0,"event_name":"Big Fish","floor":2,"gold_loss":0},{"damage_healed":0,"gold_gain":0,"player_choice":"Take Damage","damage_taken":20,"relics_obtained":["Golden Idol"],"max_hp_gain":0,"max_hp_loss":0,"event_name":"Golden Idol","floor":3,"gold_loss":0},{"cards_removed":["Strike_R"],"damage_healed":0,"gold_gain":0,"player_choice":"Card Removal","damage_taken":0,"max_hp_gain":0,"max_hp_loss":0,"event_name":"The Cleric","floor":10,"gold_loss":50},{"damage_healed":0,"gold_gain":0,"player_choice":"Gave Idol","damage_taken":0,"relics_obtained":["Bloody Idol"],"max_hp_gain":0,"max_hp_loss":0,"event_name":"Forgotten Altar","floor":20,"relics_lost":["Golden Idol"],"gold_loss":0},{"damage_healed":0,"gold_gain":0,"player_choice":"Joined the Cult","damage_taken":6,"max_hp_gain":0,"max_hp_loss":0,"event_name":"Nest","floor":21,"gold_loss":0,"cards_obtained":["RitualDagger"]},{"cards_removed":["Strike_R"],"damage_healed":0,"gold_gain":0,"player_choice":"Elegance","damage_taken":0,"max_hp_gain":0,"max_hp_loss":0,"event_name":"Back to Basics","floor":24,"gold_loss":0},{"cards_removed":["Strike_R"],"damage_healed":0,"gold_gain":0,"player_choice":"Gave Gold","damage_taken":0,"max_hp_gain":0,"max_hp_loss":0,"event_name":"Beggar","floor":27,"gold_loss":75}],"is_beta":false,"boss_relics":[{"not_picked":["Eternal Feather","Tiny House"],"picked":"White Beast Statue"}],"items_purged_floors":[30],"is_endless":false,"potions_floor_spawned":[1,4,13,14,18,25,28,29,31],"killed_by":"Automaton","ascension_level":0}