{"gold_per_floor":[215,215,233,243,243,268,1,26,52,52,65,85,113,288,288,385,385,402,414,414,414,414,414,445,456,456,26,42,42,62,262,262,360,360,377,388,404,304,404,434,434,450,450,450,465,485,14,14,14,14],"floor_reached":51,"playtime":4310,"items_purged":["Strike_B","Doubt","Parasite"],"score":727,"play_id":"c2cdf0c0-06ae-4fa9-9f1e-8000593be561","local_time":"20190521005526","is_ascension_mode":true,"campfire_choices":[{"data":"Hologram","floor":10,"key":"SMITH"},{"data":"Go for the Eyes","floor":15,"key":"SMITH"},{"data":"Dualcast","floor":23,"key":"SMITH"},{"floor":29,"key":"REST"},{"data":"Coolheaded","floor":32,"key":"SMITH"},{"data":"Self Repair","floor":49,"key":"PURGE"}],"neow_cost":"NONE","seed_source_timestamp":97756090266141,"circlet_count":0,"master_deck":["Strike_B","Strike_B","Defend_B","Defend_B","Defend_B","Zap+1","Dualcast+1","Doom and Gloom","Hologram+1","Cold Snap","Cold Snap","Hyperbeam","Glacier","Go for the Eyes+1","Reinforced Body","FTL","Core Surge","Conserve Battery","Necronomicurse","Capacitor","Coolheaded+1","Capacitor","Buffer","Barrage+1","Self Repair+1","Blizzard","Chill"],"relics":["Cracked Core","Regal Pillow","Lantern","Potion Belt","Mummified Hand","White Beast Statue","Necronomicon","Pear","Dream Catcher","Kunai","Cursed Key","Peace Pipe","Pocketwatch","StoneCalendar","Lee\u0027s Waffle","DataDisk"],"potions_floor_usage":[13,16,24,28,33,33,33,33,40,44,46,50,50,50,50],"damage_taken":[{"damage":0,"enemies":"2 Louse","floor":1,"turns":2},{"damage":1,"enemies":"Jaw Worm","floor":3,"turns":3},{"damage":0,"enemies":"Small Slimes","floor":4,"turns":2},{"damage":9,"enemies":"Gremlin Nob","floor":6,"turns":4},{"damage":9,"enemies":"3 Sentries","floor":8,"turns":4},{"damage":0,"enemies":"Blue Slaver","floor":11,"turns":3},{"damage":5,"enemies":"3 Louse","floor":12,"turns":2},{"damage":10,"enemies":"Gremlin Nob","floor":13,"turns":4},{"damage":20,"enemies":"Hexaghost","floor":16,"turns":13},{"damage":0,"enemies":"3 Byrds","floor":18,"turns":4},{"damage":1,"enemies":"Spheric Guardian","floor":19,"turns":5},{"damage":23,"enemies":"Book of Stabbing","floor":24,"turns":6},{"damage":7,"enemies":"Snake Plant","floor":25,"turns":3},{"damage":0,"enemies":"Cultist and Chosen","floor":28,"turns":4},{"damage":10,"enemies":"Centurion and Healer","floor":30,"turns":5},{"damage":4,"enemies":"Collector","floor":33,"turns":14},{"damage":0,"enemies":"3 Shapes","floor":35,"turns":1},{"damage":0,"enemies":"Orb Walker","floor":36,"turns":4},{"damage":5,"enemies":"Transient","floor":37,"turns":5},{"damage":0,"enemies":"Mind Bloom Boss Battle","floor":39,"turns":7},{"damage":10,"enemies":"Nemesis","floor":40,"turns":9},{"damage":68,"enemies":"Maw","floor":42,"turns":10},{"damage":0,"enemies":"Jaw Worm Horde","floor":44,"turns":1},{"damage":0,"enemies":"3 Darklings","floor":45,"turns":2},{"damage":30,"enemies":"Maw","floor":46,"turns":10},{"damage":26,"enemies":"Donu and Deca","floor":50,"turns":8}],"seed_played":"8688116718663299554","potions_obtained":[{"floor":3,"key":"PowerPotion"},{"floor":4,"key":"SteroidPotion"},{"floor":8,"key":"SkillPotion"},{"floor":18,"key":"EssenceOfSteel"},{"floor":19,"key":"FocusPotion"},{"floor":24,"key":"Explosive Potion"},{"floor":25,"key":"Explosive Potion"},{"floor":28,"key":"SpeedPotion"},{"floor":30,"key":"SteroidPotion"},{"floor":33,"key":"EssenceOfSteel"},{"floor":35,"key":"Energy Potion"},{"floor":36,"key":"SmokeBomb"},{"floor":37,"key":"Weak Potion"},{"floor":39,"key":"Strength Potion"},{"floor":40,"key":"FocusPotion"},{"floor":45,"key":"LiquidBronze"},{"floor":46,"key":"FocusPotion"}],"is_trial":false,"path_per_floor":["M","?","M","M","?","E","$","E","T","R","M","M","E","?","R","B",null,"M","M","?","?","?","R","E","M","T","$","M","R","M","?","R","B",null,"M","M","M","$","?","E","?","M","T","M","M","M","$","?","R","B",null],"character_chosen":"DEFECT","items_purchased":["Hyperbeam","Glacier","Go for the Eyes","Kunai","Capacitor","Coolheaded","Lee\u0027s Waffle","DataDisk"],"campfire_rested":1,"item_purchase_floors":[7,7,7,27,27,27,47,47],"current_hp_per_floor":[75,75,74,74,67,58,58,49,49,49,49,44,34,34,34,14,75,75,74,74,58,58,58,45,38,38,38,38,78,75,75,75,78,85,85,85,85,85,85,85,81,30,30,37,37,24,85,85,85,69],"gold":14,"neow_bonus":"HUNDRED_GOLD","is_prod":false,"is_daily":false,"chose_seed":false,"campfire_upgraded":4,"win_rate":0,"timestamp":1558389326,"path_taken":["M","?","M","M","?","E","$","E","T","R","M","M","E","?","R","BOSS","M","M","?","?","?","R","E","M","T","$","M","R","?","?","R","BOSS","M","M","M","$","?","E","?","M","T","M","M","?","$","?","R","BOSS"],"build_version":"2019-01-23","purchased_purges":3,"victory":true,"max_hp_per_floor":[75,75,75,75,75,75,75,75,75,75,75,75,75,75,75,75,75,75,75,75,75,75,75,85,85,85,85,85,85,85,85,85,85,85,85,85,85,85,85,85,81,81,81,81,81,81,85,85,85,85],"card_choices":[{"not_picked":["Compile Driver","Chill"],"picked":"Doom and Gloom","floor":1},{"not_picked":["Chaos","Leap"],"picked":"Hologram","floor":3},{"not_picked":["Compile Driver","Leap"],"picked":"Cold Snap","floor":4},{"not_picked":["Aggregate","Fusion"],"picked":"Cold Snap","floor":6},{"not_picked":["Cold Snap","Self Repair"],"picked":"Reinforced Body","floor":8},{"not_picked":["Aggregate","Streamline","Beam Cell"],"picked":"SKIP","floor":11},{"not_picked":["Heatsinks","Redo","Streamline"],"picked":"SKIP","floor":12},{"not_picked":["Genetic Algorithm","Steam"],"picked":"FTL","floor":13},{"not_picked":["Seek","Buffer"],"picked":"Core Surge","floor":16},{"not_picked":["Cold Snap","Ball Lightning"],"picked":"Conserve Battery","floor":18},{"not_picked":["Sweeping Beam","All For One","Barrage"],"picked":"SKIP","floor":19},{"not_picked":["Stack","Gash+1","Sweeping Beam"],"picked":"SKIP","floor":24},{"not_picked":["Rip and Tear","Ball Lightning","Cold Snap"],"picked":"SKIP","floor":25},{"not_picked":["Coolheaded","Cold Snap","Aggregate+1"],"picked":"SKIP","floor":28},{"not_picked":["Scrape+1","Thunder Strike"],"picked":"Self Repair","floor":29},{"not_picked":["Hologram","Cold Snap+1"],"picked":"Capacitor","floor":30},{"not_picked":["All For One","Seek"],"picked":"Buffer","floor":33},{"not_picked":["Coolheaded","Cold Snap+1"],"picked":"Barrage+1","floor":35},{"not_picked":["Hologram+1","BootSequence"],"picked":"Self Repair+1","floor":36},{"not_picked":["Stack","Coolheaded+1"],"picked":"Blizzard","floor":37},{"not_picked":["Amplify","Compile Driver","Hologram+1"],"picked":"SKIP","floor":40},{"not_picked":["Rebound","Gash+1","Leap+1"],"picked":"SKIP","floor":42},{"not_picked":["Sunder+1","Capacitor"],"picked":"Chill","floor":45},{"not_picked":["Sunder+1","Glacier","Conserve Battery+1"],"picked":"SKIP","floor":46}],"player_experience":803236,"relics_obtained":[{"floor":6,"key":"Regal Pillow"},{"floor":8,"key":"Lantern"},{"floor":9,"key":"Potion Belt"},{"floor":13,"key":"Mummified Hand"},{"floor":21,"key":"Necronomicon"},{"floor":24,"key":"Pear"},{"floor":26,"key":"Dream Catcher"},{"floor":39,"key":"Peace Pipe"},{"floor":40,"key":"Pocketwatch"},{"floor":43,"key":"StoneCalendar"}],"event_choices":[{"damage_healed":0,"gold_gain":0,"player_choice":"Grow","damage_taken":0,"max_hp_gain":0,"max_hp_loss":0,"event_name":"Living Wall","floor":2,"gold_loss":0,"cards_upgraded":["Zap"]},{"cards_removed":["Strike_B"],"damage_healed":0,"gold_gain":0,"player_choice":"Card Removal","damage_taken":7,"max_hp_gain":0,"max_hp_loss":0,"event_name":"Golden Wing","floor":5,"gold_loss":0},{"damage_healed":0,"gold_gain":175,"player_choice":"AGREE","damage_taken":0,"max_hp_gain":0,"max_hp_loss":0,"event_name":"Liars Game","floor":14,"gold_loss":0,"cards_obtained":["Doubt"]},{"damage_healed":0,"gold_gain":0,"player_choice":"Ignored","damage_taken":0,"max_hp_gain":0,"max_hp_loss":0,"event_name":"Vampires","floor":20,"gold_loss":0},{"damage_healed":0,"gold_gain":0,"player_choice":"Obtained Book","damage_taken":16,"max_hp_gain":0,"max_hp_loss":0,"event_name":"Cursed Tome","floor":21,"gold_loss":0},{"damage_healed":0,"gold_gain":0,"player_choice":"Ignored","damage_taken":0,"max_hp_gain":0,"max_hp_loss":0,"event_name":"Ghosts","floor":22,"gold_loss":0},{"damage_healed":0,"gold_gain":250,"player_choice":"Bet on Owner","damage_taken":0,"max_hp_gain":0,"max_hp_loss":0,"event_name":"The Joust","floor":31,"gold_loss":50},{"damage_healed":0,"gold_gain":0,"player_choice":"Fight","damage_taken":0,"max_hp_gain":0,"max_hp_loss":0,"event_name":"MindBloom","floor":39,"gold_loss":0},{"damage_healed":0,"gold_gain":0,"player_choice":"Max HP","damage_taken":0,"max_hp_gain":0,"max_hp_loss":4,"event_name":"Winding Halls","floor":41,"gold_loss":0},{"cards_removed":["Defend_B"],"damage_healed":0,"gold_gain":0,"player_choice":"Removed Skill","damage_taken":0,"max_hp_gain":0,"max_hp_loss":0,"event_name":"Falling","floor":48,"gold_loss":0}],"is_beta":false,"boss_relics":[{"not_picked":["Inserter","Ectoplasm"],"picked":"White Beast Statue"},{"not_picked":["Runic Pyramid","Orrery"],"picked":"Cursed Key"}],"items_purged_floors":[27,38,47],"is_endless":false,"potions_floor_spawned":[3,4,8,18,19,24,25,28,30,33,35,36,37,39,40,42,44,45,46],"ascension_level":1}