{"gold_per_floor":[13,24,24,36,51,51,81,81,81,111,31,31],"floor_reached":12,"playtime":764,"items_purged":[],"score":144,"play_id":"b9bd41c1-0272-47d7-9513-126a73a2bd6f","local_time":"20190531233428","is_ascension_mode":true,"campfire_choices":[{"data":"Body Slam","floor":6,"key":"SMITH"},{"data":"Rage","floor":8,"key":"SMITH"}],"neow_cost":"NO_GOLD","seed_source_timestamp":14411988257398,"circlet_count":0,"master_deck":["Strike_R","Strike_R","Strike_R","Strike_R","Defend_R","Defend_R","Defend_R","Defend_R","Bash","Shrug It Off","Iron Wave","Corruption","Body Slam+1","Rage+1","Entrench","Seeing Red","True Grit"],"relics":["Burning Blood","Bird Faced Urn","Matryoshka","Ornamental Fan"],"potions_floor_usage":[2,7,7],"damage_taken":[{"damage":18,"enemies":"Jaw Worm","floor":1,"turns":4},{"damage":6,"enemies":"Cultist","floor":2,"turns":3},{"damage":9,"enemies":"2 Louse","floor":4,"turns":3},{"damage":1,"enemies":"2 Fungi Beasts","floor":5,"turns":5},{"damage":18,"enemies":"Lagavulin","floor":7,"turns":6},{"damage":37,"enemies":"3 Sentries","floor":10,"turns":12},{"damage":62,"enemies":"Gremlin Nob","floor":12,"turns":6}],"seed_played":"-7511000528691862616","potions_obtained":[{"floor":1,"key":"AttackPotion"},{"floor":5,"key":"SkillPotion"},{"floor":7,"key":"Fruit Juice"}],"is_trial":false,"path_per_floor":["M","M","?","M","M","R","E","R","T","E","$","E"],"character_chosen":"IRONCLAD","items_purchased":["Seeing Red","True Grit"],"campfire_rested":0,"item_purchase_floors":[11,11],"current_hp_per_floor":[76,76,76,73,78,78,71,71,71,40,40,0],"gold":31,"neow_bonus":"TWENTY_PERCENT_HP_BONUS","is_prod":false,"is_daily":false,"chose_seed":false,"campfire_upgraded":2,"win_rate":0,"timestamp":1559360068,"path_taken":["M","M","?","?","M","R","E","R","T","E","$","E"],"build_version":"2019-01-23","purchased_purges":0,"victory":false,"max_hp_per_floor":[96,96,96,96,96,96,101,101,101,101,101,101],"card_choices":[{"not_picked":["Burning Pact","Thunderclap"],"picked":"Shrug It Off","floor":1},{"not_picked":["Havoc","Heavy Blade"],"picked":"Iron Wave","floor":2},{"not_picked":["Anger","Havoc"],"picked":"Body Slam","floor":4},{"not_picked":["Warcry","Flex","Cleave"],"picked":"SKIP","floor":5},{"not_picked":["Demon Form","Bludgeon"],"picked":"Rage","floor":7},{"not_picked":["Corruption","True Grit"],"picked":"Entrench","floor":10}],"player_experience":348452,"relics_obtained":[{"floor":7,"key":"Bird Faced Urn"},{"floor":9,"key":"Matryoshka"},{"floor":10,"key":"Ornamental Fan"}],"event_choices":[{"damage_healed":0,"gold_gain":0,"cards_transformed":["Strike_R"],"player_choice":"Transformed","damage_taken":0,"max_hp_gain":0,"max_hp_loss":0,"event_name":"Transmorgrifier","floor":3,"gold_loss":0,"cards_obtained":["Corruption"]}],"is_beta":false,"boss_relics":[],"items_purged_floors":[],"is_endless":false,"potions_floor_spawned":[1,5,7],"killed_by":"Gremlin Nob","ascension_level":7}