{"path_per_floor":["M","?","M","M","M","E","R","?","T","M","M","R","E","M","R","B",null,"M","M","M","?","M","R","M","E","T","$","M","R","?","M","R","B",null,"M","?","?","?","?","R","M","M","T","$","M","$","R","$","R"],"character_chosen":"DEFECT","items_purchased":["White Noise","Ancient Tea Set","Singing Bowl","Anchor","Regen Potion"],"gold_per_floor":[109,59,69,80,94,124,124,124,176,189,200,200,229,245,245,350,380,398,414,428,428,443,443,453,485,485,43,63,63,63,79,79,175,175,195,195,195,195,195,195,205,224,224,20,33,33,33,33,33,33],"floor_reached":50,"campfire_rested":4,"playtime":2456,"current_hp_per_floor":[68,68,68,68,68,51,51,37,37,37,37,57,54,52,52,32,73,73,64,62,62,57,57,39,22,22,22,17,38,38,23,44,19,75,77,67,67,67,67,67,38,53,55,55,55,55,55,55,79,0],"items_purged":["Strike_B"],"gold":33,"score":501,"play_id":"8f3af978-5c80-4c58-a110-106f6010edfe","local_time":"20180505191730","is_prod":false,"is_daily":false,"chose_seed":false,"is_ascension_mode":false,"campfire_upgraded":5,"timestamp":1525562250,"path_taken":["M","?","M","M","?","E","R","?","T","M","M","R","E","M","R","BOSS","M","M","M","?","M","R","M","E","T","$","?","R","?","M","R","BOSS","M","?","?","?","?","R","M","?","T","?","M","$","R","$","R","BOSS"],"build_version":"2018-05-03","seed_source_timestamp":23228079056473,"purchased_purges":1,"victory":false,"master_deck":["Strike_B+1","Defend_B","Defend_B","Defend_B","Zap+1","Dualcast+1","Capacitor+1","Redo+1","Conserve Battery+1","White Noise+1","Ball Lightning","Ball Lightning+1","Thunder Strike","Conserve Battery","Leap+1","Thunder Strike+1","Recycle","Ball Lightning","White Noise","Beam Cell","Ball Lightning+1","Madness","Madness","Apotheosis+1","Double Energy"],"max_hp_per_floor":[68,68,68,68,68,68,68,68,68,68,68,68,68,68,68,68,73,73,73,73,73,73,73,73,73,73,73,73,73,73,73,73,75,75,77,77,77,77,77,77,79,79,81,81,83,83,83,83,83,83],"relics":["Cracked Core","Thread and Needle","Centennial Puzzle","Vajra","Prayer Wheel","Tiny House","Whetstone","Blue Candle","Ancient Tea Set","Singing Bowl","Runic Pyramid","Toxic Egg 2","Anchor"],"card_choices":[{"not_picked":["Barrage","Chill"],"picked":"Capacitor","floor":4},{"not_picked":["Tempest","Streamline"],"picked":"Redo","floor":5},{"not_picked":["Stack","Skim"],"picked":"Conserve Battery","floor":6},{"not_picked":["Lockon","Consume"],"picked":"White Noise","floor":10},{"not_picked":["Skim","Force Field"],"picked":"Ball Lightning","floor":11},{"not_picked":["Undo","Impulse"],"picked":"Ball Lightning","floor":14},{"not_picked":["Reboot","Hyperbeam"],"picked":"Thunder Strike","floor":16},{"not_picked":["Axe Kick","Leap"],"picked":"Conserve Battery","floor":17},{"not_picked":["Chill","Aggregate"],"picked":"Leap","floor":18},{"not_picked":["FTL","Steam Power"],"picked":"Thunder Strike","floor":20},{"not_picked":["FTL","Barrage"],"picked":"Ball Lightning","floor":26},{"not_picked":["Reprogram","Impulse"],"picked":"Beam Cell","floor":28},{"not_picked":["Rebound","Streamline"],"picked":"Ball Lightning","floor":31},{"not_picked":["Madness","Bandage Up"],"picked":"Apotheosis","floor":38},{"not_picked":["Ball Lightning","Axe Kick"],"picked":"Double Energy","floor":42}],"player_experience":241974,"potions_floor_usage":[5,18,18,25,25,25,33,33,35,42,45,50,50],"damage_taken":[{"damage":0,"enemies":"2 Louse","floor":1,"turns":3},{"damage":0,"enemies":"Jaw Worm","floor":3,"turns":3},{"damage":0,"enemies":"Cultist","floor":4,"turns":3},{"damage":0,"enemies":"Gremlin Gang","floor":5,"turns":4},{"damage":17,"enemies":"3 Sentries","floor":6,"turns":10},{"damage":0,"enemies":"Blue Slaver","floor":10,"turns":3},{"damage":0,"enemies":"3 Louse","floor":11,"turns":3},{"damage":3,"enemies":"Gremlin Nob","floor":13,"turns":3},{"damage":2,"enemies":"2 Fungi Beasts","floor":14,"turns":2},{"damage":20,"enemies":"The Guardian","floor":16,"turns":9},{"damage":0,"enemies":"3 Byrds","floor":18,"turns":3},{"damage":9,"enemies":"Spheric Guardian","floor":19,"turns":4},{"damage":2,"enemies":"Chosen and Byrds","floor":20,"turns":6},{"damage":5,"enemies":"Centurion and Healer","floor":22,"turns":4},{"damage":18,"enemies":"3 Cultists","floor":24,"turns":5},{"damage":17,"enemies":"Gremlin Leader","floor":25,"turns":6},{"damage":5,"enemies":"Snecko","floor":28,"turns":4},{"damage":15,"enemies":"Sentry and Sphere","floor":31,"turns":4},{"damage":27,"enemies":"Collector","floor":33,"turns":6},{"damage":0,"enemies":"Flame Bruiser 1 Orb","floor":35,"turns":5},{"damage":31,"enemies":"3 Shapes","floor":41,"turns":4},{"damage":0,"enemies":"Maw","floor":42,"turns":8},{"damage":14,"enemies":"Sphere and 2 Shapes","floor":45,"turns":5},{"damage":108,"enemies":"Time Eater","floor":50,"turns":10}],"event_choices":[{"event_name":"The Cleric","player_choice":"Card Removal","floor":2,"damage_taken":0},{"event_name":"Shining Light","player_choice":"Entered Light","floor":8,"damage_taken":0},{"event_name":"Transmorgrifier","player_choice":"Transform","floor":21,"damage_taken":0},{"event_name":"Vampires","player_choice":"Ignored","floor":30,"damage_taken":0},{"event_name":"Winding Halls","player_choice":"Embrace Madness","floor":36,"damage_taken":0},{"event_name":"The Lab","player_choice":"Got Potions","floor":37,"damage_taken":0},{"event_name":"SensoryStone","player_choice":"Memory 1","floor":38,"damage_taken":0}],"boss_relics":[{"not_picked":["Eternal Feather","Lizard Tail"],"picked":"Tiny House"},{"not_picked":["Inserter","Astrolabe"],"picked":"Runic Pyramid"}],"potions_floor_spawned":[4,6,10,11,13,16,20,22,25,28,31,35],"seed_played":"6550423517139974628","killed_by":"Time Eater","ascension_level":0,"is_trial":false}