{"gold_per_floor":[114,30,40,50,50,50,77,77,101,26,26,45,72,72,72,143,143,160,160,77,90,90,108,8,8,8,8,8],"floor_reached":28,"playtime":806,"items_purged":["Strike_B","Strike_B"],"score":417,"play_id":"741d8990-32c7-4472-bdb8-88e0e1507762","local_time":"20190524233057","is_ascension_mode":true,"campfire_choices":[{"data":"Zap","floor":6.0,"key":"SMITH"},{"data":"Lockon","floor":8.0,"key":"SMITH"},{"data":"Rip and Tear","floor":11.0,"key":"SMITH"},{"data":"Go for the Eyes","floor":15.0,"key":"SMITH"},{"data":"Loop","floor":27,"key":"SMITH"}],"neow_cost":"NONE","seed_source_timestamp":17783327201000,"circlet_count":0,"master_deck":["AscendersBane","Strike_B","Defend_B","Defend_B","Defend_B","Zap+1","Dualcast","Cold Snap","Rip and Tear+1","Go for the Eyes+1","Glacier","Lockon+1","Core Surge","Melter","Loop+1","Decay","Conserve Battery+1","Blizzard","Chaos"],"special_seed":0,"relics":["Cracked Core","Blood Vial","Strawberry","Ancient Tea Set","Boot","Coffee Dripper","Letter Opener"],"potions_floor_usage":[18,23,23],"damage_taken":[{"damage":2.0,"enemies":"Small Slimes","floor":1.0,"turns":3.0},{"damage":0.0,"enemies":"Cultist","floor":3.0,"turns":2.0},{"damage":2.0,"enemies":"Jaw Worm","floor":4.0,"turns":3.0},{"damage":30.0,"enemies":"Gremlin Nob","floor":7.0,"turns":4.0},{"damage":0.0,"enemies":"2 Fungi Beasts","floor":12.0,"turns":2.0},{"damage":10.0,"enemies":"The Guardian","floor":16.0,"turns":13.0},{"damage":14,"enemies":"Spheric Guardian","floor":18,"turns":4},{"damage":6,"enemies":"Chosen","floor":21,"turns":6},{"damage":14,"enemies":"Centurion and Healer","floor":23,"turns":5},{"damage":61,"enemies":"Book of Stabbing","floor":28,"turns":7}],"seed_played":"5425126672009459413","potions_obtained":[{"floor":3.0,"key":"LiquidBronze"},{"floor":4.0,"key":"SkillPotion"},{"floor":16.0,"key":"Swift Potion"},{"floor":21,"key":"EntropicBrew"}],"is_trial":false,"path_per_floor":["M","?","M","M","$","R","E","R","T","$","R","M","T","?","R","B",null,"M","?","$","M","?","M","$","?","T","R","E"],"character_chosen":"DEFECT","items_purchased":["Loop"],"campfire_rested":0,"item_purchase_floors":[20],"current_hp_per_floor":[62,62,64,64,64,64,43,43,43,43,43,45,45,45,45,37,68,56,72,72,68,68,56,56,56,56,56,0],"gold":8,"neow_bonus":"THREE_CARDS","is_prod":false,"is_daily":false,"chose_seed":false,"campfire_upgraded":5,"win_rate":0,"timestamp":1558755057,"path_taken":["M","?","M","M","$","R","E","R","T","?","R","M","?","?","R","BOSS","M","?","$","M","?","M","?","?","T","R","E"],"build_version":"2019-05-24v2","purchased_purges":2,"victory":false,"max_hp_per_floor":[71,71,71,71,71,71,78,78,78,78,78,78,78,78,78,78,78,78,78,78,78,78,78,78,78,78,78,78],"card_choices":[{"not_picked":["Ball Lightning","Scrape"],"picked":"Cold Snap","floor":0.0},{"not_picked":["Leap","Gash"],"picked":"Rip and Tear","floor":1.0},{"not_picked":["Sweeping Beam","Capacitor"],"picked":"Go for the Eyes","floor":3.0},{"not_picked":["Go for the Eyes","Redo"],"picked":"Glacier","floor":4.0},{"not_picked":["Gash","BootSequence"],"picked":"Lockon","floor":7.0},{"not_picked":["Reinforced Body","Doom and Gloom","Compile Driver"],"picked":"SKIP","floor":12.0},{"not_picked":["Meteor Strike","Reboot"],"picked":"Core Surge","floor":16.0},{"not_picked":["Skim","Rebound"],"picked":"Melter","floor":18},{"not_picked":["Reprogram","Storm","Hologram"],"picked":"SKIP","floor":21},{"not_picked":["Compile Driver+1","Turbo"],"picked":"Conserve Battery+1","floor":23}],"player_experience":717781,"relics_obtained":[{"floor":7.0,"key":"Strawberry"},{"floor":9.0,"key":"Ancient Tea Set"},{"floor":13.0,"key":"Boot"},{"floor":26,"key":"Letter Opener"}],"event_choices":[{"damage_healed":0.0,"max_hp_gain":0.0,"max_hp_loss":0.0,"gold_gain":0.0,"event_name":"WeMeetAgain","player_choice":"Paid Gold","floor":2.0,"gold_loss":84.0,"damage_taken":0.0,"relics_obtained":["Blood Vial"]},{"damage_healed":0.0,"max_hp_gain":0.0,"max_hp_loss":0.0,"gold_gain":0.0,"event_name":"Scrap Ooze","player_choice":"Fled","floor":14.0,"gold_loss":0.0,"damage_taken":0.0},{"damage_healed":16,"gold_gain":0,"player_choice":"Heal","damage_taken":0,"max_hp_gain":0,"max_hp_loss":0,"event_name":"The Library","floor":19,"gold_loss":0},{"damage_healed":0,"gold_gain":0,"player_choice":"Smashed Altar","damage_taken":0,"max_hp_gain":0,"max_hp_loss":0,"event_name":"Forgotten Altar","floor":22,"gold_loss":0,"cards_obtained":["Decay"]},{"damage_healed":0,"gold_gain":0,"cards_transformed":["Defend_B","Strike_B"],"player_choice":"Became Test Subject","damage_taken":0,"max_hp_gain":0,"max_hp_loss":0,"event_name":"Drug Dealer","floor":25,"gold_loss":0,"cards_obtained":["Blizzard","Chaos"]}],"is_beta":true,"boss_relics":[{"not_picked":["Runic Pyramid","Orrery"],"picked":"Coffee Dripper"}],"items_purged_floors":[10,24],"is_endless":false,"potions_floor_spawned":[3,4,16,21],"killed_by":"Book of Stabbing","ascension_level":19}