{"gold_per_floor":[10,160,210,227,240,165,165,165,217,217,23,35,64,64,64,64],"floor_reached":16,"playtime":502,"items_purged":[],"score":240,"play_id":"977f3c14-1fdf-4c81-8c44-1181cd887786","local_time":"20190526121815","is_ascension_mode":true,"campfire_choices":[{"data":"Loop","floor":7,"key":"SMITH"},{"data":"Zap","floor":10,"key":"SMITH"},{"data":"Sweeping Beam","floor":15,"key":"SMITH"}],"neow_cost":"NO_GOLD","seed_source_timestamp":150621063870800,"circlet_count":0,"master_deck":["AscendersBane","Strike_B","Strike_B","Strike_B","Defend_B","Defend_B","Defend_B","Defend_B","Zap+1","Dualcast","Loop+1","Sweeping Beam+1","Steam","Steam","Sweeping Beam","Auto Shields+1"],"relics":["Cracked Core","Bag of Marbles","Lantern","Happy Flower","Toxic Egg 2"],"potions_floor_usage":[12,13,13],"damage_taken":[{"damage":9,"enemies":"Jaw Worm","floor":1,"turns":4},{"damage":7,"enemies":"Small Slimes","floor":4,"turns":3},{"damage":7,"enemies":"Cultist","floor":5,"turns":4},{"damage":6,"enemies":"Exordium Wildlife","floor":12,"turns":3},{"damage":0,"enemies":"3 Sentries","floor":13,"turns":5},{"damage":36,"enemies":"Hexaghost","floor":16,"turns":9}],"seed_played":"-2364674078349281878","potions_obtained":[{"floor":1,"key":"Swift Potion"},{"floor":5,"key":"FearPotion"},{"floor":12,"key":"AttackPotion"}],"is_trial":false,"path_per_floor":["M","?","?","M","M","?","R","?","T","R","$","M","E","?","R","B"],"character_chosen":"DEFECT","items_purchased":["Happy Flower","Steam"],"campfire_rested":0,"item_purchase_floors":[11,11],"current_hp_per_floor":[69,69,61,54,47,47,47,42,42,42,42,36,36,36,36,0],"gold":64,"neow_bonus":"TWENTY_PERCENT_HP_BONUS","is_prod":false,"is_daily":false,"chose_seed":false,"campfire_upgraded":3,"win_rate":0,"timestamp":1558887495,"path_taken":["M","?","?","?","M","?","R","?","T","R","$","M","E","?","R","BOSS"],"build_version":"2019-05-24v2","purchased_purges":0,"victory":false,"max_hp_per_floor":[85,85,85,85,85,85,85,85,85,85,85,85,85,85,85,85],"card_choices":[{"not_picked":["Scrape","Storm"],"picked":"Loop","floor":1},{"not_picked":["Genetic Algorithm","Reinforced Body"],"picked":"Sweeping Beam","floor":4},{"not_picked":["Go for the Eyes","Gash"],"picked":"Steam","floor":5},{"not_picked":["Conserve Battery","Gash","Rebound"],"picked":"SKIP","floor":12},{"not_picked":["Steam","Amplify"],"picked":"Sweeping Beam","floor":13}],"player_experience":720883,"relics_obtained":[{"floor":9,"key":"Lantern"},{"floor":13,"key":"Toxic Egg 2"}],"event_choices":[{"damage_healed":0,"gold_gain":150,"player_choice":"AGREE","damage_taken":0,"max_hp_gain":0,"max_hp_loss":0,"event_name":"Liars Game","floor":2,"gold_loss":0,"cards_obtained":["Doubt"]},{"damage_healed":0,"gold_gain":50,"player_choice":"Touch","damage_taken":8,"max_hp_gain":0,"max_hp_loss":0,"event_name":"FaceTrader","floor":3,"gold_loss":0},{"cards_removed":["Doubt"],"damage_healed":0,"gold_gain":0,"player_choice":"Card Removal","damage_taken":0,"max_hp_gain":0,"max_hp_loss":0,"event_name":"The Cleric","floor":6,"gold_loss":75},{"damage_healed":0,"gold_gain":0,"player_choice":"Success","damage_taken":5,"relics_obtained":["Bag of Marbles"],"max_hp_gain":0,"max_hp_loss":0,"event_name":"Scrap Ooze","floor":8,"gold_loss":0},{"damage_healed":0,"gold_gain":0,"cards_transformed":["Strike_B"],"player_choice":"Change","damage_taken":0,"max_hp_gain":0,"max_hp_loss":0,"event_name":"Living Wall","floor":14,"gold_loss":0,"cards_obtained":["Auto Shields"]}],"is_beta":true,"boss_relics":[],"items_purged_floors":[],"is_endless":false,"potions_floor_spawned":[1,5,12],"killed_by":"Hexaghost","ascension_level":19}