{"gold_per_floor":[16,16,26,26,38,38,73,73,128,139,172,189,264,282,282,377,377,392,426,341,46,65,65,128,128,128,128,148,183,183,183,183,279,279,290,301,201,201,214,214,234,234,234,246,262,262,85,85,85,85],"floor_reached":50,"playtime":2347,"items_purged":["Normality","Clumsy"],"score":567,"play_id":"3a5fa4be-411e-4ce2-8ed9-9c4c110ede59","local_time":"20180922013231","is_ascension_mode":true,"campfire_choices":[{"data":"Searing Blow","floor":6,"key":"SMITH"},{"data":"Searing Blow+1","floor":8,"key":"SMITH"},{"data":"Searing Blow+2","floor":15,"key":"SMITH"},{"data":"Searing Blow+3","floor":23,"key":"SMITH"},{"data":"Searing Blow+4","floor":25,"key":"SMITH"},{"data":"Searing Blow+5","floor":27,"key":"SMITH"},{"floor":30,"key":"REST"},{"floor":32,"key":"REST"},{"data":"Searing Blow+6","floor":40,"key":"SMITH"},{"data":"Double Tap","floor":42,"key":"SMITH"},{"data":"Searing Blow+7","floor":49,"key":"SMITH"}],"neow_cost":"NO_GOLD","seed_source_timestamp":565504657461359,"circlet_count":0,"master_deck":["Strike_R","Strike_R","Strike_R","Strike_R+1","Strike_R+1","Defend_R","Defend_R","Defend_R","Defend_R","Bash","Thunderclap","Searing Blow+8","Body Slam","True Grit","Double Tap+1","Intimidate+1","Headbutt","Shockwave+1","Barricade+1","Disarm+1","Metallicize+1","Armaments+1","Carnage+1","Reaper","Dual Wield+1"],"relics":["Burning Blood","Regal Pillow","Pen Nib","Ancient Tea Set","Cursed Key","Red Mask","Frozen Egg 2","Gambling Chip","Tiny Chest","Boot","Toxic Egg 2","Enchiridion","Mark of Pain","Darkstone Periapt"],"potions_floor_usage":[7,11,16,19,29,33,35,44,45],"damage_taken":[{"damage":8,"enemies":"Small Slimes","floor":1,"turns":4},{"damage":2,"enemies":"2 Louse","floor":3,"turns":3},{"damage":9,"enemies":"Jaw Worm","floor":5,"turns":3},{"damage":33,"enemies":"3 Sentries","floor":7,"turns":10},{"damage":0,"enemies":"2 Fungi Beasts","floor":10,"turns":2},{"damage":16,"enemies":"Lagavulin","floor":11,"turns":5},{"damage":9,"enemies":"3 Louse","floor":12,"turns":4},{"damage":0,"enemies":"Exordium Wildlife","floor":14,"turns":3},{"damage":30,"enemies":"Hexaghost","floor":16,"turns":7},{"damage":29,"enemies":"2 Thieves","floor":18,"turns":4},{"damage":17,"enemies":"Masked Bandits","floor":19,"turns":4},{"damage":14,"enemies":"Shell Parasite","floor":22,"turns":3},{"damage":8,"enemies":"Book of Stabbing","floor":24,"turns":2},{"damage":0,"enemies":"Cultist and Chosen","floor":28,"turns":3},{"damage":47,"enemies":"Slavers","floor":29,"turns":5},{"damage":40,"enemies":"Collector","floor":33,"turns":5},{"damage":25,"enemies":"3 Darklings","floor":35,"turns":6},{"damage":11,"enemies":"3 Shapes","floor":36,"turns":5},{"damage":17,"enemies":"Reptomancer","floor":39,"turns":4},{"damage":13,"enemies":"Transient","floor":41,"turns":5},{"damage":44,"enemies":"4 Shapes","floor":44,"turns":7},{"damage":0,"enemies":"Spire Growth","floor":45,"turns":2},{"damage":81,"enemies":"Awakened One","floor":50,"turns":6}],"seed_played":"-5978467155420806807","potions_obtained":[{"floor":1,"key":"SpeedPotion"},{"floor":7,"key":"FearPotion"},{"floor":14,"key":"Regen Potion"},{"floor":16,"key":"Poison Potion"},{"floor":19,"key":"Weak Potion"},{"floor":29,"key":"Swift Potion"},{"floor":33,"key":"Explosive Potion"},{"floor":39,"key":"SteroidPotion"},{"floor":44,"key":"SteroidPotion"},{"floor":45,"key":"Ancient Potion"}],"is_trial":false,"path_per_floor":["M","?","M","?","M","R","E","R","T","M","E","M","?","M","R","B",null,"M","?","?","$","M","R","E","R","T","R","M","E","R","?","R","B",null,"M","M","$","?","M","R","M","R","T","M","M","?","$","?","R"],"character_chosen":"IRONCLAD","items_purchased":["Gambling Chip","Armaments+1","Dual Wield+1"],"campfire_rested":2,"item_purchase_floors":[21,37,47],"current_hp_per_floor":[94,75,79,79,76,76,49,49,49,55,45,42,31,37,37,28,96,73,62,62,62,54,54,52,52,52,52,58,17,60,44,87,53,96,77,72,72,72,61,61,54,54,54,16,22,22,22,80,80,0],"gold":85,"neow_bonus":"TWENTY_PERCENT_HP_BONUS","is_prod":false,"is_daily":false,"chose_seed":false,"campfire_upgraded":9,"win_rate":0,"timestamp":1537594351,"path_taken":["M","?","M","?","M","R","E","R","T","M","E","M","?","M","R","BOSS","M","?","?","?","?","R","E","R","T","R","M","E","R","?","R","BOSS","M","M","$","?","M","R","M","R","T","M","M","?","$","?","R","BOSS"],"build_version":"2018-09-20","purchased_purges":2,"victory":false,"max_hp_per_floor":[96,96,96,96,96,96,96,96,96,96,96,96,96,96,96,96,96,96,96,96,96,96,96,96,96,96,96,96,96,96,96,96,96,96,96,96,96,91,91,91,91,91,91,91,91,91,91,80,80,80],"card_choices":[{"not_picked":["Burning Pact","Iron Wave"],"picked":"Thunderclap","floor":1},{"not_picked":["Clash","Iron Wave"],"picked":"Searing Blow","floor":3},{"not_picked":["Perfected Strike","Thunderclap","Heavy Blade"],"picked":"SKIP","floor":5},{"not_picked":["Sentinel","Thunderclap"],"picked":"Body Slam","floor":7},{"not_picked":["Corruption","Evolve","Sever Soul"],"picked":"SKIP","floor":10},{"not_picked":["Exhume","Searing Blow","Wild Strike"],"picked":"SKIP","floor":11},{"not_picked":["Sword Boomerang","Evolve"],"picked":"True Grit","floor":12},{"not_picked":["Clothesline","Anger","Pummel"],"picked":"SKIP","floor":14},{"not_picked":["Immolate","Impervious"],"picked":"Double Tap","floor":16},{"not_picked":["Body Slam+1","Dropkick"],"picked":"Intimidate+1","floor":18},{"not_picked":["Sword Boomerang+1","Perfected Strike"],"picked":"Headbutt","floor":19},{"not_picked":["Warcry","Cleave+1","Body Slam"],"picked":"SKIP","floor":22},{"not_picked":["Thunderclap","Pommel Strike","Anger"],"picked":"SKIP","floor":24},{"not_picked":["Heavy Blade","Wild Strike","Headbutt"],"picked":"SKIP","floor":28},{"not_picked":["Wild Strike","Heavy Blade"],"picked":"Shockwave+1","floor":29},{"not_picked":["Exhume+1","Berserk+1"],"picked":"Barricade+1","floor":33},{"not_picked":["Perfected Strike","Thunderclap"],"picked":"Disarm+1","floor":35},{"not_picked":["Heavy Blade","Corruption+1"],"picked":"Metallicize+1","floor":36},{"not_picked":["Cleave","Thunderclap+1"],"picked":"Carnage+1","floor":39},{"not_picked":["Reckless Charge","Searing Blow","Hemokinesis"],"picked":"SKIP","floor":41},{"not_picked":["Carnage+1","Bloodletting+1"],"picked":"Reaper","floor":44},{"not_picked":["Corruption+1","Headbutt+1","Sword Boomerang+1"],"picked":"SKIP","floor":45}],"player_experience":314499,"relics_obtained":[{"floor":7,"key":"Regal Pillow"},{"floor":9,"key":"Pen Nib"},{"floor":11,"key":"Ancient Tea Set"},{"floor":19,"key":"Red Mask"},{"floor":24,"key":"Tiny Chest"},{"floor":26,"key":"Boot"},{"floor":29,"key":"Toxic Egg 2"},{"floor":31,"key":"Enchiridion"},{"floor":43,"key":"Darkstone Periapt"}],"event_choices":[{"event_name":"Shining Light","player_choice":"Entered Light","floor":2,"damage_taken":0},{"event_name":"The Cleric","player_choice":"Leave","floor":4,"damage_taken":0},{"event_name":"World of Goop","player_choice":"Gather Gold","floor":13,"damage_taken":0},{"event_name":"Masked Bandits","player_choice":"Fought Bandits","floor":19,"damage_taken":0},{"event_name":"Addict","player_choice":"Obtained Relic","floor":20,"damage_taken":0},{"event_name":"Cursed Tome","player_choice":"Obtained Book","floor":31,"damage_taken":0},{"event_name":"Winding Halls","player_choice":"Max HP","floor":38,"damage_taken":0},{"event_name":"Mysterious Sphere","player_choice":"Ignore","floor":46,"damage_taken":0},{"event_name":"The Moai Head","player_choice":"Heal","floor":48,"damage_taken":0}],"is_beta":true,"boss_relics":[{"not_picked":["Pandora\u0027s Box","Black Blood"],"picked":"Cursed Key"},{"not_picked":["Eternal Feather","Tiny House"],"picked":"Mark of Pain"}],"items_purged_floors":[37,47],"is_endless":false,"potions_floor_spawned":[1,7,14,16,19,29,33,39,44,45],"killed_by":"Awakened One","ascension_level":2}