{"gold_per_floor":[118,118,118,193,143,143,143,143,223,248,265,64,64,84,84,183,183,108,108],"floor_reached":19,"playtime":804,"items_purged":[],"score":193,"play_id":"7e1b7a11-d69a-42d1-ae10-510e820f3919","local_time":"20181217233256","is_ascension_mode":true,"campfire_choices":[{"data":"Tools of the Trade","floor":6,"key":"SMITH"},{"data":"Neutralize","floor":8,"key":"SMITH"},{"data":"Noxious Fumes","floor":13,"key":"SMITH"},{"floor":15,"key":"REST"}],"neow_cost":"NONE","seed_source_timestamp":372716760995131,"circlet_count":0,"master_deck":["Defend_G","Defend_G","Defend_G","Defend_G","Defend_G","Strike_G","Strike_G","Strike_G","Strike_G","Survivor","Neutralize+1","Tools of the Trade+1","Footwork+1","Noxious Fumes+1","Slice","A Thousand Cuts"],"relics":["Ring of the Snake","Orichalcum","Singing Bowl","Snake Skull","OrangePellets","HoveringKite"],"potions_floor_usage":[],"damage_taken":[{"damage":2,"enemies":"Jaw Worm","floor":1,"turns":6},{"damage":10,"enemies":"3 Sentries","floor":10,"turns":16},{"damage":5,"enemies":"Small Slimes","floor":11,"turns":4},{"damage":0,"enemies":"2 Louse","floor":14,"turns":4},{"damage":28,"enemies":"Hexaghost","floor":16,"turns":12},{"damage":22,"enemies":"2 Thieves","floor":18,"turns":5},{"damage":0,"enemies":"Spheric Guardian","floor":19,"turns":1}],"seed_played":"3155974968184794481","potions_obtained":[{"floor":11,"key":"SteroidPotion"},{"floor":14,"key":"Ancient Potion"},{"floor":16,"key":"LiquidBronze"}],"is_trial":false,"path_per_floor":["M","?","$","?","?","R","?","R","T","E","M","$","R","M","R","B",null,"M","M"],"character_chosen":"THE_SILENT","items_purchased":["OrangePellets"],"campfire_rested":1,"item_purchase_floors":[12],"current_hp_per_floor":[68,65,65,54,54,54,54,54,54,44,41,41,41,41,62,34,72,52,52],"gold":108,"neow_bonus":"ONE_RANDOM_RARE_CARD","is_prod":false,"is_daily":false,"chose_seed":false,"campfire_upgraded":3,"win_rate":0,"timestamp":1545118376,"path_taken":["M","?","$","?","?","R","?","R","T","E","M","?","R","M","R","BOSS","M","M"],"build_version":"2018-12-13","purchased_purges":0,"victory":false,"max_hp_per_floor":[70,70,70,70,70,70,70,70,70,70,72,72,72,72,72,72,72,74,74],"card_choices":[{"not_picked":["Flying Knee","Riddle With Holes"],"picked":"Footwork","floor":1},{"not_picked":["Dagger Spray","Terror"],"picked":"Noxious Fumes","floor":10},{"not_picked":["Dagger Throw","Riddle With Holes","Poisoned Stab"],"picked":"Singing Bowl","floor":11},{"not_picked":["Outmaneuver","Quick Slash"],"picked":"Slice","floor":14},{"not_picked":["Glass Knife","Venomology"],"picked":"A Thousand Cuts","floor":16},{"not_picked":["Riddle With Holes+1","Outmaneuver","Deflect"],"picked":"Singing Bowl","floor":18}],"player_experience":559850,"relics_obtained":[{"floor":9,"key":"Singing Bowl"},{"floor":10,"key":"Snake Skull"}],"event_choices":[{"damage_healed":0,"gold_gain":0,"player_choice":"Success","damage_taken":3,"relics_obtained":["Orichalcum"],"max_hp_gain":0,"max_hp_loss":0,"event_name":"Scrap Ooze","floor":2,"gold_loss":0},{"damage_healed":0,"gold_gain":75,"player_choice":"Gather Gold","damage_taken":11,"max_hp_gain":0,"max_hp_loss":0,"event_name":"World of Goop","floor":4,"gold_loss":0},{"cards_removed":["Strike_G"],"damage_healed":0,"gold_gain":0,"player_choice":"Card Removal","damage_taken":0,"max_hp_gain":0,"max_hp_loss":0,"event_name":"The Cleric","floor":5,"gold_loss":50},{"damage_healed":0,"gold_gain":0,"player_choice":"Grow","damage_taken":0,"max_hp_gain":0,"max_hp_loss":0,"event_name":"Living Wall","floor":7,"gold_loss":0,"cards_upgraded":["Footwork"]}],"is_beta":false,"boss_relics":[{"not_picked":["Fusion Hammer","WristBlade"],"picked":"HoveringKite"}],"items_purged_floors":[],"is_endless":false,"potions_floor_spawned":[11,14,16],"killed_by":"Spheric Guardian","ascension_level":4}