{"gold_per_floor":[111,129,144,158,9,9,28,56,132,143,157,191,208,226,226,322,322,339,355,66,77,93,127,127,142,167,201,213,213,213,230,230,335,335,355,355,47,67,0,0,31,31,31,31,31,31,31,31,31,31,31,31,31,63,63],"floor_reached":55,"playtime":5173,"items_purged":[],"score":776,"play_id":"ef79fb9e-6a80-42f3-ae40-c207ff937c06","local_time":"20190529215921","is_ascension_mode":false,"campfire_choices":[{"data":"Armaments","floor":6,"key":"SMITH"},{"data":"Demon Form","floor":15,"key":"SMITH"},{"floor":24,"key":"DIG"},{"floor":29,"key":"DIG"},{"floor":32,"key":"REST"},{"floor":40,"key":"DIG"},{"floor":42,"key":"REST"},{"floor":46,"key":"RECALL"},{"floor":49,"key":"DIG"},{"floor":52,"key":"DIG"}],"neow_cost":"NONE","seed_source_timestamp":990705001795277,"circlet_count":0,"master_deck":["Strike_R+1","Defend_R","Defend_R","Defend_R","Defend_R","Bash+1","Armaments+1","Spot Weakness","Battle Trance","Demon Form+1","Heavy Blade","Feed","Clothesline+1","Shrug It Off","Metallicize+1","True Grit","Evolve+1","Fiend Fire","Cleave","Brutality+1","Shrug It Off","FTL","Rampage"],"relics":["Burning Blood","Oddly Smooth Stone","Du-Vu Doll","Dodecahedron","Turnip","Busted Crown","Shovel","Whetstone","Frozen Egg 2","Smiling Mask","FossilizedHelix","Juzu Bracelet","Runic Cube","Kunai","Red Mask","Magic Flower","Centennial Puzzle","Bag of Marbles","Mercury Hourglass","Ornamental Fan"],"potions_floor_usage":[7,12,16,16,16,23,23,27,33,41,41,41],"damage_taken":[{"damage":6,"enemies":"Cultist","floor":1,"turns":4},{"damage":3,"enemies":"Jaw Worm","floor":2,"turns":4},{"damage":0,"enemies":"Small Slimes","floor":3,"turns":3},{"damage":10,"enemies":"Exordium Wildlife","floor":4,"turns":4},{"damage":7,"enemies":"3 Louse","floor":7,"turns":3},{"damage":15,"enemies":"3 Sentries","floor":8,"turns":8},{"damage":15,"enemies":"Lots of Slimes","floor":10,"turns":6},{"damage":7,"enemies":"Red Slaver","floor":11,"turns":4},{"damage":13,"enemies":"Lagavulin","floor":12,"turns":6},{"damage":3,"enemies":"2 Fungi Beasts","floor":13,"turns":3},{"damage":8,"enemies":"Looter","floor":14,"turns":3},{"damage":21,"enemies":"Hexaghost","floor":16,"turns":7},{"damage":9,"enemies":"3 Byrds","floor":18,"turns":4},{"damage":12,"enemies":"Spheric Guardian","floor":19,"turns":5},{"damage":9,"enemies":"Snake Plant","floor":21,"turns":6},{"damage":8,"enemies":"Centurion and Healer","floor":22,"turns":6},{"damage":28,"enemies":"Slavers","floor":23,"turns":7},{"damage":9,"enemies":"Snecko","floor":25,"turns":5},{"damage":32,"enemies":"Gremlin Leader","floor":27,"turns":7},{"damage":19,"enemies":"Shelled Parasite and Fungi","floor":28,"turns":8},{"damage":8,"enemies":"Centurion and Healer","floor":31,"turns":6},{"damage":26,"enemies":"Automaton","floor":33,"turns":8},{"damage":21,"enemies":"3 Darklings","floor":35,"turns":5},{"damage":22,"enemies":"Orb Walker","floor":38,"turns":5},{"damage":59,"enemies":"Reptomancer","floor":41,"turns":7},{"damage":46,"enemies":"Donu and Deca","floor":50,"turns":8},{"damage":44,"enemies":"Shield and Spear","floor":54,"turns":5},{"damage":93,"enemies":"The Heart","floor":55,"turns":5}],"seed_played":"-4969973153594428881","potions_obtained":[{"floor":1,"key":"Fire Potion"},{"floor":8,"key":"Weak Potion"},{"floor":10,"key":"AttackPotion"},{"floor":12,"key":"LiquidBronze"},{"floor":14,"key":"EssenceOfSteel"},{"floor":16,"key":"SkillPotion"},{"floor":21,"key":"GamblersBrew"},{"floor":23,"key":"BloodPotion"},{"floor":28,"key":"FearPotion"},{"floor":31,"key":"Swift Potion"},{"floor":35,"key":"Fire Potion"},{"floor":38,"key":"PowerPotion"}],"is_trial":false,"path_per_floor":["M","M","M","M","$","R","M","E","T","M","M","E","M","M","R","B",null,"M","M","$","M","M","E","R","M","T","E","M","R","?","M","R","B",null,"M","?","$","M","?","R","E","R","T","?","?","R","$","?","R","B",null,"R","$","E","B"],"character_chosen":"IRONCLAD","items_purchased":["Oddly Smooth Stone","Shovel","Kunai","Shrug It Off"],"campfire_rested":2,"item_purchase_floors":[5,20,37,37],"current_hp_per_floor":[88,88,88,84,84,84,83,74,74,65,64,57,60,58,58,43,88,88,85,85,82,83,64,64,61,61,45,35,35,35,33,63,43,103,88,88,88,75,75,75,25,56,56,56,56,56,56,56,56,24,109,109,109,80,0],"gold":63,"neow_bonus":"TEN_PERCENT_HP_BONUS","is_prod":false,"is_daily":false,"chose_seed":false,"campfire_upgraded":2,"win_rate":0,"timestamp":1559192361,"path_taken":["M","M","M","M","?","R","M","E","T","M","M","E","M","M","R","BOSS","M","M","$","M","M","E","R","M","T","E","M","R","?","M","R","BOSS","M","?","$","M","?","R","E","R","T","?","?","R","?","?","R","BOSS","R","$","E","BOSS"],"build_version":"2019-01-23","purchased_purges":0,"victory":false,"max_hp_per_floor":[88,88,88,88,88,88,88,88,88,88,88,88,88,88,88,88,88,91,94,94,94,97,100,100,100,100,100,103,103,103,103,103,103,103,103,103,103,106,106,106,106,106,106,106,106,106,106,106,106,109,109,109,109,113,113],"card_choices":[{"not_picked":["Bloodletting","Entrench"],"picked":"Armaments","floor":1},{"not_picked":["Havoc","Warcry","Second Wind"],"picked":"SKIP","floor":2},{"not_picked":["Thunderclap","Infernal Blade","Rampage"],"picked":"SKIP","floor":3},{"not_picked":["Sever Soul","Headbutt"],"picked":"Spot Weakness","floor":4},{"not_picked":["Perfected Strike","Searing Blow","Iron Wave"],"picked":"SKIP","floor":7},{"not_picked":["Body Slam","Rupture","Clash"],"picked":"SKIP","floor":8},{"not_picked":["Carnage","Whirlwind"],"picked":"Battle Trance","floor":10},{"not_picked":["Perfected Strike","Battle Trance","Pommel Strike"],"picked":"SKIP","floor":11},{"not_picked":["Perfected Strike","Clash","Second Wind"],"picked":"SKIP","floor":12},{"not_picked":["Hemokinesis","Pummel"],"picked":"Demon Form","floor":13},{"not_picked":["Carnage","Anger"],"picked":"Heavy Blade","floor":14},{"not_picked":["Impervious","Dark Embrace"],"picked":"Feed","floor":16},{"not_picked":["Feel No Pain"],"picked":"SKIP","floor":18},{"not_picked":[],"picked":"Clothesline+1","floor":19},{"not_picked":[],"picked":"Shrug It Off","floor":21},{"not_picked":[],"picked":"Metallicize+1","floor":22},{"not_picked":[],"picked":"True Grit","floor":23},{"not_picked":[],"picked":"Evolve+1","floor":25},{"not_picked":[],"picked":"Fiend Fire","floor":27},{"not_picked":["Wild Strike"],"picked":"SKIP","floor":28},{"not_picked":["Cleave"],"picked":"SKIP","floor":31},{"not_picked":[],"picked":"Brutality+1","floor":33},{"not_picked":["Headbutt"],"picked":"SKIP","floor":35},{"not_picked":["Headbutt+1"],"picked":"SKIP","floor":38},{"not_picked":["Flex"],"picked":"SKIP","floor":41},{"not_picked":["Havoc+1"],"picked":"SKIP","floor":54}],"player_experience":106082,"relics_obtained":[{"floor":8,"key":"Du-Vu Doll"},{"floor":9,"key":"Dodecahedron"},{"floor":12,"key":"Turnip"},{"floor":23,"key":"Whetstone"},{"floor":24,"key":"Frozen Egg 2"},{"floor":26,"key":"Smiling Mask"},{"floor":27,"key":"FossilizedHelix"},{"floor":29,"key":"Juzu Bracelet"},{"floor":40,"key":"Magic Flower"},{"floor":41,"key":"Centennial Puzzle"},{"floor":49,"key":"Bag of Marbles"},{"floor":52,"key":"Mercury Hourglass"},{"floor":54,"key":"Ornamental Fan"}],"event_choices":[{"damage_healed":0,"gold_gain":0,"cards_transformed":["Strike_R","Strike_R"],"player_choice":"Became Test Subject","damage_taken":0,"max_hp_gain":0,"max_hp_loss":0,"event_name":"Drug Dealer","floor":30,"gold_loss":0,"cards_obtained":["Cleave","Flex"]},{"cards_removed":["Strike_R"],"damage_healed":0,"gold_gain":0,"player_choice":"Removed Attack","damage_taken":0,"max_hp_gain":0,"max_hp_loss":0,"event_name":"Falling","floor":36,"gold_loss":0},{"damage_healed":0,"gold_gain":0,"player_choice":"Paid","damage_taken":0,"relics_obtained":["Red Mask"],"max_hp_gain":0,"max_hp_loss":0,"event_name":"Tomb of Lord Red Mask","floor":39,"gold_loss":67},{"cards_removed":["Flex"],"damage_healed":0,"gold_gain":0,"player_choice":"Took Card","damage_taken":0,"max_hp_gain":0,"max_hp_loss":0,"event_name":"NoteForYourself","floor":44,"gold_loss":0,"cards_obtained":["FTL"]},{"damage_healed":0,"gold_gain":0,"cards_transformed":["Strike_R"],"player_choice":"Transformed","damage_taken":0,"max_hp_gain":0,"max_hp_loss":0,"event_name":"Transmorgrifier","floor":45,"gold_loss":0,"cards_obtained":["Rampage"]},{"damage_healed":0,"gold_gain":0,"player_choice":"Memory 1","damage_taken":0,"max_hp_gain":0,"max_hp_loss":0,"event_name":"SensoryStone","floor":48,"gold_loss":0}],"is_beta":false,"boss_relics":[{"not_picked":["Empty Cage","White Beast Statue"],"picked":"Busted Crown"},{"not_picked":["Mark of Pain","Runic Dome"],"picked":"Runic Cube"}],"items_purged_floors":[],"is_endless":false,"potions_floor_spawned":[1,8,10,12,14,16,21,23,28,31,35,38],"killed_by":"The Heart","ascension_level":0}