{"gold_per_floor":[117,117,117,117,133,159,159,10,10,43,55,1,29,55,67,178,190,216,228,240,252,282,323,335,347,359,70,70,83,93,93],"floor_reached":31,"playtime":902,"items_purged":["Strike_G"],"score":400,"play_id":"f15d6c07-bfa6-4301-ac66-4bb10e0946a5","local_time":"20190531124934","is_ascension_mode":true,"campfire_choices":[{"data":"Deadly Poison","floor":7,"key":"SMITH"},{"data":"Skewer","floor":11,"key":"SMITH"},{"data":"Noxious Fumes","floor":15,"key":"SMITH"},{"floor":24,"key":"REST"}],"neow_cost":"NONE","seed_source_timestamp":171442115265255,"circlet_count":0,"master_deck":["Defend_G","Defend_G","Defend_G","Defend_G","Defend_G","Survivor","Neutralize+1","PiercingWail","Deadly Poison+1","Skewer+1","Crippling Poison","Noxious Fumes+1","Bullet Time","Corpse Explosion+1","Heel Hook+1","Eviscerate+1","Footwork","Reflex","Acrobatics","Catalyst","Bane","Trip","Prepared"],"relics":["Ring of the Snake","NeowsBlessing","Blood Vial","Oddly Smooth Stone","Blue Candle","MawBank","Thread and Needle","Astrolabe","PreservedInsect","Dream Catcher","Dodecahedron"],"potions_floor_usage":[10,10,16,29,29,30],"damage_taken":[{"damage":0,"enemies":"Jaw Worm","floor":1,"turns":1},{"damage":0,"enemies":"2 Louse","floor":5,"turns":1},{"damage":0,"enemies":"Gremlin Nob","floor":6,"turns":1},{"damage":29,"enemies":"Lagavulin","floor":10,"turns":6},{"damage":0,"enemies":"Cultist","floor":13,"turns":4},{"damage":0,"enemies":"Looter","floor":14,"turns":4},{"damage":12,"enemies":"Slime Boss","floor":16,"turns":8},{"damage":28,"enemies":"2 Thieves","floor":18,"turns":4},{"damage":0,"enemies":"Chosen","floor":22,"turns":5},{"damage":40,"enemies":"Gremlin Leader","floor":23,"turns":6},{"damage":18,"enemies":"Sentry and Sphere","floor":29,"turns":7},{"damage":4,"enemies":"Centurion and Healer","floor":30,"turns":5},{"damage":12,"enemies":"Snake Plant","floor":31,"turns":3}],"seed_played":"8351941834319380569","potions_obtained":[{"floor":1,"key":"Swift Potion"},{"floor":6,"key":"SteroidPotion"},{"floor":14,"key":"Energy Potion"},{"floor":16,"key":"FairyPotion"},{"floor":18,"key":"PowerPotion"},{"floor":22,"key":"AttackPotion"}],"is_trial":false,"path_per_floor":["M","?","?","?","M","E","R","$","T","E","R","?","M","M","R","B",null,"M","T","$","?","M","E","R","?","T","$","?","M","M","M"],"character_chosen":"THE_SILENT","items_purchased":["Oddly Smooth Stone","Catalyst","Bane","Trip","PowerPotion"],"campfire_rested":1,"item_purchase_floors":[8,27,27,27,27],"current_hp_per_floor":[63,63,63,63,63,63,63,63,63,36,36,36,38,40,40,30,60,34,34,34,34,36,7,28,28,28,28,28,12,10,0],"gold":93,"neow_bonus":"THREE_ENEMY_KILL","is_prod":false,"is_daily":false,"chose_seed":false,"campfire_upgraded":3,"win_rate":0,"timestamp":1559278174,"path_taken":["M","?","?","?","?","E","R","?","T","E","R","?","M","M","R","BOSS","M","?","$","?","?","E","R","?","T","$","?","M","M","M"],"build_version":"2019-01-23","purchased_purges":1,"victory":false,"max_hp_per_floor":[70,70,70,70,70,70,70,70,70,70,70,70,70,70,70,70,70,70,70,70,70,70,70,70,70,70,70,70,70,70,70],"card_choices":[{"not_picked":["Caltrops","Sucker Punch"],"picked":"PiercingWail","floor":1},{"not_picked":["Distraction","Dodge and Roll"],"picked":"Deadly Poison","floor":5},{"not_picked":["Caltrops","Crippling Poison"],"picked":"Skewer","floor":6},{"not_picked":["Reflex","Distraction"],"picked":"Crippling Poison","floor":10},{"not_picked":["Acrobatics","Dash"],"picked":"Noxious Fumes","floor":13},{"not_picked":["Phantasmal Killer","Sucker Punch","Prepared"],"picked":"SKIP","floor":14},{"not_picked":["Wraith Form v2","Grand Finale"],"picked":"Bullet Time","floor":16},{"not_picked":["Heel Hook","Deadly Poison"],"picked":"Footwork","floor":18},{"not_picked":["Quick Slash","Flying Knee","Slice+1"],"picked":"SKIP","floor":22},{"not_picked":["Blur","Reflex+1"],"picked":"Acrobatics","floor":23},{"not_picked":["Acrobatics","Backflip+1"],"picked":"Prepared","floor":29},{"not_picked":["Infinite Blades","Grand Finale","Deflect"],"picked":"SKIP","floor":30}],"player_experience":935574,"relics_obtained":[{"floor":6,"key":"Blood Vial"},{"floor":9,"key":"Blue Candle"},{"floor":10,"key":"MawBank"},{"floor":19,"key":"PreservedInsect"},{"floor":23,"key":"Dream Catcher"},{"floor":26,"key":"Dodecahedron"}],"event_choices":[{"damage_healed":0,"gold_gain":0,"player_choice":"Ignored","damage_taken":0,"max_hp_gain":0,"max_hp_loss":0,"event_name":"Golden Idol","floor":2,"gold_loss":0},{"damage_healed":0,"gold_gain":0,"player_choice":"Grow","damage_taken":0,"max_hp_gain":0,"max_hp_loss":0,"event_name":"Living Wall","floor":3,"gold_loss":0,"cards_upgraded":["Neutralize"]},{"damage_healed":0,"gold_gain":0,"player_choice":"Ignored","damage_taken":0,"max_hp_gain":0,"max_hp_loss":0,"event_name":"Liars Game","floor":4,"gold_loss":0},{"damage_healed":0,"gold_gain":0,"player_choice":"Paid Gold","damage_taken":0,"relics_obtained":["Thread and Needle"],"max_hp_gain":0,"max_hp_loss":0,"event_name":"WeMeetAgain","floor":12,"gold_loss":66},{"damage_healed":0,"gold_gain":0,"cards_transformed":["Strike_G"],"player_choice":"Transformed","damage_taken":0,"max_hp_gain":0,"max_hp_loss":0,"event_name":"Transmorgrifier","floor":21,"gold_loss":0,"cards_obtained":["Reflex"]},{"damage_healed":0,"gold_gain":0,"player_choice":"Ignored","damage_taken":0,"max_hp_gain":0,"max_hp_loss":0,"event_name":"Vampires","floor":25,"gold_loss":0},{"damage_healed":0,"gold_gain":0,"player_choice":"Ignored","damage_taken":0,"max_hp_gain":0,"max_hp_loss":0,"event_name":"Cursed Tome","floor":28,"gold_loss":0}],"is_beta":false,"boss_relics":[{"not_picked":["WristBlade","Black Star"],"picked":"Astrolabe"}],"items_purged_floors":[27],"is_endless":false,"potions_floor_spawned":[1,6,14,16,18,22],"killed_by":"Snake Plant","ascension_level":8}