{"gold_per_floor":[114,125,125,5,15,15,15,15,15,90,105,131,131,131,131,236,236,250,47,67,83,98,98,113,113,113,113,124,134,152,152,152,251,251,268,268,284,36,36,36,47,47,94,106,138,150],"floor_reached":46,"playtime":2306,"items_purged":["Strike_G"],"score":514,"play_id":"7223db4f-f822-4e3c-9d6a-4627295dbcba","local_time":"20181216094123","is_ascension_mode":true,"campfire_choices":[{"data":"Phantasmal Killer","floor":6,"key":"SMITH"},{"data":"Terror","floor":8,"key":"SMITH"},{"data":"Dagger Throw","floor":13,"key":"SMITH"},{"data":"Survivor","floor":15,"key":"SMITH"},{"floor":23,"key":"REST"},{"floor":25,"key":"REST"},{"floor":32,"key":"REST"},{"floor":40,"key":"REST"},{"data":"Acrobatics","floor":42,"key":"SMITH"},{"data":"Escape Plan","floor":44,"key":"SMITH"}],"neow_cost":"NONE","seed_source_timestamp":234914045345856,"circlet_count":0,"master_deck":["Defend_G","Defend_G","Defend_G","Defend_G","Defend_G","Strike_G","Strike_G","Strike_G","Strike_G","Survivor+1","Neutralize+1","Cloak And Dagger+1","Terror+1","Dagger Throw+1","Phantasmal Killer+1","Choke","Escape Plan+1","Decay","Corpse Explosion","Poisoned Stab","Acrobatics+1","Escape Plan+1","Madness","Madness","Slice","Parasite"],"relics":["Ring of the Snake","Pantograph","Incense Burner","Busted Crown","Snake Skull","Art of War","White Beast Statue","Ninja Scroll","MawBank"],"potions_floor_usage":[16,24,30,33,33,35,35,37,41,45,45,45,46],"damage_taken":[{"damage":0,"enemies":"Cultist","floor":1,"turns":4},{"damage":1,"enemies":"Jaw Worm","floor":2,"turns":4},{"damage":1,"enemies":"2 Louse","floor":5,"turns":3},{"damage":6,"enemies":"Exordium Thugs","floor":11,"turns":4},{"damage":0,"enemies":"Gremlin Nob","floor":12,"turns":2},{"damage":25,"enemies":"Slime Boss","floor":16,"turns":11},{"damage":1,"enemies":"Shell Parasite","floor":18,"turns":2},{"damage":18,"enemies":"2 Thieves","floor":20,"turns":3},{"damage":18,"enemies":"Snake Plant","floor":21,"turns":4},{"damage":19,"enemies":"Sentry and Sphere","floor":22,"turns":5},{"damage":19,"enemies":"Snecko","floor":24,"turns":4},{"damage":15,"enemies":"Centurion and Healer","floor":28,"turns":5},{"damage":13,"enemies":"Cultist and Chosen","floor":29,"turns":5},{"damage":4,"enemies":"Snecko","floor":30,"turns":3},{"damage":67,"enemies":"Champ","floor":33,"turns":11},{"damage":1,"enemies":"3 Darklings","floor":35,"turns":3},{"damage":15,"enemies":"3 Shapes","floor":37,"turns":2},{"damage":14,"enemies":"Writhing Mass","floor":41,"turns":6},{"damage":12,"enemies":"Transient","floor":45,"turns":5},{"damage":46,"enemies":"Nemesis","floor":46,"turns":4}],"seed_played":"-2438247398513232634","potions_obtained":[{"floor":2,"key":"FairyPotion"},{"floor":12,"key":"Fire Potion"},{"floor":21,"key":"GamblersBrew"},{"floor":22,"key":"Swift Potion"},{"floor":28,"key":"GhostInAJar"},{"floor":30,"key":"Dexterity Potion"},{"floor":33,"key":"EntropicBrew"},{"floor":35,"key":"GhostInAJar"},{"floor":37,"key":"Fire Potion"},{"floor":41,"key":"GamblersBrew"},{"floor":45,"key":"PowerPotion"}],"is_trial":false,"path_per_floor":["M","M","?","$","M","R","$","R","T","?","M","E","R","?","R","B",null,"M","$","M","M","M","R","M","R","T","?","M","M","M","?","R","B",null,"M","?","M","$","?","R","M","R","T","R","M","E"],"character_chosen":"THE_SILENT","items_purchased":["Dagger Throw","Snake Skull","Poisoned Stab","Ninja Scroll"],"campfire_rested":4,"item_purchase_floors":[4,19,19,38],"current_hp_per_floor":[70,69,69,69,68,68,68,68,68,57,51,51,51,51,51,45,70,69,69,51,33,14,35,16,37,37,37,22,9,5,5,26,5,70,69,60,45,45,45,66,52,52,52,52,40,0],"gold":150,"neow_bonus":"UPGRADE_CARD","is_prod":false,"is_daily":false,"chose_seed":false,"campfire_upgraded":6,"win_rate":0,"timestamp":1544982083,"path_taken":["M","?","?","$","M","R","?","R","T","?","?","E","R","?","R","BOSS","M","$","M","M","M","R","M","R","T","?","M","M","M","?","R","BOSS","M","?","M","$","?","R","M","R","T","R","?","E"],"build_version":"2018-12-13","purchased_purges":1,"victory":false,"max_hp_per_floor":[70,70,70,70,70,70,70,70,70,70,70,70,70,70,70,70,70,70,70,70,70,70,70,70,70,70,70,70,70,70,70,70,70,70,70,70,70,70,70,70,70,70,70,70,70,70],"card_choices":[{"not_picked":["Bane","Underhanded Strike"],"picked":"Cloak And Dagger","floor":1},{"not_picked":["Catalyst","Cloak And Dagger"],"picked":"Terror","floor":2},{"not_picked":["Well Laid Plans","Catalyst"],"picked":"Phantasmal Killer","floor":5},{"not_picked":["Escape Plan","Distraction"],"picked":"Choke","floor":11},{"not_picked":["Blur","Dodge and Roll"],"picked":"Escape Plan","floor":12},{"not_picked":["Die Die Die","Venomology"],"picked":"Corpse Explosion","floor":16},{"not_picked":["Dagger Throw"],"picked":"SKIP","floor":18},{"not_picked":["Cloak And Dagger"],"picked":"SKIP","floor":20},{"not_picked":["Flying Knee"],"picked":"SKIP","floor":21},{"not_picked":[],"picked":"Acrobatics","floor":22},{"not_picked":["Concentrate+1"],"picked":"SKIP","floor":24},{"not_picked":["Flying Knee"],"picked":"SKIP","floor":28},{"not_picked":["Escape Plan+1"],"picked":"SKIP","floor":29},{"not_picked":[],"picked":"Escape Plan+1","floor":29},{"not_picked":["Prepared"],"picked":"SKIP","floor":30},{"not_picked":["Flying Knee+1"],"picked":"SKIP","floor":35},{"not_picked":[],"picked":"Slice","floor":37},{"not_picked":["Dagger Throw+1"],"picked":"SKIP","floor":41},{"not_picked":["Poisoned Stab"],"picked":"SKIP","floor":45}],"player_experience":549049,"relics_obtained":[{"floor":9,"key":"Pantograph"},{"floor":12,"key":"Incense Burner"},{"floor":26,"key":"Art of War"},{"floor":43,"key":"MawBank"}],"event_choices":[{"damage_healed":0,"gold_gain":0,"player_choice":"Upgraded","damage_taken":0,"max_hp_gain":0,"max_hp_loss":0,"event_name":"Upgrade Shrine","floor":3,"gold_loss":0,"cards_upgraded":["Cloak And Dagger"]},{"damage_healed":0,"gold_gain":75,"player_choice":"Gather Gold","damage_taken":11,"max_hp_gain":0,"max_hp_loss":0,"event_name":"World of Goop","floor":10,"gold_loss":0},{"damage_healed":0,"gold_gain":0,"player_choice":"Cursed","damage_taken":0,"max_hp_gain":0,"max_hp_loss":0,"event_name":"Wheel of Change","floor":14,"gold_loss":0,"cards_obtained":["Decay"]},{"damage_healed":0,"gold_gain":0,"player_choice":"Ignored","damage_taken":0,"max_hp_gain":0,"max_hp_loss":0,"event_name":"The Mausoleum","floor":27,"gold_loss":0},{"damage_healed":0,"gold_gain":0,"player_choice":"Ignored","damage_taken":0,"max_hp_gain":0,"max_hp_loss":0,"event_name":"Vampires","floor":31,"gold_loss":0},{"damage_healed":0,"gold_gain":0,"player_choice":"Embrace Madness","damage_taken":9,"max_hp_gain":0,"max_hp_loss":0,"event_name":"Winding Halls","floor":36,"gold_loss":0,"cards_obtained":["Madness","Madness"]},{"damage_healed":0,"gold_gain":0,"player_choice":"Ignored","damage_taken":0,"max_hp_gain":0,"max_hp_loss":0,"event_name":"Mysterious Sphere","floor":39,"gold_loss":0}],"is_beta":false,"boss_relics":[{"not_picked":["Lizard Tail","Fusion Hammer"],"picked":"Busted Crown"},{"not_picked":["Black Star","Cursed Key"],"picked":"White Beast Statue"}],"items_purged_floors":[4],"is_endless":false,"potions_floor_spawned":[2,12,21,22,28,30,33,35,37,41,45],"killed_by":"Nemesis","ascension_level":3}