{"gold_per_floor":[361,6,6,19,39,39,68,68,93,104,104,114,133,162,162,162],"floor_reached":16,"playtime":1486,"items_purged":[],"score":112,"play_id":"af319323-1c97-4108-8a20-da3d8052fc9c","local_time":"20190531182140","is_ascension_mode":false,"campfire_choices":[{"data":"Neutralize","floor":6,"key":"SMITH"},{"data":"Cloak And Dagger","floor":8,"key":"SMITH"},{"data":"Cloak And Dagger","floor":11,"key":"SMITH"},{"data":"Bullet Time","floor":15,"key":"SMITH"}],"neow_cost":"PERCENT_DAMAGE","seed_source_timestamp":1154132264043681,"circlet_count":0,"master_deck":["Defend_G","Defend_G","Defend_G","Defend_G","Defend_G","Strike_G","Strike_G","Strike_G","Strike_G","Strike_G","Survivor","Neutralize+1","Cloak And Dagger+1","Cold Snap","Backflip","Cloak And Dagger+1","Fire Breathing","Reinforced Body","Bullet Time+1"],"relics":["Ring of the Snake","PrismaticShard","Orichalcum","Pen Nib","Boot","Gambling Chip"],"potions_floor_usage":[7,14],"damage_taken":[{"damage":0,"enemies":"Cultist","floor":1,"turns":3},{"damage":0,"enemies":"Jaw Worm","floor":4,"turns":6},{"damage":0,"enemies":"2 Louse","floor":5,"turns":3},{"damage":2,"enemies":"3 Sentries","floor":7,"turns":9},{"damage":0,"enemies":"2 Fungi Beasts","floor":10,"turns":3},{"damage":0,"enemies":"3 Louse","floor":12,"turns":4},{"damage":1,"enemies":"Blue Slaver","floor":13,"turns":3},{"damage":8,"enemies":"Gremlin Nob","floor":14,"turns":5},{"damage":41,"enemies":"Hexaghost","floor":16,"turns":11}],"seed_played":"-4895899316273645078","potions_obtained":[{"floor":4,"key":"Explosive Potion"},{"floor":13,"key":"Ancient Potion"}],"is_trial":false,"path_per_floor":["M","$","?","M","M","R","E","R","T","M","R","M","M","E","R","B"],"character_chosen":"THE_SILENT","items_purchased":["PrismaticShard","Orichalcum"],"campfire_rested":0,"item_purchase_floors":[2,2],"current_hp_per_floor":[49,49,49,49,49,49,47,47,47,47,47,47,46,38,38,0],"gold":162,"neow_bonus":"TWO_FIFTY_GOLD","is_prod":false,"is_daily":false,"chose_seed":false,"campfire_upgraded":4,"win_rate":0,"timestamp":1559352100,"path_taken":["M","$","?","M","M","R","E","R","T","M","R","M","M","E","R","BOSS"],"build_version":"2019-01-23","purchased_purges":0,"victory":false,"max_hp_per_floor":[70,70,70,70,70,70,70,70,70,70,70,70,70,70,70,70],"card_choices":[{"not_picked":["Sucker Punch","Blade Dance"],"picked":"Cloak And Dagger","floor":1},{"not_picked":["Poisoned Stab","Underhanded Strike"],"picked":"Cold Snap","floor":4},{"not_picked":["Pommel Strike","Sweeping Beam"],"picked":"Backflip","floor":5},{"not_picked":["Purity","Eviscerate"],"picked":"Cloak And Dagger","floor":7},{"not_picked":["Tactician","Battle Trance"],"picked":"Fire Breathing","floor":10},{"not_picked":["Fusion","Tempest"],"picked":"Reinforced Body","floor":12},{"not_picked":["Perfected Strike","Seeing Red","Poisoned Stab"],"picked":"SKIP","floor":13},{"not_picked":["Twin Strike","Reinforced Body"],"picked":"Bullet Time","floor":14}],"player_experience":147536,"relics_obtained":[{"floor":7,"key":"Pen Nib"},{"floor":9,"key":"Boot"},{"floor":14,"key":"Gambling Chip"}],"event_choices":[{"damage_healed":0,"gold_gain":0,"player_choice":"Leave","damage_taken":0,"max_hp_gain":0,"max_hp_loss":0,"event_name":"The Cleric","floor":3,"gold_loss":0}],"is_beta":false,"boss_relics":[],"items_purged_floors":[],"is_endless":false,"potions_floor_spawned":[4,13],"killed_by":"Hexaghost","ascension_level":0}