{"gold_per_floor":[115,132,143,93,93,120,120,154,154,180,198,230,244,169,169,265,265,247,263,275,285,15,15,40,139,192,45,58,58,73,90,90,187,187,206,225,191,211,227,227,258,258,340,440,440,440,458,478,478,478],"floor_reached":51,"playtime":3752,"items_purged":["Strike_B","Strike_B"],"score":765,"play_id":"0a255dec-6742-4789-96e9-7ab2e0936f91","local_time":"20190309022935","is_ascension_mode":true,"campfire_choices":[{"data":"Zap","floor":7.0,"key":"SMITH"},{"data":"Echo Form","floor":15.0,"key":"SMITH"},{"floor":23.0,"key":"REST"},{"data":"Storm","floor":29.0,"key":"SMITH"},{"data":"Darkness","floor":32.0,"key":"SMITH"},{"floor":40.0,"key":"REST"},{"floor":42.0,"key":"REST"},{"data":"Seek","floor":46,"key":"SMITH"},{"floor":49,"key":"REST"}],"neow_cost":"NONE","seed_source_timestamp":96443844296906,"circlet_count":0,"master_deck":["Strike_B","Strike_B","Defend_B","Defend_B","Defend_B","Zap+1","Dualcast","FTL","Glacier","Conserve Battery","Cold Snap","Ball Lightning","Echo Form+1","Storm+1","Biased Cognition","Darkness+1","Cold Snap+1","Tempest+1","Panacea","Loop","Leap+1","Heatsinks","Creative AI","FTL+1","Seek+1","Genetic Algorithm","Conserve Battery+1","Conserve Battery+1","Lockon+1"],"special_seed":0,"relics":["Cracked Core","Pear","Matryoshka","Potion Belt","Centennial Puzzle","Blue Candle","Mummified Hand","Pantograph","DataDisk","Orichalcum","Bag of Preparation","Happy Flower","Lizard Tail","Ice Cream","Shuriken","Calipers"],"potions_floor_usage":[50,50,50],"damage_taken":[{"damage":0.0,"enemies":"2 Louse","floor":1.0,"turns":2.0},{"damage":0.0,"enemies":"Cultist","floor":2.0,"turns":3.0},{"damage":0.0,"enemies":"Small Slimes","floor":3.0,"turns":4.0},{"damage":11.0,"enemies":"Lagavulin","floor":6.0,"turns":10.0},{"damage":2.0,"enemies":"3 Sentries","floor":8.0,"turns":9.0},{"damage":9.0,"enemies":"Lagavulin","floor":10.0,"turns":6.0},{"damage":9.0,"enemies":"Exordium Wildlife","floor":11.0,"turns":4.0},{"damage":15.0,"enemies":"Gremlin Nob","floor":12.0,"turns":5.0},{"damage":20.0,"enemies":"Blue Slaver","floor":13.0,"turns":3.0},{"damage":26.0,"enemies":"Hexaghost","floor":16.0,"turns":11.0},{"damage":15.0,"enemies":"2 Thieves","floor":18.0,"turns":4.0},{"damage":5.0,"enemies":"Chosen","floor":19.0,"turns":4.0},{"damage":15.0,"enemies":"Centurion and Healer","floor":20.0,"turns":5.0},{"damage":8.0,"enemies":"Chosen and Byrds","floor":21.0,"turns":4.0},{"damage":12.0,"enemies":"Gremlin Leader","floor":24.0,"turns":8.0},{"damage":4.0,"enemies":"Snake Plant","floor":28.0,"turns":3.0},{"damage":0.0,"enemies":"Sentry and Sphere","floor":30.0,"turns":3.0},{"damage":10.0,"enemies":"Centurion and Healer","floor":31.0,"turns":5.0},{"damage":15.0,"enemies":"Champ","floor":33.0,"turns":9.0},{"damage":13.0,"enemies":"3 Darklings","floor":35.0,"turns":5.0},{"damage":0.0,"enemies":"Orb Walker","floor":36.0,"turns":4.0},{"damage":45.0,"enemies":"Sphere and 2 Shapes","floor":38.0,"turns":5.0},{"damage":0.0,"enemies":"Transient","floor":39.0,"turns":5.0},{"damage":7.0,"enemies":"Reptomancer","floor":41.0,"turns":7.0},{"damage":29.0,"enemies":"Mind Bloom Boss Battle","floor":44.0,"turns":4.0},{"damage":18,"enemies":"Maw","floor":47,"turns":6},{"damage":0,"enemies":"Spire Growth","floor":48,"turns":4},{"damage":26,"enemies":"Awakened One","floor":50,"turns":9}],"seed_played":"2742566695539697782","potions_obtained":[{"floor":1.0,"key":"SkillPotion"},{"floor":2.0,"key":"Energy Potion"},{"floor":10.0,"key":"SkillPotion"},{"floor":11.0,"key":"SkillPotion"},{"floor":13.0,"key":"Dexterity Potion"},{"floor":18.0,"key":"PowerPotion"},{"floor":20.0,"key":"Weak Potion"},{"floor":24.0,"key":"Strength Potion"},{"floor":38.0,"key":"FearPotion"},{"floor":41.0,"key":"Weak Potion"},{"floor":47,"key":"PowerPotion"},{"floor":48,"key":"Poison Potion"}],"is_trial":false,"path_per_floor":["M","M","M","?","?","E","R","E","T","E","M","E","M","$","R","B",null,"M","M","M","M","$","R","E","?","T","$","M","R","M","M","R","B",null,"M","M","$","M","M","R","E","R","T","?","?","R","M","M","R","B",null],"character_chosen":"DEFECT","items_purchased":["Panacea","Loop","Happy Flower","Genetic Algorithm"],"campfire_rested":4,"item_purchase_floors":[22,22,27,37],"current_hp_per_floor":[82,82,82,82,92,81,81,79,79,70,61,46,26,26,26,25,92,77,72,57,49,49,76,64,64,64,64,60,60,60,50,50,60,92,79,79,79,34,34,61,54,81,81,63,63,63,45,45,72,66],"gold":478,"neow_bonus":"TEN_PERCENT_HP_BONUS","is_prod":false,"is_daily":false,"chose_seed":false,"campfire_upgraded":5,"win_rate":0,"timestamp":1552087775,"path_taken":["M","M","M","?","?","E","R","E","T","E","?","E","M","$","R","BOSS","M","M","M","M","$","R","E","?","T","$","M","R","M","M","R","BOSS","M","M","$","M","M","R","E","R","T","?","?","R","?","M","R","BOSS"],"build_version":"2019-01-23","purchased_purges":2,"victory":true,"max_hp_per_floor":[82,82,82,82,92,92,92,92,92,92,92,92,92,92,92,92,92,92,92,92,92,92,92,92,92,92,92,92,92,92,92,92,92,92,92,92,92,92,92,92,92,92,92,92,92,92,92,92,92,92],"card_choices":[{"not_picked":["Scrape","BootSequence"],"picked":"FTL","floor":1.0},{"not_picked":["Streamline","Go for the Eyes"],"picked":"Glacier","floor":2.0},{"not_picked":["Coolheaded","Chaos"],"picked":"Conserve Battery","floor":3.0},{"not_picked":["Reinforced Body","Aggregate"],"picked":"Cold Snap","floor":6.0},{"not_picked":["Fusion","Storm"],"picked":"Ball Lightning","floor":8.0},{"not_picked":["Darkness","Streamline","Force Field"],"picked":"SKIP","floor":10.0},{"not_picked":["Compile Driver","Conserve Battery"],"picked":"Echo Form","floor":11.0},{"not_picked":["Tempest","Leap","Reprogram"],"picked":"SKIP","floor":12.0},{"not_picked":["Redo","Sweeping Beam"],"picked":"Storm","floor":13.0},{"not_picked":["Multi-Cast","Hyperbeam"],"picked":"Biased Cognition","floor":16.0},{"not_picked":["Gash","Stack+1"],"picked":"Darkness","floor":18.0},{"not_picked":["Chaos","Steam"],"picked":"Cold Snap+1","floor":19.0},{"not_picked":["Turbo","Beam Cell+1","Lockon"],"picked":"SKIP","floor":20.0},{"not_picked":["Steam Power","Rebound"],"picked":"Tempest+1","floor":21.0},{"not_picked":["Chill","Echo Form"],"picked":"Leap+1","floor":24.0},{"not_picked":["Hologram","Reinforced Body+1","Lockon"],"picked":"SKIP","floor":28.0},{"not_picked":["Compile Driver","Cold Snap","Darkness"],"picked":"SKIP","floor":30.0},{"not_picked":["Sweeping Beam+1","Leap+1"],"picked":"Heatsinks","floor":31.0},{"not_picked":["Rainbow","Hyperbeam"],"picked":"Creative AI","floor":33.0},{"not_picked":["Cold Snap+1","Barrage"],"picked":"FTL+1","floor":35.0},{"not_picked":["Conserve Battery+1","Gash+1"],"picked":"Seek","floor":36.0},{"not_picked":["Hologram","Leap"],"picked":"Conserve Battery+1","floor":38.0},{"not_picked":["Turbo+1","Sunder","Coolheaded+1"],"picked":"SKIP","floor":39.0},{"not_picked":["Rebound+1","Cold Snap+1","Loop"],"picked":"SKIP","floor":41.0},{"not_picked":["Lockon+1","Leap"],"picked":"Conserve Battery+1","floor":47},{"not_picked":["Sweeping Beam+1","Coolheaded"],"picked":"Lockon+1","floor":48}],"player_experience":679525,"relics_obtained":[{"floor":6.0,"key":"Matryoshka"},{"floor":8.0,"key":"Potion Belt"},{"floor":9.0,"key":"Centennial Puzzle"},{"floor":9.0,"key":"Blue Candle"},{"floor":10.0,"key":"Mummified Hand"},{"floor":12.0,"key":"Pantograph"},{"floor":24.0,"key":"DataDisk"},{"floor":26.0,"key":"Orichalcum"},{"floor":26.0,"key":"Bag of Preparation"},{"floor":41.0,"key":"Ice Cream"},{"floor":43.0,"key":"Shuriken"},{"floor":44.0,"key":"Calipers"}],"event_choices":[{"cards_removed":["Defend_B"],"damage_healed":0.0,"max_hp_gain":0.0,"max_hp_loss":0.0,"gold_gain":0.0,"event_name":"The Cleric","player_choice":"Card Removal","floor":4.0,"gold_loss":50.0,"damage_taken":0.0},{"damage_healed":0.0,"max_hp_gain":0.0,"max_hp_loss":0.0,"gold_gain":0.0,"event_name":"WeMeetAgain","player_choice":"Gave Potion","floor":5.0,"gold_loss":0.0,"damage_taken":0.0,"relics_obtained":["Pear"]},{"damage_healed":0.0,"max_hp_gain":0.0,"max_hp_loss":0.0,"gold_gain":99.0,"event_name":"Nest","player_choice":"Stole From Cult","floor":25.0,"gold_loss":0.0,"damage_taken":0.0},{"damage_healed":0.0,"max_hp_gain":0.0,"max_hp_loss":0.0,"gold_gain":0.0,"event_name":"MindBloom","player_choice":"Fight","floor":44.0,"gold_loss":0.0,"damage_taken":0.0},{"damage_healed":0,"gold_gain":0,"player_choice":"0 cards matched","damage_taken":0,"max_hp_gain":0,"max_hp_loss":0,"event_name":"Match and Keep!","floor":45,"gold_loss":0,"cards_obtained":[]}],"is_beta":false,"boss_relics":[{"not_picked":["Coffee Dripper","Snecko Eye","Ectoplasm"]},{"not_picked":["Runic Pyramid","Velvet Choker"],"picked":"Lizard Tail"}],"items_purged_floors":[14,22],"is_endless":false,"potions_floor_spawned":[1,2,10,11,13,18,20,24,38,41,47,48],"ascension_level":1}