{"gold_per_floor":[109,109,120,120,45,45,59,70,139,157,19,29,29,29,29,129,129,113,123,123,142,159,159,159],"floor_reached":24,"playtime":1277,"items_purged":["Strike_G","Strike_G"],"score":219,"play_id":"31123c2a-4277-4757-869a-53ccc2b572b9","local_time":"20181209234340","is_ascension_mode":true,"campfire_choices":[{"data":"Prepared","floor":6,"key":"SMITH"},{"floor":15,"key":"REST"},{"floor":23,"key":"REST"}],"neow_cost":"NONE","seed_source_timestamp":10746199953103,"circlet_count":0,"master_deck":["Defend_G","Defend_G","Defend_G+1","Defend_G","Defend_G","Strike_G","Strike_G+1","Survivor","Neutralize","Slice","Prepared+1","Leg Sweep","Dagger Throw","Noxious Fumes","Infinite Blades","A Thousand Cuts","Blade Dance+1","Reflex","Slice","Slice"],"relics":["Ring of the Serpent","The Courier"],"potions_floor_usage":[8,12,16,16,22,24],"damage_taken":[{"damage":2,"enemies":"Cultist","floor":1,"turns":4},{"damage":0,"enemies":"Small Slimes","floor":3,"turns":3},{"damage":0,"enemies":"Jaw Worm","floor":7,"turns":3},{"damage":0,"enemies":"3 Louse","floor":8,"turns":4},{"damage":0,"enemies":"Looter","floor":10,"turns":3},{"damage":3,"enemies":"Lots of Slimes","floor":12,"turns":5},{"damage":14,"enemies":"The Guardian","floor":16,"turns":14},{"damage":22,"enemies":"2 Thieves","floor":18,"turns":4},{"damage":11,"enemies":"Shell Parasite","floor":19,"turns":8},{"damage":32,"enemies":"Snake Plant","floor":21,"turns":7},{"damage":12,"enemies":"Centurion and Healer","floor":22,"turns":7},{"damage":30,"enemies":"Book of Stabbing","floor":24,"turns":6}],"seed_played":"205213964750652949","potions_obtained":[{"floor":0,"key":"GamblersBrew"},{"floor":0,"key":"SteroidPotion"},{"floor":0,"key":"Regen Potion"},{"floor":1,"key":"Regen Potion"},{"floor":7,"key":"Block Potion"},{"floor":8,"key":"GamblersBrew"},{"floor":21,"key":"Regen Potion"},{"floor":22,"key":"Dexterity Potion"}],"is_trial":false,"path_per_floor":["M","?","M","?","$","R","M","M","T","M","$","M","$","?","R","B",null,"M","M","$","M","M","R","E"],"character_chosen":"THE_SILENT","items_purchased":["Noxious Fumes"],"campfire_rested":2,"item_purchase_floors":[11],"current_hp_per_floor":[68,54,54,47,47,47,47,59,59,59,59,56,56,56,70,62,70,48,37,37,5,8,29,0],"gold":159,"neow_bonus":"THREE_SMALL_POTIONS","is_prod":false,"is_daily":false,"chose_seed":false,"campfire_upgraded":1,"win_rate":0,"timestamp":1544427820,"path_taken":["M","?","M","?","$","R","M","M","T","M","?","M","$","?","R","BOSS","M","M","$","M","M","R","E"],"build_version":"2018-12-06","purchased_purges":2,"victory":false,"max_hp_per_floor":[70,70,70,70,70,70,70,70,70,70,70,70,70,70,70,70,70,70,70,70,70,70,70,70],"card_choices":[{"not_picked":["Bane","Sucker Punch"],"picked":"Slice","floor":1},{"not_picked":["Endless Agony","PiercingWail"],"picked":"Prepared","floor":3},{"not_picked":["Concentrate","Backflip"],"picked":"Leg Sweep","floor":7},{"not_picked":["Accuracy","Cloak And Dagger"],"picked":"Dagger Throw","floor":8},{"not_picked":["Storm of Steel","Flying Knee","Blade Dance"],"picked":"SKIP","floor":10},{"not_picked":["Caltrops","Sucker Punch"],"picked":"Infinite Blades","floor":12},{"not_picked":["Wraith Form v2","Storm of Steel"],"picked":"A Thousand Cuts","floor":16},{"not_picked":["Poisoned Stab","Bouncing Flask"],"picked":"Blade Dance+1","floor":18},{"not_picked":["Flechettes","Poisoned Stab+1"],"picked":"Reflex","floor":19},{"not_picked":["Predator+1","Concentrate"],"picked":"Slice","floor":21},{"not_picked":["Cloak And Dagger","Dagger Throw"],"picked":"Slice","floor":22}],"player_experience":543464,"relics_obtained":[{"floor":9,"key":"The Courier"}],"event_choices":[{"damage_healed":0,"gold_gain":0,"player_choice":"Entered Light","damage_taken":14,"max_hp_gain":0,"max_hp_loss":0,"event_name":"Shining Light","floor":2,"gold_loss":0,"cards_upgraded":["Strike_G","Defend_G"]},{"cards_removed":["Strike_G"],"damage_healed":0,"gold_gain":0,"player_choice":"Card Removal","damage_taken":7,"max_hp_gain":0,"max_hp_loss":0,"event_name":"Golden Wing","floor":4,"gold_loss":0},{"damage_healed":0,"gold_gain":0,"player_choice":"Searched \u00270\u0027 times","damage_taken":0,"max_hp_gain":0,"max_hp_loss":0,"event_name":"Dead Adventurer","floor":14,"gold_loss":0}],"is_beta":false,"boss_relics":[{"not_picked":["White Beast Statue","Snecko Eye"],"picked":"Ring of the Serpent"}],"items_purged_floors":[5,11],"is_endless":false,"potions_floor_spawned":[1,7,8,21,22],"killed_by":"Book of Stabbing","ascension_level":3}