{"gold_per_floor":[118,118,134,147,165,165,177,177,177,177,196,196,196,211,211,288,288,308,279,292,13,13,13,13],"floor_reached":24,"playtime":1022,"items_purged":[],"score":352,"play_id":"9b68622c-525a-4a11-ad69-fe0558269589","local_time":"20190529211234","is_ascension_mode":true,"campfire_choices":[{"data":"Flame Barrier","floor":6.0,"key":"SMITH"},{"data":"Reaper","floor":8.0,"key":"SMITH"},{"data":"Body Slam","floor":10.0,"key":"SMITH"},{"data":"Flame Barrier","floor":15.0,"key":"SMITH"},{"data":"Bash","floor":23,"key":"SMITH"}],"neow_cost":"NONE","seed_source_timestamp":1152993033666120,"circlet_count":0,"master_deck":["AscendersBane","Strike_R","Strike_R","Strike_R","Strike_R","Defend_R","Defend_R","Defend_R","Bash+1","Flame Barrier+1","Flame Barrier+1","Body Slam+1","Reaper+1","Shrug It Off","Feed+1","Shrug It Off","Burning Pact"],"special_seed":0,"relics":["Burning Blood","Ancient Tea Set","Strawberry","Coffee Dripper","Matryoshka"],"potions_floor_usage":[16,16,24],"damage_taken":[{"damage":9.0,"enemies":"2 Louse","floor":1.0,"turns":4.0},{"damage":0.0,"enemies":"Small Slimes","floor":3.0,"turns":4.0},{"damage":0.0,"enemies":"Jaw Worm","floor":4.0,"turns":4.0},{"damage":23.0,"enemies":"Gremlin Gang","floor":5.0,"turns":5.0},{"damage":11.0,"enemies":"Large Slime","floor":7.0,"turns":8.0},{"damage":0.0,"enemies":"Lots of Slimes","floor":11.0,"turns":3.0},{"damage":0.0,"enemies":"Red Slaver","floor":14.0,"turns":3.0},{"damage":91,"enemies":"Hexaghost","floor":16,"turns":15},{"damage":7,"enemies":"Chosen","floor":18,"turns":5},{"damage":20,"enemies":"2 Thieves","floor":19,"turns":4},{"damage":28,"enemies":"Shelled Parasite and Fungi","floor":20,"turns":10},{"damage":73,"enemies":"Gremlin Leader","floor":24,"turns":7}],"seed_played":"-1065735063648854101","potions_obtained":[{"floor":4.0,"key":"Fire Potion"},{"floor":7.0,"key":"EssenceOfSteel"},{"floor":14.0,"key":"SkillPotion"},{"floor":19,"key":"Weak Potion"}],"is_trial":false,"path_per_floor":["M","?","M","M","M","R","M","R","T","R","M","?","?","M","R","B",null,"M","M","M","$","?","R","E"],"character_chosen":"IRONCLAD","items_purchased":["Matryoshka"],"campfire_rested":0,"item_purchase_floors":[21],"current_hp_per_floor":[65,58,64,70,53,53,48,48,55,55,82,82,87,87,87,9,68,75,73,59,59,59,59,0],"gold":13,"neow_bonus":"RANDOM_COMMON_RELIC","is_prod":false,"is_daily":false,"chose_seed":false,"campfire_upgraded":5,"win_rate":0,"timestamp":1559135554,"path_taken":["M","?","M","M","M","R","M","R","T","R","M","?","?","M","R","BOSS","M","M","M","$","?","R","E"],"build_version":"2019-01-23","purchased_purges":0,"victory":false,"max_hp_per_floor":[75,75,75,75,75,75,75,75,82,82,82,82,87,87,87,87,87,90,90,93,93,93,93,93],"card_choices":[{"not_picked":["Cleave","Hemokinesis"],"picked":"Flame Barrier","floor":1.0},{"not_picked":["Clothesline","Thunderclap"],"picked":"Flame Barrier","floor":3.0},{"not_picked":["Clothesline","Hemokinesis","Cleave"],"picked":"SKIP","floor":4.0},{"not_picked":["Havoc","Fire Breathing"],"picked":"Body Slam","floor":5.0},{"not_picked":["Armaments","Warcry"],"picked":"Reaper","floor":7.0},{"not_picked":["Sentinel","Body Slam","Bloodletting"],"picked":"SKIP","floor":11.0},{"not_picked":["Twin Strike","Rupture"],"picked":"Shrug It Off","floor":14.0},{"not_picked":["Fiend Fire","Dark Embrace"],"picked":"Feed","floor":16},{"not_picked":["Perfected Strike","Iron Wave"],"picked":"Shrug It Off","floor":18},{"not_picked":["Shrug It Off","Havoc"],"picked":"Burning Pact","floor":19},{"not_picked":["Wild Strike","Corruption","Anger"],"picked":"SKIP","floor":20}],"player_experience":614714,"relics_obtained":[{"floor":9.0,"key":"Strawberry"}],"event_choices":[{"cards_removed":["Strike_R"],"damage_healed":0.0,"max_hp_gain":0.0,"max_hp_loss":0.0,"gold_gain":0.0,"event_name":"Golden Wing","player_choice":"Card Removal","floor":2.0,"gold_loss":0.0,"damage_taken":7.0},{"cards_removed":["Defend_R"],"damage_healed":0.0,"max_hp_gain":0.0,"max_hp_loss":0.0,"gold_gain":0.0,"event_name":"Living Wall","player_choice":"Forget","floor":12.0,"gold_loss":0.0,"damage_taken":0.0},{"damage_healed":0.0,"max_hp_gain":5.0,"max_hp_loss":0.0,"gold_gain":0.0,"event_name":"Big Fish","player_choice":"Donut","floor":13.0,"gold_loss":0.0,"damage_taken":0.0},{"damage_healed":0,"gold_gain":0,"player_choice":"Upgraded","damage_taken":0,"max_hp_gain":0,"max_hp_loss":0,"event_name":"Upgrade Shrine","floor":22,"gold_loss":0,"cards_upgraded":["Feed"]}],"is_beta":false,"boss_relics":[{"not_picked":["Tiny House","Black Star"],"picked":"Coffee Dripper"}],"items_purged_floors":[],"is_endless":false,"potions_floor_spawned":[4,7,14,19],"killed_by":"Gremlin Leader","ascension_level":17}