{"gold_per_floor":[119,133,145,158,233,265,282,316,341,341,354,354,387,397,397,492,492,507,531,213,230,240,265,19,36,36,36,36,54,54,67,67,168,168,184,184,196,206,206,241,241,0,80,80,80],"floor_reached":45,"playtime":6992,"items_purged":["Defend_R"],"score":512,"play_id":"2d81cd73-d503-4e77-9d5f-2a4268da25f6","local_time":"20190113024330","is_ascension_mode":false,"campfire_choices":[{"data":"Armaments","floor":12,"key":"SMITH"},{"data":"Rage","floor":15,"key":"SMITH"},{"data":"Bloodletting","floor":30,"key":"SMITH"},{"data":"Warcry","floor":32,"key":"SMITH"},{"floor":41,"key":"REST"}],"neow_cost":"NONE","seed_source_timestamp":643175573543250,"circlet_count":0,"master_deck":["Strike_R","Strike_R","Strike_R","Strike_R","Strike_R","Defend_R","Defend_R","Defend_R","Anger","Whirlwind","Pommel Strike","Uppercut","Seeing Red","Carnage","Rage+1","Armaments+1","Battle Trance","Heavy Blade","Disarm","Brutality+1","Warcry","Metamorphosis","Warcry+1","Master of Strategy","Metallicize+1","Cleave+1","Bloodletting+1","Anger","Double Tap","Madness","Madness","Cleave+1","Anger+1","Warcry+1"],"special_seed":0,"relics":["Burning Blood","Lantern","Paper Frog","Frozen Egg 2","Juzu Bracelet","Vajra","Runic Cube","Omamori","Red Skull","Pantograph","Fusion Hammer","Molten Egg 2","Red Mask","Shuriken","Pocketwatch"],"potions_floor_usage":[8,8,16,16,23,23,23,33,33,37,40],"damage_taken":[{"damage":5.0,"enemies":"2 Louse","floor":1.0,"turns":3.0},{"damage":1.0,"enemies":"Cultist","floor":2.0,"turns":3.0},{"damage":0.0,"enemies":"Small Slimes","floor":3.0,"turns":2.0},{"damage":9,"enemies":"Exordium Thugs","floor":4,"turns":4},{"damage":44,"enemies":"Lagavulin","floor":6,"turns":6},{"damage":9,"enemies":"2 Fungi Beasts","floor":7,"turns":2},{"damage":0,"enemies":"Gremlin Nob","floor":8,"turns":2},{"damage":2,"enemies":"Large Slime","floor":11,"turns":4},{"damage":12,"enemies":"Lagavulin","floor":13,"turns":6},{"damage":0,"enemies":"Looter","floor":14,"turns":2},{"damage":7,"enemies":"The Guardian","floor":16,"turns":8},{"damage":14,"enemies":"2 Thieves","floor":18,"turns":3},{"damage":13,"enemies":"Shell Parasite","floor":21,"turns":4},{"damage":8,"enemies":"Snecko","floor":22,"turns":3},{"damage":35,"enemies":"Gremlin Leader","floor":23,"turns":6},{"damage":8,"enemies":"3 Cultists","floor":25,"turns":3},{"damage":13,"enemies":"Centurion and Healer","floor":29,"turns":2},{"damage":2,"enemies":"Snake Plant","floor":31,"turns":3},{"damage":44,"enemies":"Collector","floor":33,"turns":8},{"damage":8,"enemies":"3 Darklings","floor":35,"turns":3},{"damage":16,"enemies":"3 Shapes","floor":37,"turns":2},{"damage":24,"enemies":"Jaw Worm Horde","floor":38,"turns":2},{"damage":62,"enemies":"Nemesis","floor":40,"turns":7}],"seed_played":"-8672145890647567024","potions_obtained":[{"floor":1.0,"key":"Poison Potion"},{"floor":7,"key":"Strength Potion"},{"floor":8,"key":"Swift Potion"},{"floor":11,"key":"Weak Potion"},{"floor":22,"key":"EntropicBrew"},{"floor":23,"key":"SpeedPotion"},{"floor":25,"key":"GamblersBrew"},{"floor":35,"key":"Swift Potion"},{"floor":37,"key":"SteroidPotion"}],"is_trial":false,"path_per_floor":["M","M","M","M","?","E","M","E","T","?","M","R","E","M","R","B",null,"M","T","$","M","M","E","$","M","T","?","?","M","R","M","R","B",null,"M","?","M","M","?","E","R","?","T","T","M"],"character_chosen":"IRONCLAD","items_purchased":["Metamorphosis","SteroidPotion","Master of Strategy","Metallicize+1"],"campfire_rested":1,"item_purchase_floors":[20,20,24,24],"current_hp_per_floor":[80,80,80,77,69,31,28,34,34,34,38,38,32,38,38,37,80,72,72,72,65,63,34,34,32,32,32,32,25,25,29,29,24,80,78,68,58,40,70,14,35,35,35,35,0],"gold":80,"neow_bonus":"RANDOM_COMMON_RELIC","is_prod":false,"is_daily":false,"chose_seed":false,"campfire_upgraded":4,"win_rate":0.0,"timestamp":1547365410,"path_taken":["M","M","M","M","?","E","?","E","T","?","M","R","E","M","R","BOSS","M","?","$","M","M","E","$","M","T","?","?","M","R","M","R","BOSS","M","?","M","M","?","E","R","?","T","?","M"],"build_version":"2019-01-10","purchased_purges":1,"victory":false,"max_hp_per_floor":[80,80,80,80,80,80,80,80,80,80,80,80,80,80,80,80,80,80,80,80,80,80,80,80,80,80,80,80,80,80,80,80,80,80,80,80,80,80,70,70,70,70,70,70,70],"card_choices":[{"not_picked":["Pummel","Clash"],"picked":"Anger","floor":1.0},{"not_picked":["Sword Boomerang","Sentinel"],"picked":"Whirlwind","floor":2.0},{"not_picked":["Armaments","Iron Wave"],"picked":"Pommel Strike","floor":3},{"not_picked":["True Grit","Body Slam"],"picked":"Uppercut","floor":4},{"not_picked":["Armaments","Searing Blow"],"picked":"Seeing Red","floor":6},{"not_picked":["Sword Boomerang","Power Through"],"picked":"Carnage","floor":7},{"not_picked":["Exhume","True Grit"],"picked":"Rage","floor":8},{"not_picked":["Iron Wave","Seeing Red"],"picked":"Battle Trance","floor":11},{"not_picked":["Seeing Red","Twin Strike"],"picked":"Heavy Blade","floor":13},{"not_picked":["Flex","Clothesline"],"picked":"Disarm","floor":14},{"not_picked":["Offering","Exhume"],"picked":"Brutality+1","floor":16},{"not_picked":["Pummel","Searing Blow"],"picked":"Warcry","floor":18},{"not_picked":["Body Slam","Twin Strike","Clash+1"],"picked":"SKIP","floor":21},{"not_picked":["Dropkick","Battle Trance","Shockwave"],"picked":"SKIP","floor":22},{"not_picked":["Searing Blow","Cleave"],"picked":"Warcry","floor":23},{"not_picked":["Clash+1","Thunderclap"],"picked":"Cleave+1","floor":25},{"not_picked":["Armaments+1","Pummel","Headbutt"],"picked":"SKIP","floor":29},{"not_picked":["Wild Strike+1","Cleave+1"],"picked":"Anger","floor":31},{"not_picked":["Brutality+1","Impervious"],"picked":"Double Tap","floor":33},{"not_picked":["Thunderclap+1","Shrug It Off","Intimidate"],"picked":"SKIP","floor":35},{"not_picked":["Armaments","Entrench+1"],"picked":"Cleave+1","floor":37},{"not_picked":["Shockwave","Dark Embrace+1"],"picked":"Anger+1","floor":38},{"not_picked":["Shrug It Off","Sword Boomerang"],"picked":"Warcry+1","floor":40}],"player_experience":29788,"relics_obtained":[{"floor":6,"key":"Paper Frog"},{"floor":8,"key":"Frozen Egg 2"},{"floor":9,"key":"Juzu Bracelet"},{"floor":13,"key":"Vajra"},{"floor":19,"key":"Omamori"},{"floor":23,"key":"Red Skull"},{"floor":26,"key":"Pantograph"},{"floor":40,"key":"Molten Egg 2"},{"floor":43,"key":"Shuriken"},{"floor":44,"key":"Pocketwatch"}],"event_choices":[{"damage_healed":0,"gold_gain":75,"player_choice":"Touch","damage_taken":8,"max_hp_gain":0,"max_hp_loss":0,"event_name":"FaceTrader","floor":5,"gold_loss":0},{"damage_healed":0,"gold_gain":0,"cards_transformed":["Bash"],"player_choice":"Transformed","damage_taken":0,"max_hp_gain":0,"max_hp_loss":0,"event_name":"Transmorgrifier","floor":10,"gold_loss":0,"cards_obtained":["Armaments"]},{"damage_healed":0,"gold_gain":0,"player_choice":"0 cards matched","damage_taken":0,"max_hp_gain":0,"max_hp_loss":0,"event_name":"Match and Keep!","floor":27,"gold_loss":0,"cards_obtained":[]},{"damage_healed":0,"gold_gain":0,"player_choice":"Read","damage_taken":0,"max_hp_gain":0,"max_hp_loss":0,"event_name":"The Library","floor":28,"gold_loss":0,"cards_obtained":["Bloodletting"]},{"damage_healed":0,"gold_gain":0,"player_choice":"Embrace Madness","damage_taken":10,"max_hp_gain":0,"max_hp_loss":0,"event_name":"Winding Halls","floor":36,"gold_loss":0,"cards_obtained":["Madness","Madness"]},{"damage_healed":70,"gold_gain":0,"player_choice":"Heal","damage_taken":0,"max_hp_gain":0,"max_hp_loss":10,"event_name":"The Moai Head","floor":39,"gold_loss":0},{"damage_healed":0,"gold_gain":0,"player_choice":"Paid","damage_taken":0,"relics_obtained":["Red Mask"],"max_hp_gain":0,"max_hp_loss":0,"event_name":"Tomb of Lord Red Mask","floor":42,"gold_loss":241}],"is_beta":false,"boss_relics":[{"not_picked":["Eternal Feather","Coffee Dripper"],"picked":"Runic Cube"},{"not_picked":["Orrery","Lizard Tail"],"picked":"Fusion Hammer"}],"items_purged_floors":[20],"is_endless":false,"potions_floor_spawned":[1,7,8,11,22,23,25,35,37],"killed_by":"4 Shapes","ascension_level":0}