{"gold_per_floor":[117,117,117,132,142,175,175,209,209,244,255,330,330,349,349,449,449,449],"floor_reached":18,"playtime":1171,"items_purged":[],"score":180,"play_id":"7d910655-aea1-4031-8111-7067e22677d6","local_time":"20190527222624","is_ascension_mode":false,"campfire_choices":[{"data":"Zap","floor":7.0,"key":"SMITH"},{"floor":15.0,"key":"REST"}],"neow_cost":"NONE","seed_source_timestamp":0,"circlet_count":0,"master_deck":["Strike_B","Strike_B+1","Strike_B","Defend_B","Defend_B","Defend_B","Defend_B","Zap+1","Dualcast","Creative AI","Rebound","Sweeping Beam+1","Gash","Hologram","Self Repair","Chill","Ball Lightning","Electrodynamics"],"special_seed":0,"relics":["Cracked Core","Whetstone","Sundial","Ornamental Fan","Cursed Key"],"potions_floor_usage":[],"damage_taken":[{"damage":1.0,"enemies":"Cultist","floor":1.0,"turns":3.0},{"damage":1.0,"enemies":"Jaw Worm","floor":4.0,"turns":3.0},{"damage":0.0,"enemies":"Small Slimes","floor":5.0,"turns":2.0},{"damage":15.0,"enemies":"Gremlin Nob","floor":6.0,"turns":4.0},{"damage":26.0,"enemies":"3 Sentries","floor":8.0,"turns":5.0},{"damage":29.0,"enemies":"Gremlin Nob","floor":10.0,"turns":4.0},{"damage":2.0,"enemies":"Blue Slaver","floor":11.0,"turns":3.0},{"damage":5.0,"enemies":"2 Fungi Beasts","floor":14.0,"turns":2.0},{"damage":7.0,"enemies":"Slime Boss","floor":16.0,"turns":7.0},{"damage":0,"enemies":"Chosen","floor":18,"turns":2}],"seed_played":"3607795293709228547","potions_obtained":[{"floor":5.0,"key":"Poison Potion"},{"floor":8.0,"key":"SneckoOil"},{"floor":10.0,"key":"SpeedPotion"},{"floor":14.0,"key":"SkillPotion"}],"is_trial":false,"path_per_floor":["M","?","$","M","M","E","R","E","T","E","M","?","?","M","R","B",null,"M"],"character_chosen":"DEFECT","items_purchased":[],"campfire_rested":1,"item_purchase_floors":[],"current_hp_per_floor":[74,74,74,73,73,58,58,32,32,10,15,4,29,24,46,46,75,75],"gold":449,"neow_bonus":"ONE_RANDOM_RARE_CARD","is_prod":false,"is_daily":false,"chose_seed":false,"campfire_upgraded":1,"win_rate":0,"timestamp":1559021184,"path_taken":["M","?","?","?","M","E","R","E","T","E","M","?","?","M","R","BOSS","M"],"build_version":"2019-01-23","purchased_purges":0,"victory":false,"max_hp_per_floor":[75,75,75,75,75,75,75,75,75,75,75,75,75,75,75,75,75,75],"card_choices":[{"not_picked":["Stack","Steam"],"picked":"Rebound","floor":1.0},{"not_picked":["Reprogram","Steam"],"picked":"Sweeping Beam","floor":4.0},{"not_picked":["Blizzard","Compile Driver"],"picked":"Gash","floor":5.0},{"not_picked":["Machine Learning","Streamline"],"picked":"Hologram","floor":6.0},{"not_picked":["Redo","Streamline"],"picked":"Self Repair","floor":8.0},{"not_picked":["Consume","Force Field","Beam Cell"],"picked":"SKIP","floor":10.0},{"not_picked":["Turbo","Conserve Battery"],"picked":"Chill","floor":11.0},{"not_picked":["Lockon","Redo"],"picked":"Ball Lightning","floor":14.0},{"not_picked":["Meteor Strike","Rainbow"],"picked":"Electrodynamics","floor":16.0}],"player_experience":84799,"relics_obtained":[{"floor":6.0,"key":"Whetstone"},{"floor":8.0,"key":"Sundial"},{"floor":10.0,"key":"Ornamental Fan"}],"event_choices":[{"cards_removed":["Strike_B"],"damage_healed":0.0,"max_hp_gain":0.0,"max_hp_loss":0.0,"gold_gain":0.0,"event_name":"Wheel of Change","player_choice":"Card Removal","floor":2.0,"gold_loss":0.0,"damage_taken":0.0},{"damage_healed":0.0,"max_hp_gain":0.0,"max_hp_loss":0.0,"gold_gain":75.0,"event_name":"World of Goop","player_choice":"Gather Gold","floor":12.0,"gold_loss":0.0,"damage_taken":11.0},{"damage_healed":25.0,"max_hp_gain":0.0,"max_hp_loss":0.0,"gold_gain":0.0,"event_name":"Big Fish","player_choice":"Banana","floor":13.0,"gold_loss":0.0,"damage_taken":0.0}],"is_beta":false,"boss_relics":[{"not_picked":["Empty Cage","FrozenCore"],"picked":"Cursed Key"}],"items_purged_floors":[],"is_endless":false,"potions_floor_spawned":[5,8,10,14],"killed_by":"Chosen","ascension_level":0}