{"gold_per_floor":[118,118,68,68,68,68,104,104,104,29,49,84,84,84,84,84],"floor_reached":16,"playtime":408,"items_purged":["Defend_B"],"score":114,"play_id":"c44e6bc9-df03-465a-b297-be21e75a0b83","local_time":"20190502200012","is_ascension_mode":true,"campfire_choices":[{"data":"Zap","floor":6,"key":"SMITH"},{"floor":8,"key":"REST"},{"floor":13,"key":"REST"},{"floor":15,"key":"REST"}],"neow_cost":"NONE","seed_source_timestamp":850296534491300,"circlet_count":0,"master_deck":["Strike_B","Strike_B","Defend_B","Defend_B","Zap+1","Dualcast","Capacitor","Loop"],"relics":["Cracked Core","Golden Idol","Letter Opener","Matryoshka","Vajra","Prayer Wheel"],"potions_floor_usage":[7],"damage_taken":[{"damage":6,"enemies":"2 Louse","floor":1,"turns":3},{"damage":32,"enemies":"Lagavulin","floor":7,"turns":8},{"damage":7,"enemies":"Small Slimes","floor":11,"turns":3},{"damage":31,"enemies":"Gremlin Nob","floor":12,"turns":4},{"damage":49,"enemies":"Hexaghost","floor":16,"turns":9}],"seed_played":"1682252975392613098","potions_obtained":[{"floor":1,"key":"Block Potion"}],"is_trial":false,"path_per_floor":["M","?","?","?","$","R","E","R","T","$","M","E","R","?","R","B"],"character_chosen":"DEFECT","items_purchased":[],"campfire_rested":3,"item_purchase_floors":[],"current_hp_per_floor":[69,51,51,51,51,51,19,41,41,41,34,3,25,25,47,0],"gold":84,"neow_bonus":"REMOVE_CARD","is_prod":false,"is_daily":false,"chose_seed":false,"campfire_upgraded":1,"win_rate":0,"timestamp":1556841612,"path_taken":["M","?","?","?","$","R","E","R","T","$","?","E","R","?","R","BOSS"],"build_version":"2019-01-23","purchased_purges":1,"victory":false,"max_hp_per_floor":[75,75,75,75,75,75,75,75,75,75,75,75,75,75,75,75],"card_choices":[{"not_picked":["Reprogram","Barrage"],"picked":"Capacitor","floor":1},{"not_picked":["Rip and Tear","Beam Cell","Hologram"],"picked":"SKIP","floor":7},{"not_picked":["Scrape","Streamline"],"picked":"Loop","floor":11},{"not_picked":["Ball Lightning","Static Discharge","Force Field"],"picked":"SKIP","floor":12}],"player_experience":232626,"relics_obtained":[{"floor":7,"key":"Letter Opener"},{"floor":9,"key":"Matryoshka"},{"floor":12,"key":"Vajra"},{"floor":14,"key":"Prayer Wheel"}],"event_choices":[{"damage_healed":0,"gold_gain":0,"player_choice":"Take Damage","damage_taken":18,"relics_obtained":["Golden Idol"],"max_hp_gain":0,"max_hp_loss":0,"event_name":"Golden Idol","floor":2,"gold_loss":0},{"cards_removed":["Defend_B"],"damage_healed":0,"gold_gain":0,"player_choice":"Card Removal","damage_taken":0,"max_hp_gain":0,"max_hp_loss":0,"event_name":"The Cleric","floor":3,"gold_loss":50},{"cards_removed":["Strike_B"],"damage_healed":0,"gold_gain":0,"player_choice":"Purged","damage_taken":0,"max_hp_gain":0,"max_hp_loss":0,"event_name":"Purifier","floor":4,"gold_loss":0},{"damage_healed":0,"gold_gain":0,"player_choice":"Relic","damage_taken":0,"max_hp_gain":0,"max_hp_loss":0,"event_name":"Wheel of Change","floor":14,"gold_loss":0}],"is_beta":false,"boss_relics":[],"items_purged_floors":[10],"is_endless":false,"potions_floor_spawned":[1],"killed_by":"Hexaghost","ascension_level":2}