{"gold_per_floor":[109,129,129,129,22,60,60,73,99,99,117,148,169,205,205,333,333,353,268,268,283,27,27,70,70,70,93,93,107,107,107,107,238,238,259,273,67,80,100,100,123,164,189,189,229,562,562,562,562,562],"floor_reached":51,"playtime":3204,"items_purged":["Strike_B"],"score":959,"play_id":"afd168dd-85a4-4fcb-8e79-92674ce5d28c","local_time":"20190509004016","is_ascension_mode":true,"campfire_choices":[{"floor":7.0,"key":"REST"},{"data":"Redo","floor":10.0,"key":"SMITH"},{"data":"Coolheaded","floor":15,"key":"SMITH"},{"data":"Coolheaded","floor":23,"key":"SMITH"},{"floor":28,"key":"REST"},{"data":"Redo","floor":30,"key":"SMITH"},{"floor":32,"key":"REST"},{"data":"Dualcast","floor":40,"key":"SMITH"},{"floor":44,"key":"REST"},{"floor":49,"key":"REST"}],"neow_cost":"NONE","seed_source_timestamp":0,"circlet_count":0,"master_deck":["Strike_B","Strike_B+1","Defend_B","Defend_B","Defend_B","Defend_B+1","Zap+1","Dualcast+1","Go for the Eyes+1","Coolheaded+1","Leap","Ball Lightning+1","Redo+1","Coolheaded+1","Steam","Redo+1","Barrage+1","Cold Snap+1","Gash+1","Gash+1","Ball Lightning"],"special_seed":0,"relics":["Cracked Core","Smiling Mask","Bag of Marbles","DataDisk","Whetstone","Eternal Feather","Singing Bowl","Cables","Pen Nib","Emotion Chip","Incense Burner","MutagenicStrength","Inserter","Oddly Smooth Stone","Kunai","Juzu Bracelet","Omamori"],"potions_floor_usage":[16,29,39,42,50],"damage_taken":[{"damage":1.0,"enemies":"Jaw Worm","floor":1.0,"turns":3.0},{"damage":1.0,"enemies":"2 Louse","floor":2.0,"turns":2.0},{"damage":4.0,"enemies":"3 Sentries","floor":6.0,"turns":8.0},{"damage":0.0,"enemies":"Small Slimes","floor":8.0,"turns":3.0},{"damage":6.0,"enemies":"2 Fungi Beasts","floor":11.0,"turns":3.0},{"damage":0.0,"enemies":"Gremlin Nob","floor":12.0,"turns":4.0},{"damage":0,"enemies":"Blue Slaver","floor":13,"turns":2},{"damage":1,"enemies":"3 Sentries","floor":14,"turns":6},{"damage":0,"enemies":"Slime Boss","floor":16,"turns":4},{"damage":2,"enemies":"Spheric Guardian","floor":18,"turns":4},{"damage":14,"enemies":"Shell Parasite","floor":21,"turns":4},{"damage":48,"enemies":"Slavers","floor":24,"turns":9},{"damage":12,"enemies":"Centurion and Healer","floor":27,"turns":4},{"damage":1,"enemies":"Sentry and Sphere","floor":29,"turns":5},{"damage":75,"enemies":"Automaton","floor":33,"turns":11},{"damage":0,"enemies":"3 Shapes","floor":35,"turns":6},{"damage":8,"enemies":"3 Darklings","floor":36,"turns":6},{"damage":9,"enemies":"Sphere and 2 Shapes","floor":38,"turns":6},{"damage":8,"enemies":"Spire Growth","floor":39,"turns":5},{"damage":0,"enemies":"4 Shapes","floor":41,"turns":6},{"damage":34,"enemies":"Giant Head","floor":42,"turns":10},{"damage":36,"enemies":"Nemesis","floor":45,"turns":7},{"damage":0,"enemies":"Awakened One","floor":50,"turns":16}],"seed_played":"-4111568054689810843","potions_obtained":[{"floor":1.0,"key":"FocusPotion"},{"floor":6.0,"key":"Weak Potion"},{"floor":11.0,"key":"PowerPotion"},{"floor":14,"key":"PowerPotion"},{"floor":21,"key":"SpeedPotion"},{"floor":33,"key":"SpeedPotion"},{"floor":35,"key":"SteroidPotion"},{"floor":38,"key":"Regen Potion"},{"floor":39,"key":"Dexterity Potion"},{"floor":45,"key":"FairyPotion"}],"is_trial":false,"path_per_floor":["M","M","?","?","$","E","R","M","T","R","M","E","M","E","R","B",null,"M","?","?","M","$","R","E","T","T","M","R","M","R","?","R","B",null,"M","M","$","M","M","R","M","E","T","R","E","?","?","?","R","B",null],"character_chosen":"DEFECT","items_purchased":["Coolheaded","Leap","Cables","Oddly Smooth Stone"],"campfire_rested":5,"item_purchase_floors":[5,5,22,37],"current_hp_per_floor":[74,73,58,40,40,36,58,58,58,58,52,52,52,51,51,51,75,73,73,73,61,61,70,24,24,24,14,47,48,57,57,83,10,85,85,79,79,70,76,87,87,55,55,89,53,53,53,53,85,85],"gold":562,"neow_bonus":"UPGRADE_CARD","is_prod":false,"is_daily":false,"chose_seed":false,"campfire_upgraded":5,"win_rate":0,"timestamp":1557387616,"path_taken":["M","M","?","?","$","E","R","M","T","R","M","E","M","E","R","BOSS","M","?","?","M","$","R","E","?","T","M","R","M","R","?","R","BOSS","M","M","$","M","M","R","M","E","T","R","E","?","?","?","R","BOSS"],"build_version":"2019-01-23","purchased_purges":1,"victory":true,"max_hp_per_floor":[75,75,75,75,75,75,75,75,75,75,75,75,75,75,75,75,75,75,75,75,77,77,77,79,79,79,81,81,83,83,83,83,85,85,85,87,87,87,87,87,87,89,89,89,89,89,85,85,85,85],"card_choices":[{"not_picked":["Double Energy","Chaos"],"picked":"Go for the Eyes","floor":1.0},{"not_picked":["Melter","Chaos","Barrage"],"picked":"SKIP","floor":2.0},{"not_picked":["Melter","Leap"],"picked":"Ball Lightning","floor":6.0},{"not_picked":["BootSequence","Barrage"],"picked":"Redo","floor":8.0},{"not_picked":["Gash","Barrage"],"picked":"Coolheaded","floor":11.0},{"not_picked":["Consume","Stack","Turbo"],"picked":"SKIP","floor":12},{"not_picked":["Creative AI","Reprogram"],"picked":"Steam","floor":13},{"not_picked":["Rebound","Echo Form","Turbo"],"picked":"SKIP","floor":14},{"not_picked":["Heatsinks","Chaos+1"],"picked":"Redo","floor":18},{"not_picked":["Steam+1","Rebound","Go for the Eyes"],"picked":"Singing Bowl","floor":21},{"not_picked":["Barrage","Rebound","Rip and Tear"],"picked":"Singing Bowl","floor":24},{"not_picked":["Reprogram","Steam Power","Barrage+1"],"picked":"Singing Bowl","floor":27},{"not_picked":["Tempest","Auto Shields","Leap"],"picked":"Singing Bowl","floor":29},{"not_picked":["Electrodynamics","Thunder Strike","Fission"],"picked":"Singing Bowl","floor":33},{"not_picked":["Gash","Streamline+1"],"picked":"Barrage+1","floor":35},{"not_picked":["Gash","Aggregate+1","Defragment+1"],"picked":"Singing Bowl","floor":36},{"not_picked":["Aggregate+1","Streamline+1"],"picked":"Cold Snap+1","floor":38},{"not_picked":["Cold Snap+1","Streamline+1"],"picked":"Gash+1","floor":39},{"not_picked":["Sweeping Beam+1","Chill"],"picked":"Gash+1","floor":41},{"not_picked":["Barrage+1","Darkness+1","Glacier"],"picked":"Singing Bowl","floor":42},{"not_picked":["Streamline","Seek"],"picked":"Ball Lightning","floor":45}],"player_experience":475712,"relics_obtained":[{"floor":6.0,"key":"Smiling Mask"},{"floor":9.0,"key":"Bag of Marbles"},{"floor":12,"key":"DataDisk"},{"floor":14,"key":"Whetstone"},{"floor":24,"key":"Pen Nib"},{"floor":25,"key":"Emotion Chip"},{"floor":26,"key":"Incense Burner"},{"floor":42,"key":"Kunai"},{"floor":43,"key":"Juzu Bracelet"},{"floor":45,"key":"Omamori"}],"event_choices":[{"damage_healed":0.0,"max_hp_gain":0.0,"max_hp_loss":0.0,"gold_gain":0.0,"event_name":"Shining Light","player_choice":"Entered Light","floor":3.0,"gold_loss":0.0,"damage_taken":15.0,"cards_upgraded":["Defend_B","Strike_B"]},{"damage_healed":0.0,"max_hp_gain":0.0,"max_hp_loss":0.0,"gold_gain":0.0,"event_name":"Golden Idol","player_choice":"Take Damage","floor":4.0,"gold_loss":0.0,"damage_taken":18.0,"relics_obtained":["Golden Idol"]},{"damage_healed":0,"gold_gain":0,"player_choice":"Obtained Relic","damage_taken":0,"relics_obtained":["Singing Bowl"],"max_hp_gain":0,"max_hp_loss":0,"event_name":"Addict","floor":19,"gold_loss":85},{"damage_healed":0,"gold_gain":0,"player_choice":"Ignored","damage_taken":0,"max_hp_gain":0,"max_hp_loss":0,"event_name":"Ghosts","floor":20,"gold_loss":0},{"damage_healed":0,"gold_gain":0,"player_choice":"Inject Mutagens","damage_taken":0,"relics_obtained":["MutagenicStrength"],"max_hp_gain":0,"max_hp_loss":0,"event_name":"Drug Dealer","floor":31,"gold_loss":0},{"damage_healed":0,"gold_gain":333,"player_choice":"Gave Idol","damage_taken":0,"max_hp_gain":0,"max_hp_loss":0,"event_name":"The Moai Head","floor":46,"relics_lost":["Golden Idol"],"gold_loss":0},{"damage_healed":0,"gold_gain":0,"player_choice":"Max HP","damage_taken":0,"max_hp_gain":0,"max_hp_loss":4,"event_name":"Winding Halls","floor":47,"gold_loss":0},{"cards_removed":["Strike_B"],"damage_healed":0,"gold_gain":0,"player_choice":"Removed Attack","damage_taken":0,"max_hp_gain":0,"max_hp_loss":0,"event_name":"Falling","floor":48,"gold_loss":0}],"is_beta":false,"boss_relics":[{"not_picked":["FrozenCore","Astrolabe"],"picked":"Eternal Feather"},{"not_picked":["Snecko Eye","Runic Pyramid"],"picked":"Inserter"}],"items_purged_floors":[37],"is_endless":false,"potions_floor_spawned":[1,6,11,14,21,33,35,38,39,41,45],"ascension_level":1}