{"gold_per_floor":[116,38,50,61,72,72,105,105,128,162,186,213,213,213,213,213],"floor_reached":16,"playtime":912,"items_purged":[],"score":219,"play_id":"adb47012-1f4e-4786-91a3-7338afdadd64","local_time":"20190403233758","is_ascension_mode":true,"campfire_choices":[{"data":"Carnage","floor":6,"key":"SMITH"},{"data":"Bash","floor":8,"key":"SMITH"},{"data":"Shrug It Off","floor":15,"key":"SMITH"}],"neow_cost":"NONE","seed_source_timestamp":180565990428081,"circlet_count":0,"master_deck":["AscendersBane","Strike_R","Strike_R","Strike_R","Strike_R","Strike_R","Defend_R","Defend_R","Defend_R","Defend_R","Bash+1","Impervious","Carnage+1","Feel No Pain","Iron Wave","Anger","Headbutt","Shrug It Off+1","Reaper"],"relics":["Burning Blood","Orichalcum","PreservedInsect","Bag of Marbles","Smiling Mask","Odd Mushroom","Golden Idol"],"potions_floor_usage":[7],"damage_taken":[{"damage":1,"enemies":"Cultist","floor":1,"turns":3},{"damage":6,"enemies":"Jaw Worm","floor":3,"turns":4},{"damage":0,"enemies":"2 Louse","floor":4,"turns":4},{"damage":22,"enemies":"Large Slime","floor":5,"turns":9},{"damage":12,"enemies":"Lagavulin","floor":7,"turns":5},{"damage":0,"enemies":"Gremlin Nob","floor":10,"turns":3},{"damage":31,"enemies":"The Mushroom Lair","floor":12,"turns":5},{"damage":56,"enemies":"The Guardian","floor":16,"turns":14}],"seed_played":"-608490530041388852","potions_obtained":[{"floor":3,"key":"Strength Potion"},{"floor":5,"key":"SkillPotion"},{"floor":7,"key":"LiquidBronze"},{"floor":10,"key":"SkillPotion"}],"is_trial":false,"path_per_floor":["M","$","M","M","M","R","E","R","T","E","T","?","?","?","R","B"],"character_chosen":"IRONCLAD","items_purchased":["Feel No Pain"],"campfire_rested":0,"item_purchase_floors":[2],"current_hp_per_floor":[77,77,77,80,64,64,58,58,58,64,64,51,51,51,51,0],"gold":213,"neow_bonus":"ONE_RANDOM_RARE_CARD","is_prod":false,"is_daily":false,"chose_seed":false,"campfire_upgraded":3,"win_rate":0,"timestamp":1554349078,"path_taken":["M","$","?","M","M","R","E","R","T","E","?","?","?","?","R","BOSS"],"build_version":"2019-01-23","purchased_purges":0,"victory":false,"max_hp_per_floor":[80,80,80,80,80,80,80,80,80,80,80,80,80,74,74,74],"card_choices":[{"not_picked":["Headbutt","Dual Wield"],"picked":"Carnage","floor":1},{"not_picked":["Armaments","Blood for Blood"],"picked":"Iron Wave","floor":3},{"not_picked":["Whirlwind","Iron Wave"],"picked":"Anger","floor":4},{"not_picked":["Intimidate","Sentinel"],"picked":"Headbutt","floor":5},{"not_picked":["True Grit","Rage"],"picked":"Shrug It Off","floor":7},{"not_picked":["Wild Strike","Shockwave"],"picked":"Reaper","floor":10}],"player_experience":2061252,"relics_obtained":[{"floor":7,"key":"Orichalcum"},{"floor":9,"key":"PreservedInsect"},{"floor":10,"key":"Bag of Marbles"},{"floor":11,"key":"Smiling Mask"},{"floor":12,"key":"Odd Mushroom"}],"event_choices":[{"damage_healed":0,"gold_gain":0,"player_choice":"Fought Mushrooms","damage_taken":0,"max_hp_gain":0,"max_hp_loss":0,"event_name":"Mushrooms","floor":12,"gold_loss":0},{"damage_healed":0,"gold_gain":0,"player_choice":"Ignored","damage_taken":0,"max_hp_gain":0,"max_hp_loss":0,"event_name":"Liars Game","floor":13,"gold_loss":0},{"damage_healed":0,"gold_gain":0,"player_choice":"Lose Max HP","damage_taken":0,"relics_obtained":["Golden Idol"],"max_hp_gain":0,"max_hp_loss":6,"event_name":"Golden Idol","floor":14,"gold_loss":0}],"is_beta":false,"boss_relics":[],"items_purged_floors":[],"is_endless":false,"potions_floor_spawned":[3,5,7,10],"killed_by":"The Guardian","ascension_level":13}