{"gold_per_floor":[117,131,45,65,83,83,116,116,141,152,164,164,164,174,174,174],"floor_reached":16,"playtime":782,"items_purged":[],"score":135,"play_id":"7eaf3f04-6533-4c2c-98de-e559746f22ab","local_time":"20190403172447","is_ascension_mode":true,"campfire_choices":[{"data":"Neutralize","floor":6,"key":"SMITH"},{"floor":8,"key":"REST"},{"floor":15,"key":"REST"}],"neow_cost":"NONE","seed_source_timestamp":437319617340884,"circlet_count":0,"master_deck":["Defend_G","Defend_G","Defend_G","Defend_G","Defend_G","Strike_G","Strike_G","Strike_G","Strike_G","Survivor","Neutralize+1","Dagger Throw","Prepared","Endless Agony","Acrobatics","Underhanded Strike","Predator","Crippling Poison","Deflect"],"relics":["Ring of the Snake","Regal Pillow","Dream Catcher"],"potions_floor_usage":[5,5,7,16],"damage_taken":[{"damage":0,"enemies":"Cultist","floor":1,"turns":4},{"damage":1,"enemies":"2 Louse","floor":2,"turns":2},{"damage":17,"enemies":"Jaw Worm","floor":4,"turns":4},{"damage":0,"enemies":"Gremlin Gang","floor":5,"turns":3},{"damage":25,"enemies":"Gremlin Nob","floor":7,"turns":5},{"damage":25,"enemies":"Exordium Wildlife","floor":10,"turns":5},{"damage":5,"enemies":"Looter","floor":11,"turns":4},{"damage":8,"enemies":"Gremlin Gang","floor":14,"turns":4},{"damage":55,"enemies":"Slime Boss","floor":16,"turns":16}],"seed_played":"-3290087526678368519","potions_obtained":[{"floor":2,"key":"Strength Potion"},{"floor":4,"key":"SkillPotion"},{"floor":5,"key":"SpeedPotion"},{"floor":14,"key":"Weak Potion"}],"is_trial":false,"path_per_floor":["M","M","$","M","M","R","E","R","T","M","M","?","?","M","R","B"],"character_chosen":"THE_SILENT","items_purchased":["Endless Agony","Acrobatics"],"campfire_rested":2,"item_purchase_floors":[3,3],"current_hp_per_floor":[63,62,62,45,45,45,20,56,56,31,26,26,26,18,54,0],"gold":174,"neow_bonus":"REMOVE_CARD","is_prod":false,"is_daily":false,"chose_seed":false,"campfire_upgraded":1,"win_rate":0,"timestamp":1554283487,"path_taken":["M","M","$","M","M","R","E","R","T","M","M","?","?","M","R","BOSS"],"build_version":"2019-01-23","purchased_purges":0,"victory":false,"max_hp_per_floor":[70,70,70,70,70,70,70,70,70,70,70,70,70,70,70,70],"card_choices":[{"not_picked":["Setup","Poisoned Stab"],"picked":"Dagger Throw","floor":1},{"not_picked":["Heel Hook","Bane"],"picked":"Prepared","floor":2},{"not_picked":["Glass Knife","Setup"],"picked":"Underhanded Strike","floor":4},{"not_picked":["Prepared","Outmaneuver"],"picked":"Predator","floor":5},{"not_picked":["Choke","Deadly Poison","Backflip"],"picked":"SKIP","floor":7},{"not_picked":["Acrobatics","Blade Dance"],"picked":"Crippling Poison","floor":10},{"not_picked":["Dash","Quick Slash"],"picked":"Deflect","floor":11},{"not_picked":["Dodge and Roll","Bane","Flying Knee"],"picked":"SKIP","floor":14}],"player_experience":720374,"relics_obtained":[{"floor":7,"key":"Regal Pillow"},{"floor":9,"key":"Dream Catcher"}],"event_choices":[{"damage_healed":0,"gold_gain":0,"player_choice":"Ignored","damage_taken":0,"max_hp_gain":0,"max_hp_loss":0,"event_name":"Shining Light","floor":12,"gold_loss":0},{"damage_healed":0,"gold_gain":0,"player_choice":"Ignored","damage_taken":0,"max_hp_gain":0,"max_hp_loss":0,"event_name":"Liars Game","floor":13,"gold_loss":0}],"is_beta":false,"boss_relics":[],"items_purged_floors":[],"is_endless":false,"potions_floor_spawned":[2,4,5,14],"killed_by":"Slime Boss","ascension_level":6}