{"gold_per_floor":[118,131,53,53,53,89,89,107,179,195,228,36,36],"floor_reached":13,"playtime":840,"items_purged":[],"score":130,"play_id":"1432c605-826e-4b75-b1de-3ee52dca2c4b","local_time":"20190417210409","is_ascension_mode":true,"campfire_choices":[{"data":"Metallicize","floor":7,"key":"SMITH"}],"neow_cost":"NONE","seed_source_timestamp":0,"circlet_count":0,"master_deck":["Strike_R","Strike_R+1","Strike_R","Strike_R","Strike_R","Defend_R+1","Defend_R","Defend_R","Defend_R","Bash+1","Pommel Strike+1","Metallicize+1","Inflame","Offering","Seeing Red","Shrug It Off"],"special_seed":0,"relics":["Burning Blood","NeowsBlessing","Golden Idol","Whetstone","Centennial Puzzle","Regal Pillow"],"potions_floor_usage":[11],"damage_taken":[{"damage":0.0,"enemies":"Jaw Worm","floor":1.0,"turns":1.0},{"damage":0,"enemies":"Small Slimes","floor":2,"turns":1},{"damage":0,"enemies":"3 Sentries","floor":6,"turns":2},{"damage":0,"enemies":"2 Louse","floor":8,"turns":3},{"damage":14,"enemies":"Lots of Slimes","floor":10,"turns":5},{"damage":36,"enemies":"Lagavulin","floor":11,"turns":7},{"damage":20,"enemies":"Exordium Thugs","floor":13,"turns":7}],"seed_played":"-1409255092425883742","potions_obtained":[{"floor":10,"key":"PowerPotion"}],"is_trial":false,"path_per_floor":["M","M","$","?","?","E","R","M","T","M","E","$","M"],"character_chosen":"IRONCLAD","items_purchased":["Inflame","Regal Pillow","Shrug It Off"],"campfire_rested":0,"item_purchase_floors":[3,12,12],"current_hp_per_floor":[80,80,80,60,44,50,50,56,56,48,18,18,0],"gold":36,"neow_bonus":"THREE_ENEMY_KILL","is_prod":false,"is_daily":false,"chose_seed":false,"campfire_upgraded":1,"win_rate":0,"timestamp":1555549449,"path_taken":["M","M","$","?","?","E","R","M","T","M","E","?","M"],"build_version":"2019-01-23","purchased_purges":0,"victory":false,"max_hp_per_floor":[80,80,80,80,80,80,80,80,80,80,80,80,80],"card_choices":[{"not_picked":["Evolve","True Grit"],"picked":"Pommel Strike","floor":1},{"not_picked":["Body Slam","Thunderclap"],"picked":"Metallicize","floor":2},{"not_picked":["Power Through","Havoc","Twin Strike"],"picked":"SKIP","floor":6},{"not_picked":["Perfected Strike","Shockwave","Corruption"],"picked":"SKIP","floor":8},{"not_picked":["True Grit","Wild Strike"],"picked":"Offering","floor":10},{"not_picked":["Headbutt","Wild Strike"],"picked":"Seeing Red","floor":11}],"player_experience":199501,"relics_obtained":[{"floor":6,"key":"Whetstone"},{"floor":11,"key":"Centennial Puzzle"}],"event_choices":[{"damage_healed":0,"gold_gain":0,"player_choice":"Take Damage","damage_taken":20,"relics_obtained":["Golden Idol"],"max_hp_gain":0,"max_hp_loss":0,"event_name":"Golden Idol","floor":4,"gold_loss":0},{"damage_healed":0,"gold_gain":0,"player_choice":"Entered Light","damage_taken":16,"max_hp_gain":0,"max_hp_loss":0,"event_name":"Shining Light","floor":5,"gold_loss":0,"cards_upgraded":["Defend_R","Pommel Strike"]}],"is_beta":false,"boss_relics":[],"items_purged_floors":[],"is_endless":false,"potions_floor_spawned":[10],"killed_by":"Exordium Thugs","ascension_level":2}