{"gold_per_floor":[109,184,184,184,195,225,225,253,253,270,270,298,46,46,46,148,148,162,262,278,292,312,345,345,371,396,414,449,449,474,10,10,110,110,129,145,145,158,33,62,62,162,162,172,199,211,248,272,284,296,308,320,10,44,44],"floor_reached":56,"playtime":3326,"items_purged":["Defend_G","Regret","Strike_G"],"score":1609,"play_id":"7bbe3b7c-4b22-4b98-b18a-43c7a4c10151","local_time":"20190601234151","is_ascension_mode":true,"campfire_choices":[{"floor":7,"key":"REST"},{"floor":11,"key":"REST"},{"floor":15,"key":"REST"},{"floor":24,"key":"REST"},{"floor":29,"key":"REST"},{"floor":32,"key":"REST"},{"data":"Noxious Fumes","floor":41,"key":"SMITH"},{"floor":46,"key":"RECALL"},{"data":"Footwork","floor":49,"key":"SMITH"},{"data":"Wraith Form v2","floor":52,"key":"SMITH"}],"neow_cost":"NONE","seed_source_timestamp":1532074908325105,"circlet_count":0,"master_deck":["Defend_G+1","Defend_G","Defend_G+1","Defend_G","Strike_G","Strike_G","Strike_G","Strike_G","Survivor","Neutralize","Bane","Deflect+1","Bane","Crippling Poison+1","Deadly Poison+1","Crippling Poison+1","Noxious Fumes+1","Dodge and Roll+1","Calculated Gamble+1","Parasite","Bullet Time+1","Poisoned Stab","Deadly Poison+1","Footwork+1","Backflip+1","Catalyst+1","Poisoned Stab","Deflect+1","Injury","Decay","Shame","Backflip+1","Writhe","Wraith Form v2+1","Crippling Poison+1","Deflect+1"],"relics":["Ring of the Snake","NeowsBlessing","Anchor","Toxic Egg 2","Darkstone Periapt","Du-Vu Doll","Mercury Hourglass","War Paint","Runic Pyramid","Potion Belt","Strawberry","Paper Crane","Red Mask","Kunai","Calling Bell","Oddly Smooth Stone","Ornamental Fan","Bird Faced Urn","PreservedInsect","Ginger","Pear","MawBank","Dream Catcher","Centennial Puzzle"],"potions_floor_usage":[12,28,33,40,40,47,50,50],"damage_taken":[{"damage":0,"enemies":"Small Slimes","floor":1,"turns":1},{"damage":0,"enemies":"Jaw Worm","floor":5,"turns":1},{"damage":0,"enemies":"Gremlin Nob","floor":6,"turns":1},{"damage":53,"enemies":"3 Sentries","floor":8,"turns":17},{"damage":0,"enemies":"2 Louse","floor":10,"turns":2},{"damage":6,"enemies":"Lagavulin","floor":12,"turns":3},{"damage":17,"enemies":"Hexaghost","floor":16,"turns":7},{"damage":31,"enemies":"3 Byrds","floor":18,"turns":4},{"damage":3,"enemies":"Shell Parasite","floor":20,"turns":3},{"damage":20,"enemies":"Centurion and Healer","floor":21,"turns":5},{"damage":11,"enemies":"Snake Plant","floor":22,"turns":4},{"damage":3,"enemies":"Gremlin Leader","floor":23,"turns":6},{"damage":18,"enemies":"Slavers","floor":25,"turns":4},{"damage":0,"enemies":"Snecko","floor":27,"turns":3},{"damage":0,"enemies":"Book of Stabbing","floor":28,"turns":5},{"damage":7,"enemies":"Masked Bandits","floor":30,"turns":4},{"damage":4,"enemies":"Automaton","floor":33,"turns":8},{"damage":22,"enemies":"3 Darklings","floor":35,"turns":6},{"damage":0,"enemies":"3 Shapes","floor":36,"turns":3},{"damage":7,"enemies":"Sphere and 2 Shapes","floor":38,"turns":4},{"damage":23,"enemies":"Giant Head","floor":40,"turns":10},{"damage":3,"enemies":"Mind Bloom Boss Battle","floor":42,"turns":5},{"damage":0,"enemies":"4 Shapes","floor":44,"turns":4},{"damage":32,"enemies":"Reptomancer","floor":47,"turns":6},{"damage":0,"enemies":"3 Darklings","floor":48,"turns":4},{"damage":15,"enemies":"Time Eater","floor":50,"turns":15},{"damage":11,"enemies":"Shield and Spear","floor":54,"turns":7},{"damage":64,"enemies":"The Heart","floor":55,"turns":10}],"seed_played":"3875273063706469975","potions_obtained":[{"floor":10,"key":"Poison Potion"},{"floor":23,"key":"FearPotion"},{"floor":28,"key":"FairyPotion"},{"floor":30,"key":"SpeedPotion"},{"floor":33,"key":"SpeedPotion"},{"floor":40,"key":"Dexterity Potion"},{"floor":42,"key":"PowerPotion"},{"floor":44,"key":"SteroidPotion"}],"is_trial":false,"path_per_floor":["M","?","?","?","M","E","R","E","T","M","R","E","$","?","R","B",null,"M","?","M","M","M","E","R","E","T","M","E","R","?","$","R","B",null,"M","M","?","M","$","E","R","?","T","M","T","R","E","M","R","B",null,"R","$","E","B",null],"character_chosen":"THE_SILENT","items_purchased":["Noxious Fumes","Dodge and Roll+1","Calculated Gamble+1","Deflect+1","Kunai","GhostInAJar","Crippling Poison+1","FairyPotion","FairyPotion","Deflect+1"],"campfire_rested":6,"item_purchase_floors":[13,13,13,31,31,31,53,53,53,53],"current_hp_per_floor":[70,59,59,47,47,47,68,15,15,15,36,30,30,53,75,58,76,45,45,42,22,11,8,30,19,19,19,19,43,36,36,60,56,101,81,83,107,102,102,83,83,80,90,94,94,94,68,70,70,61,117,117,117,108,50],"gold":44,"neow_bonus":"THREE_ENEMY_KILL","is_prod":false,"is_daily":false,"chose_seed":false,"campfire_upgraded":3,"win_rate":0,"timestamp":1559446911,"path_taken":["M","?","?","?","M","E","R","E","T","?","R","E","$","?","R","BOSS","M","?","M","?","?","E","R","E","T","M","E","R","?","?","R","BOSS","M","?","?","M","$","E","R","?","T","M","?","R","E","M","R","BOSS","R","$","E","BOSS"],"build_version":"2019-01-23","purchased_purges":3,"victory":true,"max_hp_per_floor":[70,70,70,70,70,70,70,70,70,70,70,70,70,76,76,76,76,76,76,76,76,76,76,76,83,83,83,83,83,83,83,83,83,101,101,101,107,107,107,107,107,107,117,117,117,117,117,117,117,117,117,117,117,117,117],"card_choices":[{"not_picked":["Backflip","Blade Dance"],"picked":"Bane","floor":1},{"not_picked":["Well Laid Plans","Predator"],"picked":"Deflect+1","floor":5},{"not_picked":["Unload","Concentrate+1"],"picked":"Bane","floor":6},{"not_picked":["Flechettes","Dagger Spray"],"picked":"Crippling Poison+1","floor":8},{"not_picked":["Dagger Spray","Flying Knee"],"picked":"Deadly Poison+1","floor":10},{"not_picked":["Doppelganger+1","Underhanded Strike"],"picked":"Crippling Poison+1","floor":12},{"not_picked":["Grand Finale","Envenom"],"picked":"Bullet Time+1","floor":16},{"not_picked":["Bane","Sucker Punch"],"picked":"Poisoned Stab","floor":18},{"not_picked":["Concentrate+1","Cloak And Dagger+1"],"picked":"Deadly Poison+1","floor":20},{"not_picked":["Flechettes","Flying Knee"],"picked":"Footwork","floor":21},{"not_picked":["Tactician+1","Slice+1","Dagger Spray"],"picked":"SKIP","floor":22},{"not_picked":["Cloak And Dagger+1","Dagger Spray+1"],"picked":"Backflip+1","floor":23},{"not_picked":["Terror+1","Burst+1","Reflex+1"],"picked":"SKIP","floor":25},{"not_picked":["Dagger Throw","Prepared+1"],"picked":"Catalyst+1","floor":27},{"not_picked":["Slice","Dagger Throw+1","Underhanded Strike"],"picked":"SKIP","floor":28},{"not_picked":["Caltrops","Heel Hook"],"picked":"Poisoned Stab","floor":30},{"not_picked":["Quick Slash","Underhanded Strike+1","Predator+1"],"picked":"SKIP","floor":35},{"not_picked":["Sucker Punch+1","Poisoned Stab"],"picked":"Backflip+1","floor":36},{"not_picked":["Backflip+1","Underhanded Strike+1","Flying Knee"],"picked":"SKIP","floor":38},{"not_picked":["Leg Sweep+1","Underhanded Strike+1"],"picked":"Wraith Form v2","floor":40},{"not_picked":["Poisoned Stab","Tactician+1","Underhanded Strike"],"picked":"SKIP","floor":44},{"not_picked":["Flying Knee+1","Backflip+1","Deadly Poison+1"],"picked":"SKIP","floor":47},{"not_picked":["Dagger Spray+1","Die Die Die","Noxious Fumes"],"picked":"SKIP","floor":48},{"not_picked":["Blade Dance+1","Heel Hook","Unload"],"picked":"SKIP","floor":54}],"player_experience":85421,"relics_obtained":[{"floor":6,"key":"Darkstone Periapt"},{"floor":8,"key":"Du-Vu Doll"},{"floor":9,"key":"Mercury Hourglass"},{"floor":12,"key":"War Paint"},{"floor":23,"key":"Potion Belt"},{"floor":25,"key":"Strawberry"},{"floor":28,"key":"Paper Crane"},{"floor":30,"key":"Red Mask"},{"floor":34,"key":"Oddly Smooth Stone"},{"floor":34,"key":"Ornamental Fan"},{"floor":34,"key":"Bird Faced Urn"},{"floor":40,"key":"PreservedInsect"},{"floor":42,"key":"Ginger"},{"floor":43,"key":"Pear"},{"floor":45,"key":"MawBank"},{"floor":47,"key":"Dream Catcher"},{"floor":54,"key":"Centennial Puzzle"}],"event_choices":[{"damage_healed":0,"gold_gain":75,"player_choice":"Gather Gold","damage_taken":11,"max_hp_gain":0,"max_hp_loss":0,"event_name":"World of Goop","floor":2,"gold_loss":0},{"damage_healed":0,"gold_gain":0,"player_choice":"Box","damage_taken":0,"relics_obtained":["Anchor"],"max_hp_gain":0,"max_hp_loss":0,"event_name":"Big Fish","floor":3,"gold_loss":0,"cards_obtained":["Regret"]},{"damage_healed":0,"gold_gain":0,"player_choice":"Success","damage_taken":12,"relics_obtained":["Toxic Egg 2"],"max_hp_gain":0,"max_hp_loss":0,"event_name":"Scrap Ooze","floor":4,"gold_loss":0},{"damage_healed":17,"gold_gain":0,"player_choice":"Healed and dodged fight","damage_taken":0,"max_hp_gain":0,"max_hp_loss":0,"event_name":"Mushrooms","floor":14,"gold_loss":0,"cards_obtained":["Parasite"]},{"damage_healed":0,"gold_gain":100,"player_choice":"Pray","damage_taken":0,"max_hp_gain":0,"max_hp_loss":0,"event_name":"Golden Shrine","floor":19,"gold_loss":0},{"damage_healed":0,"gold_gain":0,"player_choice":"Fought Bandits","damage_taken":0,"max_hp_gain":0,"max_hp_loss":0,"event_name":"Masked Bandits","floor":30,"gold_loss":0},{"damage_healed":25,"gold_gain":0,"player_choice":"Writhe","damage_taken":0,"max_hp_gain":0,"max_hp_loss":0,"event_name":"Winding Halls","floor":37,"gold_loss":0,"cards_obtained":["Writhe"]},{"damage_healed":0,"gold_gain":0,"player_choice":"Fight","damage_taken":0,"max_hp_gain":0,"max_hp_loss":0,"event_name":"MindBloom","floor":42,"gold_loss":0}],"is_beta":false,"boss_relics":[{"not_picked":["Astrolabe","Velvet Choker"],"picked":"Runic Pyramid"},{"not_picked":["Cursed Key","Lizard Tail"],"picked":"Calling Bell"}],"items_purged_floors":[13,31,39],"is_endless":false,"potions_floor_spawned":[10,23,28,30,33,40,42,44],"ascension_level":2}