{"gold_per_floor":[216,391,404,404,420,445,445,475,501,501,501,521,545,620,620,740,740,756,756,776,352,366,366],"floor_reached":23,"playtime":1027,"items_purged":[],"score":241,"play_id":"1581daf4-4278-495b-a63f-8444942f4b19","local_time":"20190515183812","is_ascension_mode":true,"campfire_choices":[{"data":"Cleave","floor":7,"key":"SMITH"},{"data":"Immolate","floor":11,"key":"SMITH"},{"floor":15,"key":"REST"}],"neow_cost":"NONE","seed_source_timestamp":779197184415100,"circlet_count":0,"master_deck":["Strike_R","Strike_R","Defend_R","Defend_R","Defend_R","Defend_R","Bash","Iron Wave","Doubt","Cleave+1","Regret","Rage","Iron Wave","Immolate+1","Feel No Pain","Ghostly Armor","Juggernaut","Rampage+1","Reaper+1","Impervious+1","Anger+1","J.A.X.","Perfected Strike+1","Battle Trance","Spot Weakness","Warcry+1"],"relics":["Burning Blood","Anchor","Happy Flower","Potion Belt","Red Skull","Golden Idol","Astrolabe","Bag of Preparation","Tiny Chest"],"potions_floor_usage":[6,16,23,23],"damage_taken":[{"damage":20,"enemies":"Small Slimes","floor":1,"turns":5},{"damage":3,"enemies":"2 Louse","floor":3,"turns":4},{"damage":8,"enemies":"Jaw Worm","floor":5,"turns":4},{"damage":29,"enemies":"Lagavulin","floor":6,"turns":6},{"damage":27,"enemies":"3 Sentries","floor":8,"turns":9},{"damage":0,"enemies":"Large Slime","floor":12,"turns":3},{"damage":0,"enemies":"Lots of Slimes","floor":13,"turns":1},{"damage":22,"enemies":"Slime Boss","floor":16,"turns":8},{"damage":32,"enemies":"Chosen","floor":18,"turns":6},{"damage":22,"enemies":"3 Byrds","floor":20,"turns":7},{"damage":23,"enemies":"Snake Plant","floor":22,"turns":4},{"damage":20,"enemies":"Slavers","floor":23,"turns":2}],"seed_played":"6241854859410589837","potions_obtained":[{"floor":3,"key":"LiquidBronze"},{"floor":5,"key":"AttackPotion"},{"floor":12,"key":"Strength Potion"},{"floor":13,"key":"SneckoOil"},{"floor":20,"key":"SpeedPotion"},{"floor":22,"key":"Strength Potion"}],"is_trial":false,"path_per_floor":["M","?","M","?","M","E","R","E","T","?","R","M","M","?","R","B",null,"M","?","M","$","M","E"],"character_chosen":"IRONCLAD","items_purchased":["Battle Trance","Spot Weakness","Bag of Preparation","Tiny Chest"],"campfire_rested":1,"item_purchase_floors":[21,21,21,21],"current_hp_per_floor":[66,66,69,69,67,44,44,23,23,23,23,29,35,24,46,30,74,48,48,36,36,19,0],"gold":366,"neow_bonus":"HUNDRED_GOLD","is_prod":false,"is_daily":false,"chose_seed":false,"campfire_upgraded":2,"win_rate":0,"timestamp":1557925692,"path_taken":["M","?","M","?","M","E","R","E","T","?","R","M","M","?","R","BOSS","M","?","M","$","M","E"],"build_version":"2019-01-23","purchased_purges":0,"victory":false,"max_hp_per_floor":[80,80,80,80,80,80,80,80,80,74,74,74,74,74,74,74,74,74,74,74,74,74,74],"card_choices":[{"not_picked":["Clash","Entrench"],"picked":"Iron Wave","floor":1},{"not_picked":["Carnage","Body Slam"],"picked":"Cleave","floor":3},{"not_picked":["Entrench","True Grit"],"picked":"Rage","floor":5},{"not_picked":["Clash","Berserk"],"picked":"Iron Wave","floor":6},{"not_picked":["Blood for Blood","Pummel"],"picked":"Immolate","floor":8},{"not_picked":["Rampage","Body Slam"],"picked":"Feel No Pain","floor":12},{"not_picked":["Rupture","Warcry"],"picked":"Ghostly Armor","floor":13},{"not_picked":["Brutality","Fiend Fire"],"picked":"Juggernaut","floor":16},{"not_picked":["Thunderclap","Second Wind+1"],"picked":"Anger+1","floor":18},{"not_picked":["Clash","Reckless Charge"],"picked":"Perfected Strike+1","floor":20},{"not_picked":["Carnage","Sword Boomerang"],"picked":"Warcry+1","floor":22}],"player_experience":194368,"relics_obtained":[{"floor":6,"key":"Happy Flower"},{"floor":8,"key":"Potion Belt"},{"floor":9,"key":"Red Skull"}],"event_choices":[{"damage_healed":0,"gold_gain":175,"player_choice":"AGREE","damage_taken":0,"max_hp_gain":0,"max_hp_loss":0,"event_name":"Liars Game","floor":2,"gold_loss":0,"cards_obtained":["Doubt"]},{"damage_healed":0,"gold_gain":0,"player_choice":"Box","damage_taken":0,"relics_obtained":["Anchor"],"max_hp_gain":0,"max_hp_loss":0,"event_name":"Big Fish","floor":4,"gold_loss":0,"cards_obtained":["Regret"]},{"damage_healed":0,"gold_gain":0,"player_choice":"Lose Max HP","damage_taken":0,"relics_obtained":["Golden Idol"],"max_hp_gain":0,"max_hp_loss":6,"event_name":"Golden Idol","floor":10,"gold_loss":0},{"damage_healed":0,"gold_gain":75,"player_choice":"Gather Gold","damage_taken":11,"max_hp_gain":0,"max_hp_loss":0,"event_name":"World of Goop","floor":14,"gold_loss":0},{"damage_healed":0,"gold_gain":0,"player_choice":"Obtain J.A.X.","damage_taken":0,"max_hp_gain":0,"max_hp_loss":0,"event_name":"Drug Dealer","floor":19,"gold_loss":0,"cards_obtained":["J.A.X."]}],"is_beta":false,"boss_relics":[{"not_picked":["White Beast Statue","Calling Bell"],"picked":"Astrolabe"}],"items_purged_floors":[],"is_endless":false,"potions_floor_spawned":[3,5,12,13,20,22],"killed_by":"Slavers","ascension_level":4}