{"gold_per_floor":[110,122,138,138,155,180,180,193,193,227,241,172,189,201,201,303,303,316,169,119,132,145,145,145,145,169,196,210,210,71,98,98,197,197,217,217,23,36,1035,1035,635,686,686,686,704,704,720,731,731,731,731,731,337,370,370],"floor_reached":56,"playtime":11286,"items_purged":["Strike_G","Strike_G","Normality","Normality"],"score":1299,"play_id":"8c1c79ad-a126-46f2-9268-7461c1114ffe","local_time":"20190601194748","is_ascension_mode":false,"campfire_choices":[{"data":"Cloak And Dagger","floor":7,"key":"SMITH"},{"data":"Noxious Fumes","floor":15,"key":"SMITH"},{"data":"Adrenaline","floor":23,"key":"SMITH"},{"data":"Blade Dance","floor":25,"key":"SMITH"},{"data":"Accuracy","floor":32,"key":"SMITH"},{"data":"Burst","floor":40,"key":"SMITH"},{"floor":44,"key":"RECALL"},{"data":"1","floor":49,"key":"LIFT"},{"data":"2","floor":52,"key":"LIFT"}],"neow_cost":"NONE","seed_source_timestamp":1235874758672800,"circlet_count":0,"master_deck":["Defend_G","Defend_G","Defend_G","Defend_G","Defend_G","Strike_G","Strike_G+1","Survivor+1","Neutralize","Cloak And Dagger+1","Noxious Fumes+1","Backflip","Bouncing Flask+1","Blade Dance+1","Dodge and Roll","Blur","Burst+1","Backflip","Corpse Explosion","Adrenaline+1","Infinite Blades","Cloak And Dagger+1","Accuracy+1","Storm of Steel","Tools of the Trade","Outmaneuver+1","Infinite Blades","Acrobatics","Backflip+1","Acrobatics+1","Acrobatics+1","Accuracy"],"relics":["Ring of the Snake","Bronze Scales","Shuriken","Ninja Scroll","PreservedInsect","Coffee Dripper","War Paint","Boot","Nloth\u0027s Gift","Whetstone","Sozu","Membership Card","ClockworkSouvenir","Centennial Puzzle","Girya","Thread and Needle","Pear","Kunai","Bag of Marbles","Sling","Ornamental Fan"],"potions_floor_usage":[6,22,33,38,55],"damage_taken":[{"damage":0,"enemies":"2 Louse","floor":1,"turns":2},{"damage":0,"enemies":"Cultist","floor":2,"turns":3},{"damage":0,"enemies":"Small Slimes","floor":3,"turns":3},{"damage":0,"enemies":"Red Slaver","floor":5,"turns":5},{"damage":25,"enemies":"Gremlin Nob","floor":6,"turns":4},{"damage":11,"enemies":"Exordium Wildlife","floor":8,"turns":3},{"damage":6,"enemies":"3 Sentries","floor":10,"turns":8},{"damage":3,"enemies":"Exordium Thugs","floor":11,"turns":4},{"damage":0,"enemies":"3 Louse","floor":13,"turns":3},{"damage":0,"enemies":"Looter","floor":14,"turns":2},{"damage":0,"enemies":"Hexaghost","floor":16,"turns":8},{"damage":4,"enemies":"2 Thieves","floor":18,"turns":2},{"damage":0,"enemies":"3 Byrds","floor":21,"turns":2},{"damage":0,"enemies":"Shelled Parasite and Fungi","floor":22,"turns":2},{"damage":3,"enemies":"Book of Stabbing","floor":27,"turns":4},{"damage":0,"enemies":"3 Cultists","floor":28,"turns":3},{"damage":20,"enemies":"Gremlin Leader","floor":31,"turns":4},{"damage":2,"enemies":"Champ","floor":33,"turns":8},{"damage":2,"enemies":"3 Darklings","floor":35,"turns":4},{"damage":1,"enemies":"3 Shapes","floor":38,"turns":4},{"damage":6,"enemies":"2 Orb Walkers","floor":42,"turns":2},{"damage":0,"enemies":"Transient","floor":45,"turns":5},{"damage":0,"enemies":"Maw","floor":47,"turns":4},{"damage":2,"enemies":"4 Shapes","floor":48,"turns":3},{"damage":14,"enemies":"Donu and Deca","floor":50,"turns":4},{"damage":0,"enemies":"Shield and Spear","floor":54,"turns":3},{"damage":34,"enemies":"The Heart","floor":55,"turns":9}],"seed_played":"6532479582766766812","potions_obtained":[{"floor":5,"key":"Strength Potion"},{"floor":8,"key":"Energy Potion"},{"floor":10,"key":"FearPotion"},{"floor":11,"key":"GhostInAJar"},{"floor":16,"key":"Dexterity Potion"},{"floor":31,"key":"SpeedPotion"},{"floor":33,"key":"Weak Potion"}],"is_trial":false,"path_per_floor":["M","M","M","?","M","E","R","M","T","E","M","?","M","M","R","B",null,"M","$","?","M","M","R","?","R","T","E","M","?","$","E","R","B",null,"M","T","$","M","?","R","$","?","T","R","M","?","M","M","R","B",null,"R","$","E","B",null],"character_chosen":"THE_SILENT","items_purchased":["Infinite Blades","Accuracy","Membership Card","ClockworkSouvenir","Centennial Puzzle","Girya","Acrobatics","Kunai","Accuracy","Bag of Marbles","Sling"],"campfire_rested":0,"item_purchase_floors":[19,30,37,41,41,41,41,53,53,53,53],"current_hp_per_floor":[70,70,70,70,70,45,45,34,34,28,25,25,25,25,25,25,70,66,66,66,66,66,66,53,53,53,50,50,50,50,30,30,28,75,73,73,73,72,72,72,72,66,76,76,76,76,76,74,74,60,85,85,85,85,51],"gold":370,"neow_bonus":"RANDOM_COMMON_RELIC","is_prod":false,"is_daily":false,"chose_seed":false,"campfire_upgraded":6,"win_rate":0,"timestamp":1559443668,"path_taken":["M","M","M","?","M","E","R","?","T","E","M","?","M","?","R","BOSS","M","$","?","M","?","R","?","R","T","E","M","?","$","E","R","BOSS","M","?","?","M","?","R","$","?","T","R","M","?","?","M","R","BOSS","R","$","E","BOSS"],"build_version":"2019-01-23","purchased_purges":4,"victory":true,"max_hp_per_floor":[70,70,70,70,70,70,70,70,70,70,70,70,70,70,70,70,70,70,70,70,70,70,70,75,75,75,75,75,75,75,75,75,75,75,75,75,75,75,75,75,75,75,85,85,85,85,85,85,85,85,85,85,85,85,85],"card_choices":[{"not_picked":["Deflect","Slice"],"picked":"Cloak And Dagger","floor":1},{"not_picked":["Concentrate","Poisoned Stab"],"picked":"Noxious Fumes","floor":2},{"not_picked":["Dodge and Roll","Dagger Spray"],"picked":"Backflip","floor":3},{"not_picked":["Sucker Punch","Cloak And Dagger"],"picked":"Bouncing Flask","floor":5},{"not_picked":["Dodge and Roll","Prepared"],"picked":"Blade Dance","floor":6},{"not_picked":["Concentrate","Poisoned Stab"],"picked":"Dodge and Roll","floor":8},{"not_picked":["Eviscerate","Dagger Throw"],"picked":"Blur","floor":10},{"not_picked":["Cloak And Dagger","Acrobatics"],"picked":"Burst","floor":11},{"not_picked":["Poisoned Stab","Dodge and Roll"],"picked":"Backflip","floor":13},{"not_picked":["Outmaneuver","Bane"],"picked":"Corpse Explosion","floor":14},{"not_picked":["Doppelganger","Grand Finale"],"picked":"Adrenaline","floor":16},{"not_picked":["Flying Knee","PiercingWail","Poisoned Stab"],"picked":"SKIP","floor":18},{"not_picked":["Dagger Throw","Masterful Stab","Dodge and Roll"],"picked":"SKIP","floor":21},{"not_picked":["Flechettes+1","Deadly Poison"],"picked":"Cloak And Dagger+1","floor":22},{"not_picked":["Dodge and Roll","Prepared","All Out Attack"],"picked":"SKIP","floor":27},{"not_picked":["Noxious Fumes","Slice","Deflect"],"picked":"SKIP","floor":28},{"not_picked":["Slice","Night Terror"],"picked":"Storm of Steel","floor":31},{"not_picked":["Bullet Time","Phantasmal Killer"],"picked":"Tools of the Trade","floor":33},{"not_picked":["Acrobatics","Underhanded Strike+1"],"picked":"Outmaneuver+1","floor":35},{"not_picked":["Crippling Poison+1","Deadly Poison"],"picked":"Infinite Blades","floor":38},{"not_picked":["Slice","Setup+1"],"picked":"Backflip+1","floor":42},{"not_picked":["PiercingWail","Quick Slash"],"picked":"Acrobatics+1","floor":45},{"not_picked":["PiercingWail+1","Doppelganger","Dodge and Roll+1"],"picked":"SKIP","floor":47},{"not_picked":["Dodge and Roll","Storm of Steel"],"picked":"Acrobatics+1","floor":48},{"not_picked":["Underhanded Strike+1","Poisoned Stab+1","Crippling Poison+1"],"picked":"SKIP","floor":54}],"player_experience":179834,"relics_obtained":[{"floor":6,"key":"Shuriken"},{"floor":9,"key":"Ninja Scroll"},{"floor":10,"key":"PreservedInsect"},{"floor":26,"key":"War Paint"},{"floor":27,"key":"Boot"},{"floor":31,"key":"Whetstone"},{"floor":42,"key":"Thread and Needle"},{"floor":43,"key":"Pear"},{"floor":54,"key":"Ornamental Fan"}],"event_choices":[{"cards_removed":["Armaments"],"damage_healed":0,"gold_gain":0,"player_choice":"Took Card","damage_taken":0,"max_hp_gain":0,"max_hp_loss":0,"event_name":"NoteForYourself","floor":4,"gold_loss":0,"cards_obtained":["Armaments"]},{"damage_healed":0,"gold_gain":0,"player_choice":"Paid Gold","damage_taken":0,"relics_obtained":["Dead Branch"],"max_hp_gain":0,"max_hp_loss":0,"event_name":"WeMeetAgain","floor":12,"gold_loss":69},{"damage_healed":0,"gold_gain":0,"player_choice":"Bet on Murderer","damage_taken":0,"max_hp_gain":0,"max_hp_loss":0,"event_name":"The Joust","floor":20,"gold_loss":50},{"damage_healed":0,"gold_gain":0,"player_choice":"Shed Blood","damage_taken":18,"max_hp_gain":5,"max_hp_loss":0,"event_name":"Forgotten Altar","floor":24,"gold_loss":0},{"damage_healed":0,"gold_gain":0,"player_choice":"Traded Relic","damage_taken":0,"relics_obtained":["Nloth\u0027s Gift"],"max_hp_gain":0,"max_hp_loss":0,"event_name":"N\u0027loth","floor":29,"relics_lost":["Dead Branch"],"gold_loss":0},{"damage_healed":0,"gold_gain":999,"player_choice":"Gold","damage_taken":0,"max_hp_gain":0,"max_hp_loss":0,"event_name":"MindBloom","floor":39,"gold_loss":0,"cards_obtained":["Normality","Normality"]},{"damage_healed":0,"gold_gain":0,"player_choice":"Fight","damage_taken":0,"max_hp_gain":0,"max_hp_loss":0,"event_name":"Mysterious Sphere","floor":42,"gold_loss":0},{"cards_removed":["Strike_G"],"damage_healed":0,"gold_gain":0,"player_choice":"Removed Attack","damage_taken":0,"max_hp_gain":0,"max_hp_loss":0,"event_name":"Falling","floor":46,"gold_loss":0}],"is_beta":false,"boss_relics":[{"not_picked":["Fusion Hammer","Orrery"],"picked":"Coffee Dripper"},{"not_picked":["Philosopher\u0027s Stone","Pandora\u0027s Box"],"picked":"Sozu"}],"items_purged_floors":[19,30,41,53],"is_endless":false,"potions_floor_spawned":[5,8,10,11,16,21,31,33,38,45,54],"ascension_level":0}