{"gold_per_floor":[112,112,112,112,128,157,157,173,173,186,213,213,241,9,9,111,111,123,38,38,54,54,86,105,105],"floor_reached":25,"playtime":6668,"items_purged":[],"score":239,"play_id":"8e9f73a0-72e1-4401-8c74-6574b6ac7714","local_time":"20190114013138","is_ascension_mode":false,"campfire_choices":[{"floor":7,"key":"REST"},{"data":"White Noise","floor":12,"key":"SMITH"},{"floor":15,"key":"REST"}],"neow_cost":"NONE","seed_source_timestamp":725573906692699,"circlet_count":0,"master_deck":["Strike_B","Strike_B","Strike_B","Strike_B","Defend_B","Defend_B+1","Defend_B","Defend_B","Zap","Dualcast+1","Hologram","Glacier","Cold Snap+1","Self Repair","White Noise+1","All For One+1","Self Repair","FTL+1","Echo Form","Gash+1","Go for the Eyes+1","Thunder Strike+1","Heatsinks+1"],"relics":["Cracked Core","Molten Egg 2","Dodecahedron","Question Card","Oddly Smooth Stone","Dream Catcher","Black Star","Happy Flower","Enchiridion","Ornamental Fan","Ancient Tea Set"],"potions_floor_usage":[16,16,16],"damage_taken":[{"damage":2,"enemies":"2 Louse","floor":1,"turns":2},{"damage":6,"enemies":"Jaw Worm","floor":5,"turns":3},{"damage":14,"enemies":"3 Sentries","floor":6,"turns":8},{"damage":0,"enemies":"Small Slimes","floor":8,"turns":4},{"damage":0,"enemies":"Blue Slaver","floor":10,"turns":3},{"damage":20,"enemies":"Lagavulin","floor":11,"turns":7},{"damage":30,"enemies":"Gremlin Nob","floor":13,"turns":6},{"damage":43,"enemies":"Hexaghost","floor":16,"turns":13},{"damage":6,"enemies":"Spheric Guardian","floor":18,"turns":6},{"damage":21,"enemies":"3 Byrds","floor":21,"turns":6},{"damage":34,"enemies":"Book of Stabbing","floor":23,"turns":5},{"damage":12,"enemies":"Snake Plant","floor":24,"turns":4},{"damage":52,"enemies":"Gremlin Leader","floor":25,"turns":4}],"seed_played":"1856778804455338359","potions_obtained":[{"floor":1,"key":"SmokeBomb"},{"floor":10,"key":"Strength Potion"},{"floor":13,"key":"EntropicBrew"},{"floor":16,"key":"SpeedPotion"},{"floor":23,"key":"Explosive Potion"}],"is_trial":false,"path_per_floor":["M","?","?","?","M","E","R","M","T","M","E","R","E","$","R","B",null,"M","?","?","M","?","E","M","E"],"character_chosen":"DEFECT","items_purchased":["All For One+1","Self Repair"],"campfire_rested":2,"item_purchase_floors":[14,14],"current_hp_per_floor":[80,64,64,57,51,37,61,61,61,61,48,48,25,25,49,20,82,82,82,82,82,66,46,48,0],"gold":105,"neow_bonus":"TEN_PERCENT_HP_BONUS","is_prod":false,"is_daily":false,"chose_seed":false,"campfire_upgraded":1,"win_rate":0.0,"timestamp":1547447498,"path_taken":["M","?","?","?","M","E","R","M","T","M","E","R","E","$","R","BOSS","M","?","?","M","?","E","M","E"],"build_version":"2019-01-10","purchased_purges":0,"victory":false,"max_hp_per_floor":[82,82,82,82,82,82,82,82,82,82,82,82,82,82,82,82,82,82,82,82,82,82,82,82,82],"card_choices":[{"not_picked":["Compile Driver","Stack"],"picked":"Hologram","floor":1},{"not_picked":["Capacitor","Hologram"],"picked":"Glacier","floor":5},{"not_picked":["Steam","Force Field","Compile Driver+1"],"picked":"SKIP","floor":6},{"not_picked":["Skim","Reprogram"],"picked":"Cold Snap+1","floor":8},{"not_picked":["Melter+1","Seek","Hologram"],"picked":"Self Repair","floor":10},{"not_picked":["Double Energy","Cold Snap+1","Steam Power"],"picked":"White Noise","floor":11},{"not_picked":["Streamline+1","Rebound+1","Steam","Chaos"],"picked":"SKIP","floor":13},{"not_picked":["Defragment","Leap","Streamline+1"],"picked":"FTL+1","floor":15},{"not_picked":["Rainbow","Fission","Biased Cognition"],"picked":"Echo Form","floor":16},{"not_picked":["Reinforced Body","Cold Snap+1","Capacitor"],"picked":"Gash+1","floor":18},{"not_picked":["Beam Cell+1","Cold Snap+1","Lockon+1"],"picked":"Go for the Eyes+1","floor":21},{"not_picked":["Biased Cognition","Rebound+1","BootSequence"],"picked":"Thunder Strike+1","floor":23},{"not_picked":["Cold Snap+1","Static Discharge+1","Go for the Eyes+1"],"picked":"Heatsinks+1","floor":24}],"player_experience":42284,"relics_obtained":[{"floor":6,"key":"Dodecahedron"},{"floor":9,"key":"Question Card"},{"floor":11,"key":"Oddly Smooth Stone"},{"floor":13,"key":"Dream Catcher"},{"floor":22,"key":"Enchiridion"},{"floor":23,"key":"Ornamental Fan"},{"floor":23,"key":"Ancient Tea Set"}],"event_choices":[{"damage_healed":0,"gold_gain":0,"player_choice":"Entered Light","damage_taken":16,"max_hp_gain":0,"max_hp_loss":0,"event_name":"Shining Light","floor":2,"gold_loss":0,"cards_upgraded":["Defend_B","Dualcast"]},{"damage_healed":0,"gold_gain":0,"player_choice":"Box","damage_taken":0,"relics_obtained":["Molten Egg 2"],"max_hp_gain":0,"max_hp_loss":0,"event_name":"Big Fish","floor":3,"gold_loss":0,"cards_obtained":["Regret"]},{"cards_removed":["Regret"],"damage_healed":0,"gold_gain":0,"player_choice":"Card Removal","damage_taken":7,"max_hp_gain":0,"max_hp_loss":0,"event_name":"Golden Wing","floor":4,"gold_loss":0},{"damage_healed":0,"gold_gain":0,"player_choice":"Obtained Relic","damage_taken":0,"relics_obtained":["Happy Flower"],"max_hp_gain":0,"max_hp_loss":0,"event_name":"Addict","floor":19,"gold_loss":85},{"damage_healed":0,"gold_gain":0,"player_choice":"Ignored","damage_taken":0,"max_hp_gain":0,"max_hp_loss":0,"event_name":"Beggar","floor":20,"gold_loss":0},{"damage_healed":0,"gold_gain":0,"player_choice":"Obtained Book","damage_taken":16,"max_hp_gain":0,"max_hp_loss":0,"event_name":"Cursed Tome","floor":22,"gold_loss":0}],"is_beta":false,"boss_relics":[{"not_picked":["Runic Dome","Nuclear Battery"],"picked":"Black Star"}],"items_purged_floors":[],"is_endless":false,"potions_floor_spawned":[1,10,13,16,18,23],"killed_by":"Gremlin Leader","ascension_level":0}