{"gold_per_floor":[117,87,104,114,39,74,89,124,205,235,235,249,249,249,249,249],"floor_reached":16,"playtime":752,"items_purged":["Strike_R"],"score":144,"play_id":"47199a71-f3c8-4852-a6eb-52269d7dd80b","local_time":"20190515170422","is_ascension_mode":true,"campfire_choices":[{"data":"Armaments","floor":11,"key":"SMITH"},{"data":"True Grit","floor":13,"key":"SMITH"},{"floor":15,"key":"REST"}],"neow_cost":"NONE","seed_source_timestamp":773844732742700,"circlet_count":0,"master_deck":["Strike_R","Strike_R","Strike_R+1","Strike_R","Defend_R","Defend_R","Defend_R","Defend_R","Bash","Iron Wave","True Grit+1","Armaments+1","Iron Wave","Battle Trance","Rampage+1","Spot Weakness","Burning Pact"],"relics":["Burning Blood","PreservedInsect","Happy Flower","WingedGreaves","Bottled Lightning","Bag of Preparation"],"potions_floor_usage":[8],"damage_taken":[{"damage":7,"enemies":"Jaw Worm","floor":1,"turns":3},{"damage":1,"enemies":"Cultist","floor":3,"turns":3},{"damage":3,"enemies":"Small Slimes","floor":4,"turns":4},{"damage":27,"enemies":"Gremlin Nob","floor":6,"turns":5},{"damage":6,"enemies":"Looter","floor":7,"turns":3},{"damage":5,"enemies":"3 Sentries","floor":8,"turns":6},{"damage":30,"enemies":"Gremlin Nob","floor":10,"turns":4},{"damage":3,"enemies":"Exordium Wildlife","floor":12,"turns":6},{"damage":47,"enemies":"Slime Boss","floor":16,"turns":8}],"seed_played":"-8012954803519532465","potions_obtained":[{"floor":1,"key":"Fire Potion"},{"floor":2,"key":"FearPotion"},{"floor":2,"key":"FearPotion"},{"floor":3,"key":"Ancient Potion"},{"floor":7,"key":"LiquidBronze"},{"floor":10,"key":"SpeedPotion"}],"is_trial":false,"path_per_floor":["M","?","M","M","$","E","M","E","T","E","R","M","R","?","R","B"],"character_chosen":"IRONCLAD","items_purchased":[],"campfire_rested":1,"item_purchase_floors":[],"current_hp_per_floor":[79,79,80,80,80,59,59,60,60,36,36,39,39,23,47,0],"gold":249,"neow_bonus":"RANDOM_COMMON_RELIC","is_prod":false,"is_daily":false,"chose_seed":false,"campfire_upgraded":2,"win_rate":0,"timestamp":1557920062,"path_taken":["M","?","M","?","?","E","M","E","T","E","R","M","R","?","R","BOSS"],"build_version":"2019-01-23","purchased_purges":1,"victory":false,"max_hp_per_floor":[80,80,80,80,80,80,80,80,80,80,80,80,80,80,80,80],"card_choices":[{"not_picked":["Entrench","Disarm"],"picked":"Iron Wave","floor":1},{"not_picked":["Clash","Combust"],"picked":"True Grit","floor":3},{"not_picked":["Intimidate","Havoc"],"picked":"Armaments","floor":4},{"not_picked":["Rage","Twin Strike"],"picked":"Iron Wave","floor":6},{"not_picked":["Flex","Infernal Blade"],"picked":"Battle Trance","floor":7},{"not_picked":["Warcry","Armaments"],"picked":"Rampage","floor":8},{"not_picked":["Sword Boomerang","Twin Strike"],"picked":"Spot Weakness","floor":10},{"not_picked":["Dropkick","Thunderclap"],"picked":"Burning Pact","floor":12}],"player_experience":193616,"relics_obtained":[{"floor":6,"key":"Happy Flower"},{"floor":8,"key":"WingedGreaves"},{"floor":9,"key":"Bottled Lightning"},{"floor":10,"key":"Bag of Preparation"}],"event_choices":[{"damage_healed":0,"gold_gain":0,"player_choice":"Bought 2 Potions","damage_taken":0,"max_hp_gain":0,"max_hp_loss":0,"event_name":"The Woman in Blue","floor":2,"gold_loss":0},{"damage_healed":0,"gold_gain":0,"player_choice":"Entered Light","damage_taken":16,"max_hp_gain":0,"max_hp_loss":0,"event_name":"Shining Light","floor":14,"gold_loss":0,"cards_upgraded":["Rampage","Strike_R"]}],"is_beta":false,"boss_relics":[],"items_purged_floors":[5],"is_endless":false,"potions_floor_spawned":[1,3,7,10],"killed_by":"Slime Boss","ascension_level":4}