{"gold_per_floor":[117,42,56,72,72,72,72,87,136,164,174,22,40,57,57,155,155,165,182,182,136,152,152,171,187,268,281,2,2,2],"floor_reached":30,"playtime":1579,"items_purged":["Strike_R"],"score":332,"play_id":"f2024a66-d562-48e4-b867-79f033767942","local_time":"20190525013739","is_ascension_mode":true,"campfire_choices":[{"data":"Bash","floor":6,"key":"SMITH"},{"data":"Immolate","floor":15,"key":"SMITH"},{"data":"Metallicize","floor":23,"key":"SMITH"}],"neow_cost":"NONE","seed_source_timestamp":44801858260300,"circlet_count":0,"master_deck":["Strike_R","Strike_R","Strike_R","Strike_R","Defend_R","Defend_R","Defend_R","Defend_R","Bash+1","Anger","Shrug It Off","Metallicize+1","Iron Wave","Uppercut","Inflame","Immolate+1","Pummel","Feed+1","Burning Pact+1","True Grit","Body Slam+1","Armaments","Corruption","Sentinel"],"relics":["Burning Blood","Vajra","Pen Nib","Potion Belt","Mark of Pain","Darkstone Periapt","Membership Card"],"potions_floor_usage":[8,22],"damage_taken":[{"damage":1,"enemies":"Cultist","floor":1,"turns":3},{"damage":4,"enemies":"2 Louse","floor":3,"turns":3},{"damage":0,"enemies":"Small Slimes","floor":4,"turns":3},{"damage":32,"enemies":"Gremlin Gang","floor":8,"turns":6},{"damage":21,"enemies":"Lagavulin","floor":10,"turns":5},{"damage":20,"enemies":"Exordium Thugs","floor":11,"turns":6},{"damage":4,"enemies":"Red Slaver","floor":13,"turns":4},{"damage":4,"enemies":"Blue Slaver","floor":14,"turns":3},{"damage":24,"enemies":"The Guardian","floor":16,"turns":10},{"damage":20,"enemies":"Shell Parasite","floor":18,"turns":5},{"damage":12,"enemies":"2 Thieves","floor":19,"turns":3},{"damage":16,"enemies":"Cultist and Chosen","floor":22,"turns":6},{"damage":16,"enemies":"Snecko","floor":24,"turns":5},{"damage":0,"enemies":"3 Cultists","floor":25,"turns":5},{"damage":16,"enemies":"Cultist and Chosen","floor":27,"turns":7},{"damage":44,"enemies":"Gremlin Leader","floor":30,"turns":9}],"seed_played":"-5711696488976569843","potions_obtained":[{"floor":0,"key":"EssenceOfSteel"},{"floor":0,"key":"LiquidBronze"},{"floor":0,"key":"LiquidBronze"},{"floor":4,"key":"Fire Potion"},{"floor":10,"key":"Strength Potion"},{"floor":13,"key":"BloodPotion"},{"floor":14,"key":"SpeedPotion"},{"floor":18,"key":"FearPotion"},{"floor":24,"key":"AttackPotion"}],"is_trial":false,"path_per_floor":["M","$","M","M","?","R","?","M","T","E","M","$","M","M","R","B",null,"M","M","?","$","M","R","M","M","T","M","$","?","E"],"character_chosen":"IRONCLAD","items_purchased":["Immolate","True Grit","Membership Card","Corruption","Sentinel"],"campfire_rested":0,"item_purchase_floors":[12,21,28,28,28],"current_hp_per_floor":[77,77,79,80,85,85,85,59,59,44,30,30,32,34,34,16,68,54,51,51,51,53,53,43,53,53,43,43,43,0],"gold":2,"neow_bonus":"THREE_SMALL_POTIONS","is_prod":false,"is_daily":false,"chose_seed":false,"campfire_upgraded":3,"win_rate":0,"timestamp":1558728459,"path_taken":["M","$","?","M","?","R","?","?","T","E","M","?","M","?","R","BOSS","M","M","?","$","?","R","M","M","T","M","?","?","E"],"build_version":"2019-01-23","purchased_purges":1,"victory":false,"max_hp_per_floor":[80,80,80,80,85,85,85,85,85,85,85,85,85,85,85,85,85,85,88,88,88,92,92,92,96,96,96,96,96,96],"card_choices":[{"not_picked":["Thunderclap","Pummel"],"picked":"Anger","floor":1},{"not_picked":["Headbutt","Dual Wield"],"picked":"Shrug It Off","floor":3},{"not_picked":["Shrug It Off","True Grit"],"picked":"Metallicize","floor":4},{"not_picked":["Dual Wield","Seeing Red"],"picked":"Iron Wave","floor":8},{"not_picked":["Rupture","Warcry"],"picked":"Uppercut","floor":10},{"not_picked":["Rage","Hemokinesis"],"picked":"Inflame","floor":11},{"not_picked":["Pommel Strike","Power Through","Shrug It Off"],"picked":"SKIP","floor":13},{"not_picked":["Anger","Pommel Strike"],"picked":"Pummel","floor":14},{"not_picked":["Exhume","Offering"],"picked":"Feed","floor":16},{"not_picked":["Intimidate","Anger"],"picked":"Burning Pact+1","floor":18},{"not_picked":["Heavy Blade","Anger+1","Headbutt"],"picked":"SKIP","floor":19},{"not_picked":["Rampage+1","Thunderclap","Flex"],"picked":"SKIP","floor":22},{"not_picked":["Seeing Red","Blood for Blood"],"picked":"Body Slam+1","floor":24},{"not_picked":["Wild Strike","Perfected Strike+1"],"picked":"Armaments","floor":25},{"not_picked":["Second Wind","Headbutt","Double Tap"],"picked":"SKIP","floor":27}],"player_experience":222547,"relics_obtained":[{"floor":9,"key":"Pen Nib"},{"floor":10,"key":"Potion Belt"},{"floor":26,"key":"Darkstone Periapt"}],"event_choices":[{"damage_healed":0,"gold_gain":0,"player_choice":"Donut","damage_taken":0,"max_hp_gain":5,"max_hp_loss":0,"event_name":"Big Fish","floor":5,"gold_loss":0},{"damage_healed":0,"gold_gain":0,"player_choice":"Gave Potion","damage_taken":0,"relics_obtained":["Vajra"],"max_hp_gain":0,"max_hp_loss":0,"event_name":"WeMeetAgain","floor":7,"gold_loss":0},{"damage_healed":0,"gold_gain":0,"player_choice":"Upgraded","damage_taken":0,"max_hp_gain":0,"max_hp_loss":0,"event_name":"Upgrade Shrine","floor":20,"gold_loss":0,"cards_upgraded":["Feed"]},{"damage_healed":0,"gold_gain":0,"player_choice":"0 cards matched","damage_taken":0,"max_hp_gain":0,"max_hp_loss":0,"event_name":"Match and Keep!","floor":29,"gold_loss":0,"cards_obtained":[]}],"is_beta":false,"boss_relics":[{"not_picked":["Pandora\u0027s Box","Ectoplasm"],"picked":"Mark of Pain"}],"items_purged_floors":[2],"is_endless":false,"potions_floor_spawned":[1,4,10,13,14,18,19,24],"killed_by":"Gremlin Leader","ascension_level":6}