{"gold_per_floor":[114,114,126,137,212,212,36,48,48,59,59,77,108,108,108,197,197,137,160,10,35,48,48,82,82,107,126,1,1,1,19,19,19],"floor_reached":33,"playtime":1909,"items_purged":["Strike_G","Injury","Doubt"],"score":481,"play_id":"f7269379-48df-46dc-8713-19191ba28560","local_time":"20190530200303","is_ascension_mode":true,"campfire_choices":[{"data":"A Thousand Cuts","floor":6,"key":"SMITH"},{"floor":11,"key":"REST"},{"floor":15,"key":"REST"},{"floor":23,"key":"REST"},{"data":"Malaise","floor":25,"key":"SMITH"},{"floor":30,"key":"REST"},{"floor":32,"key":"REST"}],"neow_cost":"NONE","seed_source_timestamp":950655041974751,"circlet_count":0,"master_deck":["AscendersBane","Defend_G","Defend_G","Defend_G","Defend_G","Defend_G","Strike_G","Strike_G","Strike_G","Strike_G","Survivor+1","Neutralize","A Thousand Cuts+1","Underhanded Strike","PiercingWail","Poisoned Stab","Caltrops","Noxious Fumes","Backflip","Envenom","Cloak And Dagger+1","Malaise+1","Deflect","Slice+1","Quick Slash","Deflect","Dagger Spray","PiercingWail"],"relics":["Ring of the Snake","Kunai","Ornamental Fan","Golden Idol","Cursed Key","Pen Nib","War Paint"],"potions_floor_usage":[13,16,16,16,24,29,33],"damage_taken":[{"damage":0,"enemies":"Small Slimes","floor":1,"turns":4},{"damage":10,"enemies":"Jaw Worm","floor":3,"turns":7},{"damage":3,"enemies":"2 Louse","floor":4,"turns":3},{"damage":0,"enemies":"Exordium Wildlife","floor":8,"turns":4},{"damage":14,"enemies":"Looter","floor":10,"turns":4},{"damage":13,"enemies":"3 Louse","floor":12,"turns":3},{"damage":29,"enemies":"Gremlin Nob","floor":13,"turns":5},{"damage":15,"enemies":"Hexaghost","floor":16,"turns":10},{"damage":15,"enemies":"2 Thieves","floor":18,"turns":4},{"damage":0,"enemies":"3 Byrds","floor":19,"turns":6},{"damage":13,"enemies":"Centurion and Healer","floor":21,"turns":9},{"damage":9,"enemies":"Snake Plant","floor":22,"turns":7},{"damage":8,"enemies":"Book of Stabbing","floor":24,"turns":8},{"damage":15,"enemies":"Sentry and Sphere","floor":27,"turns":10},{"damage":0,"enemies":"Colosseum Slavers","floor":29,"turns":4},{"damage":10,"enemies":"Snecko","floor":31,"turns":5},{"damage":49,"enemies":"Automaton","floor":33,"turns":8}],"seed_played":"6839979573369251410","potions_obtained":[{"floor":3,"key":"SpeedPotion"},{"floor":10,"key":"Energy Potion"},{"floor":13,"key":"SkillPotion"},{"floor":16,"key":"Fruit Juice"},{"floor":22,"key":"Block Potion"},{"floor":24,"key":"SpeedPotion"},{"floor":31,"key":"PowerPotion"}],"is_trial":false,"path_per_floor":["M","?","M","M","?","R","$","M","T","M","R","M","E","?","R","B",null,"M","M","$","M","M","R","E","R","T","M","$","?","R","M","R","B"],"character_chosen":"THE_SILENT","items_purchased":["Poisoned Stab","Caltrops","Quick Slash"],"campfire_rested":5,"item_purchase_floors":[7,7,20],"current_hp_per_floor":[59,64,54,51,40,40,40,40,40,26,47,34,5,5,26,16,61,46,46,46,33,24,46,38,38,38,23,23,23,45,35,57,8],"gold":19,"neow_bonus":"ONE_RANDOM_RARE_CARD","is_prod":false,"is_daily":false,"chose_seed":false,"campfire_upgraded":2,"win_rate":0,"timestamp":1559271783,"path_taken":["M","?","M","M","?","R","$","M","T","M","R","M","E","?","R","BOSS","M","M","$","M","M","R","E","R","T","M","$","?","R","M","R","BOSS"],"build_version":"2019-01-23","purchased_purges":3,"victory":false,"max_hp_per_floor":[66,71,71,71,71,71,71,71,71,71,71,71,71,71,71,76,76,76,76,76,76,76,76,76,76,76,76,76,76,76,76,76,76],"card_choices":[{"not_picked":["Flying Knee","Backflip"],"picked":"Underhanded Strike","floor":1},{"not_picked":["Slice","Terror"],"picked":"PiercingWail","floor":3},{"not_picked":["Acrobatics","Eviscerate","Heel Hook"],"picked":"SKIP","floor":4},{"not_picked":["Storm of Steel","Cloak And Dagger"],"picked":"Noxious Fumes","floor":8},{"not_picked":["Dagger Throw","Prepared"],"picked":"Backflip","floor":10},{"not_picked":["Outmaneuver","Blur"],"picked":"Envenom","floor":12},{"not_picked":["Corpse Explosion","Outmaneuver"],"picked":"Cloak And Dagger","floor":13},{"not_picked":["Doppelganger","A Thousand Cuts"],"picked":"Malaise","floor":16},{"not_picked":["Calculated Gamble","Dagger Throw"],"picked":"Deflect","floor":18},{"not_picked":["Noxious Fumes","Backflip"],"picked":"Slice+1","floor":19},{"not_picked":["Skewer","Concentrate"],"picked":"Deflect","floor":21},{"not_picked":["Outmaneuver","Sucker Punch"],"picked":"Dagger Spray","floor":22},{"not_picked":["Dagger Throw","Choke","Underhanded Strike"],"picked":"SKIP","floor":24},{"not_picked":["Flying Knee","Setup","Deadly Poison"],"picked":"SKIP","floor":27},{"not_picked":["Dagger Spray","Doppelganger"],"picked":"PiercingWail","floor":31}],"player_experience":505217,"relics_obtained":[{"floor":9,"key":"Kunai"},{"floor":13,"key":"Ornamental Fan"},{"floor":24,"key":"Pen Nib"},{"floor":26,"key":"War Paint"}],"event_choices":[{"damage_healed":0,"gold_gain":0,"player_choice":"Donut","damage_taken":0,"max_hp_gain":5,"max_hp_loss":0,"event_name":"Big Fish","floor":2,"gold_loss":0},{"damage_healed":0,"gold_gain":75,"player_choice":"Gather Gold","damage_taken":11,"max_hp_gain":0,"max_hp_loss":0,"event_name":"World of Goop","floor":5,"gold_loss":0},{"damage_healed":0,"gold_gain":0,"player_choice":"Take Wound","damage_taken":0,"relics_obtained":["Golden Idol"],"max_hp_gain":0,"max_hp_loss":0,"event_name":"Golden Idol","floor":14,"gold_loss":0,"cards_obtained":["Injury"]},{"damage_healed":0,"gold_gain":0,"player_choice":"Fight","damage_taken":0,"max_hp_gain":0,"max_hp_loss":0,"event_name":"Colosseum","floor":29,"gold_loss":0},{"damage_healed":0,"gold_gain":0,"player_choice":"Fled From Nobs","damage_taken":0,"max_hp_gain":0,"max_hp_loss":0,"event_name":"Colosseum","floor":29,"gold_loss":0}],"is_beta":false,"boss_relics":[{"not_picked":["Eternal Feather","White Beast Statue"],"picked":"Cursed Key"}],"items_purged_floors":[7,20,28],"is_endless":false,"potions_floor_spawned":[3,10,13,16,22,24,29,31],"killed_by":"Automaton","ascension_level":16}