{"gold_per_floor":[115,134,59,76,90,124,144,144,144,144,178,194,211,225,225,225],"floor_reached":16,"playtime":3657,"items_purged":["Parasite"],"score":116,"play_id":"30232683-dd17-4f85-b0ad-8ad31ea48f5d","local_time":"20190530204223","is_ascension_mode":false,"campfire_choices":[{"data":"Armaments","floor":10,"key":"SMITH"},{"data":"True Grit","floor":15,"key":"SMITH"}],"neow_cost":"CURSE","seed_source_timestamp":1074005892680459,"circlet_count":0,"master_deck":["Strike_R","Strike_R","Strike_R","Strike_R","Strike_R","Defend_R","Defend_R","Defend_R","Defend_R","Bash","Fiend Fire","Seeing Red","Ghostly Armor","Armaments+1","Impervious","Power Through","Pummel","True Grit+1","Cleave","Shrug It Off"],"relics":["Burning Blood","Gremlin Horn","Question Card","Bottled Lightning"],"potions_floor_usage":[11,12,16,16],"damage_taken":[{"damage":6,"enemies":"Jaw Worm","floor":1,"turns":2},{"damage":0,"enemies":"Cultist","floor":2,"turns":2},{"damage":0,"enemies":"2 Louse","floor":4,"turns":2},{"damage":11,"enemies":"Blue Slaver","floor":5,"turns":4},{"damage":42,"enemies":"Lagavulin","floor":6,"turns":12},{"damage":7,"enemies":"Red Slaver","floor":7,"turns":4},{"damage":7,"enemies":"Gremlin Nob","floor":11,"turns":4},{"damage":0,"enemies":"Large Slime","floor":12,"turns":5},{"damage":3,"enemies":"Gremlin Gang","floor":13,"turns":9},{"damage":17,"enemies":"Exordium Thugs","floor":14,"turns":4},{"damage":32,"enemies":"The Guardian","floor":16,"turns":17}],"seed_played":"3262217389906195528","potions_obtained":[{"floor":1,"key":"Weak Potion"},{"floor":4,"key":"SmokeBomb"},{"floor":6,"key":"Dexterity Potion"},{"floor":8,"key":"SteroidPotion"},{"floor":8,"key":"Energy Potion"},{"floor":14,"key":"Poison Potion"}],"is_trial":false,"path_per_floor":["M","M","$","M","M","E","M","?","T","R","E","M","M","M","R","B"],"character_chosen":"IRONCLAD","items_purchased":[],"campfire_rested":0,"item_purchase_floors":[],"current_hp_per_floor":[80,80,77,77,72,36,35,35,35,35,34,40,43,32,32,0],"gold":225,"neow_bonus":"THREE_RARE_CARDS","is_prod":false,"is_daily":false,"chose_seed":false,"campfire_upgraded":2,"win_rate":0,"timestamp":1559274143,"path_taken":["M","M","$","M","M","E","M","?","T","R","E","M","?","M","R","BOSS"],"build_version":"2019-01-23","purchased_purges":1,"victory":false,"max_hp_per_floor":[80,80,77,77,77,77,77,77,77,77,77,77,77,77,77,77],"card_choices":[{"not_picked":["Dark Embrace","Impervious"],"picked":"Fiend Fire","floor":0},{"not_picked":["Uppercut","Wild Strike"],"picked":"Seeing Red","floor":1},{"not_picked":["Havoc","Clash"],"picked":"Ghostly Armor","floor":2},{"not_picked":["Perfected Strike","Warcry","Hemokinesis"],"picked":"SKIP","floor":4},{"not_picked":["Thunderclap","Hemokinesis"],"picked":"Armaments","floor":5},{"not_picked":["Body Slam","Dropkick"],"picked":"Impervious","floor":6},{"not_picked":["Flex","Pommel Strike"],"picked":"Power Through","floor":7},{"not_picked":["Searing Blow","Ghostly Armor","Headbutt"],"picked":"Pummel","floor":11},{"not_picked":["Twin Strike","Thunderclap","Warcry"],"picked":"True Grit","floor":12},{"not_picked":["Heavy Blade","Flex","Twin Strike"],"picked":"Cleave","floor":13},{"not_picked":["True Grit","Iron Wave","Thunderclap"],"picked":"Shrug It Off","floor":14}],"player_experience":119247,"relics_obtained":[{"floor":6,"key":"Gremlin Horn"},{"floor":9,"key":"Question Card"},{"floor":11,"key":"Bottled Lightning"}],"event_choices":[{"damage_healed":0,"gold_gain":0,"player_choice":"Got Potions","damage_taken":0,"max_hp_gain":0,"max_hp_loss":0,"event_name":"Lab","floor":8,"gold_loss":0}],"is_beta":false,"boss_relics":[],"items_purged_floors":[3],"is_endless":false,"potions_floor_spawned":[1,4,6,14],"killed_by":"The Guardian","ascension_level":0}