{"gold_per_floor":[111,57,71,90,90,115,43,43,343,374,374,374,299,310,310,408,408,391,391,404,47,65,97,97,97,121,121,153,163,175,175],"floor_reached":31,"playtime":2521,"items_purged":["Zap","Strike_B"],"score":311,"play_id":"8e37a9e8-ca88-463d-937e-8393d2ff52be","local_time":"20190210002534","is_ascension_mode":true,"campfire_choices":[{"data":"Go for the Eyes","floor":12.0,"key":"SMITH"},{"floor":15.0,"key":"REST"},{"floor":25.0,"key":"REST"},{"data":"Creative AI","floor":27.0,"key":"SMITH"}],"neow_cost":"NONE","seed_source_timestamp":424417921269496,"circlet_count":0,"master_deck":["Strike_B","Defend_B","Defend_B","Defend_B","Rebound+1","Echo Form+1","Reprogram+1","Go for the Eyes+1","Cold Snap","Sweeping Beam","Glacier","Conserve Battery","Creative AI+1","Cold Snap","Rip and Tear","Skim","FTL","Self Repair"],"special_seed":0,"relics":["Astrolabe","Ice Cream","Old Coin","Bottled Tornado","Eternal Feather","Medical Kit","Pear","Bag of Marbles","Pen Nib"],"potions_floor_usage":[],"damage_taken":[{"damage":2.0,"enemies":"Jaw Worm","floor":1.0,"turns":3.0},{"damage":7.0,"enemies":"Small Slimes","floor":3.0,"turns":3.0},{"damage":2.0,"enemies":"Cultist","floor":4.0,"turns":4.0},{"damage":5.0,"enemies":"Lagavulin","floor":6.0,"turns":7.0},{"damage":10.0,"enemies":"Gremlin Nob","floor":10.0,"turns":5.0},{"damage":11.0,"enemies":"Looter","floor":14.0,"turns":4.0},{"damage":20.0,"enemies":"The Guardian","floor":16.0,"turns":13.0},{"damage":13.0,"enemies":"2 Thieves","floor":18.0,"turns":5.0},{"damage":8.0,"enemies":"Chosen","floor":20.0,"turns":10.0},{"damage":0.0,"enemies":"Snecko","floor":22.0,"turns":8.0},{"damage":30.0,"enemies":"Book of Stabbing","floor":23.0,"turns":9.0},{"damage":25.0,"enemies":"Slavers","floor":28.0,"turns":7.0},{"damage":21,"enemies":"Snake Plant","floor":29,"turns":7},{"damage":16,"enemies":"Shelled Parasite and Fungi","floor":30,"turns":7},{"damage":10,"enemies":"Gremlin Leader","floor":31,"turns":1}],"seed_played":"1735775478852404292","potions_obtained":[{"floor":1.0,"key":"Ancient Potion"},{"floor":10.0,"key":"Strength Potion"},{"floor":14.0,"key":"FocusPotion"},{"floor":16.0,"key":"Weak Potion"},{"floor":22.0,"key":"Explosive Potion"}],"is_trial":false,"path_per_floor":["M","$","M","M","?","E","$","?","T","E","?","R","$","M","R","B",null,"M","?","M","$","M","E","?","R","T","R","E","M","M","E"],"character_chosen":"DEFECT","items_purchased":["Cold Snap","Glacier","Cold Snap","Medical Kit"],"campfire_rested":2,"item_purchase_floors":[2,7,21,21],"current_hp_per_floor":[73,73,66,64,64,59,59,59,59,49,49,49,49,38,60,40,75,62,55,47,47,47,27,27,61,61,70,45,24,8,0],"gold":175,"neow_bonus":"BOSS_RELIC","is_prod":false,"is_daily":false,"chose_seed":false,"campfire_upgraded":2,"win_rate":0,"timestamp":1549747534,"path_taken":["M","$","M","M","?","E","$","?","T","E","?","R","$","M","R","BOSS","M","?","?","$","M","E","?","R","T","R","E","?","M","E"],"build_version":"2019-01-23","purchased_purges":2,"victory":false,"max_hp_per_floor":[75,75,75,75,75,75,75,75,75,75,75,75,75,75,75,75,75,75,75,75,75,75,85,85,85,85,85,85,85,85,85],"card_choices":[{"not_picked":["Melter","Compile Driver"],"picked":"Go for the Eyes","floor":1.0},{"not_picked":["Turbo","Barrage","Go for the Eyes"],"picked":"SKIP","floor":3.0},{"not_picked":["Stack","Beam Cell","Gash"],"picked":"SKIP","floor":4.0},{"not_picked":["Force Field","Steam Power"],"picked":"Sweeping Beam","floor":6.0},{"not_picked":["Undo","Amplify","Stack"],"picked":"SKIP","floor":10.0},{"not_picked":["Coolheaded","Melter"],"picked":"Conserve Battery","floor":14.0},{"not_picked":["Amplify","Meteor Strike"],"picked":"Creative AI","floor":16.0},{"not_picked":["Leap","Rip and Tear","Steam"],"picked":"SKIP","floor":18.0},{"not_picked":["Stack","Ball Lightning","Go for the Eyes"],"picked":"SKIP","floor":20.0},{"not_picked":["Rebound","Compile Driver"],"picked":"Rip and Tear","floor":22.0},{"not_picked":["Compile Driver","Biased Cognition","Electrodynamics"],"picked":"SKIP","floor":23.0},{"not_picked":["Hello World","Heatsinks"],"picked":"Skim","floor":28.0},{"not_picked":["Steam+1","Sweeping Beam"],"picked":"FTL","floor":29},{"not_picked":["Gash","Aggregate"],"picked":"Self Repair","floor":30}],"player_experience":614322,"relics_obtained":[{"floor":6.0,"key":"Ice Cream"},{"floor":9.0,"key":"Old Coin"},{"floor":10.0,"key":"Bottled Tornado"},{"floor":23.0,"key":"Pear"},{"floor":26.0,"key":"Bag of Marbles"},{"floor":28.0,"key":"Pen Nib"}],"event_choices":[{"damage_healed":0.0,"max_hp_gain":0.0,"max_hp_loss":0.0,"gold_gain":0.0,"event_name":"Liars Game","player_choice":"Ignored","floor":5.0,"gold_loss":0.0,"damage_taken":0.0},{"damage_healed":0.0,"max_hp_gain":0.0,"max_hp_loss":0.0,"gold_gain":0.0,"event_name":"Scrap Ooze","player_choice":"Fled","floor":8.0,"gold_loss":0.0,"damage_taken":0.0},{"damage_healed":0.0,"max_hp_gain":0.0,"max_hp_loss":0.0,"gold_gain":0.0,"event_name":"Dead Adventurer","player_choice":"Searched \u00270\u0027 times","floor":11.0,"gold_loss":0.0,"damage_taken":0.0},{"damage_healed":0.0,"max_hp_gain":0.0,"max_hp_loss":0.0,"gold_gain":0.0,"event_name":"Knowing Skull","player_choice":"","floor":19.0,"potions_obtained":[],"gold_loss":0.0,"damage_taken":7.0,"cards_obtained":[]},{"cards_removed":["Dualcast"],"damage_healed":0.0,"max_hp_gain":0.0,"max_hp_loss":0.0,"gold_gain":0.0,"event_name":"Purifier","player_choice":"Purged","floor":24.0,"gold_loss":0.0,"damage_taken":0.0}],"is_beta":false,"boss_relics":[{"not_picked":["Black Star","Nuclear Battery"],"picked":"Eternal Feather"}],"items_purged_floors":[13,21],"is_endless":false,"potions_floor_spawned":[1,10,14,16,22],"killed_by":"Gremlin Leader","ascension_level":2}