{"gold_per_floor":[115,1,12,12,12,40,40,40,40,60,75,150,150,170,170,244,244,263,313,313,4,4,329,349,349,349,349,361,378,378,378],"floor_reached":31,"playtime":901,"items_purged":["Strike_R","Strike_R"],"score":528,"play_id":"438b65c3-3ee6-412a-a0fa-9485fdcc6161","local_time":"20190515135230","is_ascension_mode":true,"campfire_choices":[{"data":"Pommel Strike","floor":7.0,"key":"SMITH"},{"data":"Shrug It Off","floor":13.0,"key":"SMITH"},{"data":"Rampage","floor":15.0,"key":"SMITH"},{"data":"Flame Barrier","floor":25.0,"key":"SMITH"},{"floor":27.0,"key":"REST"},{"floor":30,"key":"REST"}],"neow_cost":"NONE","seed_source_timestamp":441428143454200,"circlet_count":0,"master_deck":["AscendersBane","Strike_R","Strike_R","Strike_R","Defend_R","Defend_R","Defend_R","Defend_R","Bash","Rampage+1","Combust","Pommel Strike+1","Burning Pact","Flame Barrier+1","Shrug It Off+1","Immolate"],"special_seed":0,"relics":["Burning Blood","NeowsBlessing","Potion Belt","Bag of Marbles","Gremlin Horn","Runic Cube","Mummified Hand","MealTicket","Old Coin","Question Card"],"potions_floor_usage":[29],"damage_taken":[{"damage":0.0,"enemies":"Cultist","floor":1.0,"turns":1.0},{"damage":0.0,"enemies":"Jaw Worm","floor":3.0,"turns":1.0},{"damage":0.0,"enemies":"Gremlin Nob","floor":6.0,"turns":1.0},{"damage":2.0,"enemies":"Small Slimes","floor":10.0,"turns":3.0},{"damage":14.0,"enemies":"Red Slaver","floor":11.0,"turns":3.0},{"damage":11.0,"enemies":"Large Slime","floor":14.0,"turns":5.0},{"damage":26.0,"enemies":"Hexaghost","floor":16.0,"turns":9.0},{"damage":30.0,"enemies":"2 Thieves","floor":18.0,"turns":3.0},{"damage":39.0,"enemies":"Gremlin Leader","floor":23.0,"turns":6.0},{"damage":1.0,"enemies":"Chosen","floor":24.0,"turns":4.0},{"damage":16.0,"enemies":"Centurion and Healer","floor":28.0,"turns":7.0},{"damage":26,"enemies":"Snake Plant","floor":29,"turns":3},{"damage":42,"enemies":"Slavers","floor":31,"turns":4}],"seed_played":"3015906281931413506","potions_obtained":[{"floor":6.0,"key":"Dexterity Potion"},{"floor":11.0,"key":"Fire Potion"},{"floor":14.0,"key":"SkillPotion"},{"floor":23.0,"key":"Block Potion"},{"floor":24.0,"key":"Fire Potion"}],"is_trial":false,"path_per_floor":["M","$","M","$","?","E","R","?","T","M","M","?","R","M","R","B",null,"M","?","T","$","$","E","M","R","T","R","M","M","R","E"],"character_chosen":"IRONCLAD","items_purchased":["Combust","MealTicket"],"campfire_rested":2,"item_purchase_floors":[2,21],"current_hp_per_floor":[74,74,75,75,75,75,75,75,75,75,67,56,56,51,51,31,64,40,40,40,40,55,22,27,27,27,49,39,19,41,0],"gold":378,"neow_bonus":"THREE_ENEMY_KILL","is_prod":false,"is_daily":false,"chose_seed":false,"campfire_upgraded":4,"win_rate":0,"timestamp":1557942750,"path_taken":["M","?","?","$","?","E","R","?","T","M","?","?","R","M","R","BOSS","M","?","?","?","$","E","M","R","T","R","?","M","R","E"],"build_version":"2019-05-07","purchased_purges":2,"victory":false,"max_hp_per_floor":[75,75,75,75,75,75,75,75,75,75,75,75,75,75,75,75,75,75,75,75,75,75,75,75,75,75,75,75,75,75,75],"card_choices":[{"not_picked":["Flex","True Grit"],"picked":"Rampage","floor":1.0},{"not_picked":["Cleave","Twin Strike"],"picked":"Pommel Strike","floor":3.0},{"not_picked":["Clothesline","Havoc"],"picked":"Burning Pact","floor":6.0},{"not_picked":["Cleave","Ghostly Armor"],"picked":"Flame Barrier","floor":10.0},{"not_picked":["True Grit","Twin Strike"],"picked":"Shrug It Off","floor":11.0},{"not_picked":["Anger","Berserk","Thunderclap"],"picked":"SKIP","floor":14.0},{"not_picked":["Reaper","Bludgeon"],"picked":"Immolate","floor":16.0},{"not_picked":["Infernal Blade","Iron Wave+1","Flex"],"picked":"SKIP","floor":18.0},{"not_picked":["Havoc","Spot Weakness","Feel No Pain"],"picked":"SKIP","floor":23.0},{"not_picked":["Disarm","Clothesline","Feel No Pain"],"picked":"SKIP","floor":24.0},{"not_picked":["Sentinel","Dropkick","Flex","Pommel Strike"],"picked":"SKIP","floor":28.0},{"not_picked":["Shockwave","Twin Strike","Iron Wave","Cleave"],"picked":"SKIP","floor":29}],"player_experience":692586,"relics_obtained":[{"floor":6.0,"key":"Potion Belt"},{"floor":9.0,"key":"Gremlin Horn"},{"floor":20.0,"key":"Mummified Hand"},{"floor":23.0,"key":"Old Coin"},{"floor":26.0,"key":"Question Card"}],"event_choices":[{"damage_healed":0.0,"max_hp_gain":0.0,"max_hp_loss":0.0,"gold_gain":0.0,"event_name":"The Cleric","player_choice":"Leave","floor":5.0,"gold_loss":0.0,"damage_taken":0.0},{"damage_healed":0.0,"max_hp_gain":0.0,"max_hp_loss":0.0,"gold_gain":0.0,"event_name":"WeMeetAgain","player_choice":"Gave Potion","floor":8.0,"gold_loss":0.0,"damage_taken":0.0,"relics_obtained":["Bag of Marbles"]},{"damage_healed":0.0,"max_hp_gain":0.0,"max_hp_loss":0.0,"gold_gain":75.0,"event_name":"World of Goop","player_choice":"Gather Gold","floor":12.0,"gold_loss":0.0,"damage_taken":11.0},{"damage_healed":0.0,"max_hp_gain":0.0,"max_hp_loss":0.0,"gold_gain":50.0,"event_name":"Nest","player_choice":"Stole From Cult","floor":19.0,"gold_loss":0.0,"damage_taken":0.0}],"is_beta":true,"boss_relics":[{"not_picked":["Eternal Feather","Velvet Choker"],"picked":"Runic Cube"}],"items_purged_floors":[2,21],"is_endless":false,"potions_floor_spawned":[6,11,14,23,24],"killed_by":"Slavers","ascension_level":18}