{"gold_per_floor":[110,35,54,54,70,70,80,80,103,133,144,158,158,184,184,281,281,298,281,298,325,325,325,350,350,350,368,380,392,392,403,403,500,500,518,528,528,174,174,174,174,188,215,225,225,241,254,266,266,266],"floor_reached":50,"playtime":3644,"items_purged":["Defend_B","Strike_B"],"score":771,"play_id":"f40ba880-a9b2-4660-b866-4879920fdf31","local_time":"20190202165532","is_ascension_mode":true,"campfire_choices":[{"data":"Zap","floor":6.0,"key":"SMITH"},{"data":"Lockon","floor":8.0,"key":"SMITH"},{"data":"Chill","floor":15.0,"key":"SMITH"},{"floor":23.0,"key":"REST"},{"floor":25.0,"key":"REST"},{"floor":30.0,"key":"REST"},{"data":"Fusion","floor":32.0,"key":"SMITH"},{"data":"Creative AI","floor":40,"key":"SMITH"},{"data":"Darkness","floor":45,"key":"SMITH"},{"data":"Storm","floor":49,"key":"SMITH"}],"neow_cost":"NONE","seed_source_timestamp":18593247182500,"circlet_count":0,"master_deck":["AscendersBane","Strike_B","Defend_B","Defend_B+1","Defend_B+1","Zap+1","Dualcast","Lockon+1","Reinforced Body","Biased Cognition+1","Cold Snap","Barrage","Chill+1","Melter","Steam","Machine Learning","Darkness+1","Storm+1","Fusion+1","Heatsinks","Defragment+1","Cold Snap","Double Energy+1","Go for the Eyes+1","Creative AI+1","Leap+1","Secret Technique","Self Repair","Cold Snap+1"],"special_seed":0,"relics":["Cracked Core","War Paint","Dream Catcher","Inserter","Red Mask","Nloth\u0027s Gift","Nunchaku","Kunai","Velvet Choker","Anchor","Bag of Preparation"],"potions_floor_usage":[33,36,37,42,47,48,50],"damage_taken":[{"damage":1.0,"enemies":"Cultist","floor":1.0,"turns":3.0},{"damage":3.0,"enemies":"2 Louse","floor":3.0,"turns":3.0},{"damage":0.0,"enemies":"Small Slimes","floor":5.0,"turns":4.0},{"damage":0.0,"enemies":"Red Slaver","floor":7.0,"turns":3.0},{"damage":23.0,"enemies":"Gremlin Nob","floor":10.0,"turns":4.0},{"damage":6.0,"enemies":"Looter","floor":11.0,"turns":2.0},{"damage":5.0,"enemies":"Blue Slaver","floor":12.0,"turns":3.0},{"damage":1.0,"enemies":"3 Sentries","floor":14.0,"turns":7.0},{"damage":3.0,"enemies":"Hexaghost","floor":16.0,"turns":11.0},{"damage":0.0,"enemies":"Chosen","floor":18.0,"turns":4.0},{"damage":7.0,"enemies":"2 Thieves","floor":19.0,"turns":4.0},{"damage":9.0,"enemies":"Shelled Parasite and Fungi","floor":20.0,"turns":5.0},{"damage":17.0,"enemies":"Masked Bandits","floor":21.0,"turns":8.0},{"damage":27.0,"enemies":"Book of Stabbing","floor":24.0,"turns":7.0},{"damage":6.0,"enemies":"Snake Plant","floor":27.0,"turns":6.0},{"damage":0.0,"enemies":"Centurion and Healer","floor":28.0,"turns":7.0},{"damage":4.0,"enemies":"Sentry and Sphere","floor":29.0,"turns":4.0},{"damage":8.0,"enemies":"Cultist and Chosen","floor":31.0,"turns":5.0},{"damage":34,"enemies":"Automaton","floor":33,"turns":10},{"damage":37,"enemies":"3 Shapes","floor":35,"turns":5},{"damage":15,"enemies":"3 Darklings","floor":36,"turns":9},{"damage":0,"enemies":"Sphere and 2 Shapes","floor":37,"turns":2},{"damage":0,"enemies":"Jaw Worm Horde","floor":42,"turns":5},{"damage":18,"enemies":"3 Darklings","floor":44,"turns":6},{"damage":4,"enemies":"Sphere and 2 Shapes","floor":46,"turns":4},{"damage":0,"enemies":"Transient","floor":47,"turns":5},{"damage":5,"enemies":"Writhing Mass","floor":48,"turns":8},{"damage":61,"enemies":"Time Eater","floor":50,"turns":7}],"seed_played":"-6162180166136345587","potions_obtained":[{"floor":1.0,"key":"SkillPotion"},{"floor":3.0,"key":"Weak Potion"},{"floor":5.0,"key":"Dexterity Potion"},{"floor":20.0,"key":"FocusPotion"},{"floor":24.0,"key":"SkillPotion"},{"floor":29.0,"key":"FearPotion"},{"floor":31.0,"key":"Dexterity Potion"},{"floor":33,"key":"SpeedPotion"},{"floor":35,"key":"SmokeBomb"},{"floor":47,"key":"SkillPotion"},{"floor":48,"key":"Strength Potion"}],"is_trial":false,"path_per_floor":["M","$","M","?","M","R","M","R","T","E","M","M","?","E","R","B",null,"M","M","M","?","?","R","E","R","T","M","M","M","R","M","R","B",null,"M","M","M","$","?","R","?","M","T","M","R","M","M","M","R","B"],"character_chosen":"DEFECT","items_purchased":["Anchor","Weak Potion","SteroidPotion"],"campfire_rested":3,"item_purchase_floors":[38,38,38],"current_hp_per_floor":[67,67,64,64,64,64,64,64,64,41,35,30,30,29,29,26,63,63,56,47,30,30,52,25,47,47,41,41,37,59,51,51,17,61,24,9,9,9,66,66,66,66,66,55,55,58,58,60,60,0],"gold":266,"neow_bonus":"REMOVE_CARD","is_prod":false,"is_daily":false,"chose_seed":false,"campfire_upgraded":7,"win_rate":0,"timestamp":1549144532,"path_taken":["M","?","M","?","M","R","M","R","T","E","?","M","?","E","R","BOSS","M","M","M","?","?","R","E","R","T","M","M","M","R","M","R","BOSS","M","M","M","$","?","R","?","M","T","M","R","M","M","M","R","BOSS"],"build_version":"2019-01-23","purchased_purges":2,"victory":false,"max_hp_per_floor":[75,75,75,75,75,75,75,75,75,75,75,75,75,75,75,75,75,75,75,75,75,75,75,75,75,75,75,75,75,75,75,75,75,75,75,75,75,75,66,66,66,66,66,66,66,66,66,66,66,66],"card_choices":[{"not_picked":["Heatsinks","Streamline"],"picked":"Lockon","floor":1.0},{"not_picked":["Hologram","Blizzard"],"picked":"Reinforced Body","floor":3.0},{"not_picked":["White Noise","Hologram"],"picked":"Cold Snap","floor":5.0},{"not_picked":["Compile Driver","Gash"],"picked":"Barrage","floor":7.0},{"not_picked":["Heatsinks","Turbo"],"picked":"Chill","floor":10.0},{"not_picked":["Steam Power","Tempest"],"picked":"Melter","floor":11.0},{"not_picked":["Stack","Streamline","Rebound"],"picked":"SKIP","floor":12.0},{"not_picked":["Streamline","Turbo"],"picked":"Steam","floor":14.0},{"not_picked":["Meteor Strike","All For One","Amplify"],"picked":"Machine Learning","floor":16.0},{"not_picked":["Beam Cell","Rebound","Sweeping Beam"],"picked":"Darkness","floor":18.0},{"not_picked":["Hologram","Go for the Eyes","All For One"],"picked":"Storm","floor":19.0},{"not_picked":["Double Energy","Conserve Battery","Redo"],"picked":"Fusion","floor":20.0},{"not_picked":["Conserve Battery","Fusion+1","Leap"],"picked":"Heatsinks","floor":21.0},{"not_picked":["Leap","FTL"],"picked":"Defragment+1","floor":23.0},{"not_picked":["Rainbow","Turbo"],"picked":"Cold Snap","floor":24.0},{"not_picked":["Cold Snap","Beam Cell+1"],"picked":"Double Energy+1","floor":27.0},{"not_picked":["Rebound","Chaos","Hello World"],"picked":"SKIP","floor":28.0},{"not_picked":["Go for the Eyes","Barrage","Ball Lightning"],"picked":"SKIP","floor":29.0},{"not_picked":["Hologram","Reinforced Body"],"picked":"Go for the Eyes+1","floor":31.0},{"not_picked":["Rainbow","Buffer"],"picked":"Creative AI","floor":33},{"not_picked":["Machine Learning","Turbo"],"picked":"Leap+1","floor":35},{"not_picked":["Ball Lightning","Conserve Battery","Stack+1"],"picked":"SKIP","floor":36},{"not_picked":["Dark Shackles","Blind"],"picked":"Secret Technique","floor":41},{"not_picked":["Tempest+1","Darkness"],"picked":"Self Repair","floor":42},{"not_picked":["Biased Cognition","Scrape"],"picked":"Cold Snap+1","floor":44},{"not_picked":["Rebound+1","Ball Lightning","Hologram"],"picked":"SKIP","floor":46},{"not_picked":["Darkness","Compile Driver","Recycle+1"],"picked":"SKIP","floor":47},{"not_picked":["Lockon","Steam+1","Blizzard"],"picked":"SKIP","floor":48}],"player_experience":557795,"relics_obtained":[{"floor":9.0,"key":"War Paint"},{"floor":10.0,"key":"Dream Catcher"},{"floor":14.0,"key":"Question Card"},{"floor":21.0,"key":"Red Mask"},{"floor":24.0,"key":"Nunchaku"},{"floor":26.0,"key":"Kunai"},{"floor":43,"key":"Bag of Preparation"}],"event_choices":[{"damage_healed":0.0,"max_hp_gain":0.0,"max_hp_loss":0.0,"gold_gain":0.0,"cards_transformed":["Strike_B"],"event_name":"Transmorgrifier","player_choice":"Transformed","floor":4.0,"gold_loss":0.0,"damage_taken":0.0,"cards_obtained":["Biased Cognition"]},{"damage_healed":0.0,"max_hp_gain":0.0,"max_hp_loss":0.0,"gold_gain":0.0,"event_name":"Living Wall","player_choice":"Grow","floor":13.0,"gold_loss":0.0,"damage_taken":0.0,"cards_upgraded":["Biased Cognition"]},{"damage_healed":0.0,"max_hp_gain":0.0,"max_hp_loss":0.0,"gold_gain":0.0,"event_name":"Masked Bandits","player_choice":"Fought Bandits","floor":21.0,"gold_loss":0.0,"damage_taken":0.0},{"damage_healed":0.0,"max_hp_gain":0.0,"max_hp_loss":0.0,"gold_gain":0.0,"event_name":"N\u0027loth","player_choice":"Traded Relic","floor":22.0,"relics_lost":["Question Card"],"gold_loss":0.0,"damage_taken":0.0,"relics_obtained":["Nloth\u0027s Gift"]},{"damage_healed":66,"gold_gain":0,"player_choice":"Heal","damage_taken":0,"max_hp_gain":0,"max_hp_loss":9,"event_name":"The Moai Head","floor":39,"gold_loss":0},{"damage_healed":0,"gold_gain":0,"player_choice":"Memory 1","damage_taken":0,"max_hp_gain":0,"max_hp_loss":0,"event_name":"SensoryStone","floor":41,"gold_loss":0}],"is_beta":true,"boss_relics":[{"not_picked":["Cursed Key","Orrery"],"picked":"Inserter"},{"not_picked":["Eternal Feather","Runic Dome"],"picked":"Velvet Choker"}],"items_purged_floors":[2,38],"is_endless":false,"potions_floor_spawned":[1,3,5,12,20,24,29,31,33,35,47,48],"killed_by":"Time Eater","ascension_level":12}