{"gold_per_floor":[110,110,185,202,10,35,35,64,64,64,64,64,78,103,103,103],"floor_reached":16,"playtime":8123,"items_purged":["Strike_R"],"score":155,"play_id":"b6a85c37-4d74-48a7-b00b-11d6a67bb929","local_time":"20190410230013","is_ascension_mode":true,"campfire_choices":[{"data":"Rampage","floor":7,"key":"SMITH"},{"floor":10,"key":"RECALL"},{"data":"Inflame","floor":12,"key":"SMITH"},{"data":"1","floor":15,"key":"LIFT"}],"neow_cost":"NONE","seed_source_timestamp":2056908106245530,"circlet_count":0,"master_deck":["Strike_R","Strike_R","Strike_R","Defend_R","Defend_R","Defend_R","Defend_R","Bash","Armaments","Thunderclap","Rampage+1","Metallicize","Inflame+1","Shrug It Off"],"relics":["Burning Blood","NeowsBlessing","Singing Bowl","Calipers","Girya"],"potions_floor_usage":[],"damage_taken":[{"damage":0,"enemies":"Jaw Worm","floor":1,"turns":1},{"damage":0,"enemies":"2 Louse","floor":4,"turns":1},{"damage":0,"enemies":"3 Sentries","floor":6,"turns":2},{"damage":44,"enemies":"Gremlin Nob","floor":8,"turns":6},{"damage":6,"enemies":"Cultist","floor":13,"turns":3},{"damage":23,"enemies":"3 Sentries","floor":14,"turns":9},{"damage":30,"enemies":"Slime Boss","floor":16,"turns":7}],"seed_played":"-6073476312872630727","potions_obtained":[{"floor":4,"key":"GamblersBrew"},{"floor":13,"key":"Ancient Potion"}],"is_trial":false,"path_per_floor":["M","?","?","M","$","E","R","E","T","R","$","R","M","E","R","B"],"character_chosen":"IRONCLAD","items_purchased":["Rampage","Metallicize"],"campfire_rested":0,"item_purchase_floors":[5,5],"current_hp_per_floor":[80,80,69,75,75,82,82,44,44,44,44,44,46,29,29,0],"gold":103,"neow_bonus":"THREE_ENEMY_KILL","is_prod":false,"is_daily":false,"chose_seed":false,"campfire_upgraded":2,"win_rate":0,"timestamp":1554951613,"path_taken":["M","?","?","?","?","E","R","E","T","R","$","R","M","E","R","BOSS"],"build_version":"2019-01-23","purchased_purges":1,"victory":false,"max_hp_per_floor":[80,80,80,80,80,82,82,82,82,82,82,82,84,84,84,84],"card_choices":[{"not_picked":["Iron Wave","Wild Strike","Headbutt"],"picked":"SKIP","floor":1},{"not_picked":["Anger","Rupture"],"picked":"Thunderclap","floor":4},{"not_picked":["Heavy Blade","Whirlwind","Blood for Blood"],"picked":"Singing Bowl","floor":6},{"not_picked":["Hemokinesis","Evolve"],"picked":"Inflame","floor":8},{"not_picked":["Sentinel","Dropkick","Hemokinesis"],"picked":"Singing Bowl","floor":13},{"not_picked":["Impervious","Wild Strike"],"picked":"Shrug It Off","floor":14}],"player_experience":190929,"relics_obtained":[{"floor":6,"key":"Singing Bowl"},{"floor":8,"key":"Calipers"},{"floor":14,"key":"Girya"}],"event_choices":[{"damage_healed":0,"gold_gain":0,"cards_transformed":["Strike_R"],"player_choice":"Change","damage_taken":0,"max_hp_gain":0,"max_hp_loss":0,"event_name":"Living Wall","floor":2,"gold_loss":0,"cards_obtained":["Armaments"]},{"damage_healed":0,"gold_gain":75,"player_choice":"Gather Gold","damage_taken":11,"max_hp_gain":0,"max_hp_loss":0,"event_name":"World of Goop","floor":3,"gold_loss":0}],"is_beta":false,"boss_relics":[],"items_purged_floors":[5],"is_endless":false,"potions_floor_spawned":[4,13],"killed_by":"Slime Boss","ascension_level":2}