{"gold_per_floor":[362,64,64,84,184,184,202,202,202,229,179,190,203,218,218,218],"floor_reached":16,"playtime":647,"items_purged":[],"score":153,"play_id":"543484ce-b956-4229-a27b-9fc8686122c2","local_time":"20190103204252","is_ascension_mode":true,"campfire_choices":[{"data":"Dualcast","floor":6.0,"key":"SMITH"},{"data":"Defend_B","floor":8.0,"key":"SMITH"},{"data":"Buffer","floor":15,"key":"SMITH"}],"neow_cost":"TEN_PERCENT_HP_LOSS","seed_source_timestamp":1240430406187178,"circlet_count":0,"master_deck":["AscendersBane","Strike_B","Strike_B","Strike_B","Defend_B+1","Defend_B","Defend_B","Defend_B","Zap+1","Dualcast+1","Cold Snap","Buffer+1","Glacier","Coolheaded","Hologram"],"special_seed":0,"relics":["Cracked Core","Incense Burner","Kunai","Art of War"],"potions_floor_usage":[12,16,16],"damage_taken":[{"damage":0.0,"enemies":"Small Slimes","floor":1.0,"turns":3.0},{"damage":0.0,"enemies":"Cultist","floor":4.0,"turns":3.0},{"damage":5.0,"enemies":"Jaw Worm","floor":7.0,"turns":2.0},{"damage":18.0,"enemies":"Gremlin Nob","floor":10.0,"turns":4.0},{"damage":0,"enemies":"Gremlin Gang","floor":12,"turns":3},{"damage":1,"enemies":"2 Fungi Beasts","floor":13,"turns":4},{"damage":1,"enemies":"Exordium Thugs","floor":14,"turns":6},{"damage":48,"enemies":"Slime Boss","floor":16,"turns":17}],"seed_played":"-6351775110557526587","potions_obtained":[{"floor":4.0,"key":"Explosive Potion"},{"floor":10.0,"key":"Dexterity Potion"},{"floor":14,"key":"SkillPotion"}],"is_trial":false,"path_per_floor":["M","$","?","M","?","R","M","R","T","E","?","M","M","M","R","B"],"character_chosen":"DEFECT","items_purchased":["Incense Burner"],"campfire_rested":0,"item_purchase_floors":[2],"current_hp_per_floor":[68,68,68,68,68,68,63,63,63,45,45,45,44,43,43,0],"gold":218,"neow_bonus":"TWO_FIFTY_GOLD","is_prod":false,"is_daily":false,"chose_seed":false,"campfire_upgraded":3,"win_rate":0,"timestamp":1546566172,"path_taken":["M","$","?","?","?","R","?","R","T","E","?","M","M","M","R","BOSS"],"build_version":"2019-01-02","purchased_purges":0,"victory":false,"max_hp_per_floor":[68,68,68,68,68,68,68,68,68,68,68,68,68,68,68,68],"card_choices":[{"not_picked":["Gash","Leap"],"picked":"Cold Snap","floor":1.0},{"not_picked":["Streamline","Turbo","Barrage"],"picked":"SKIP","floor":4.0},{"not_picked":["Gash","Turbo","Streamline"],"picked":"SKIP","floor":7.0},{"not_picked":["Blizzard","Redo"],"picked":"Buffer","floor":10.0},{"not_picked":["Reinforced Body","Rebound"],"picked":"Glacier","floor":12},{"not_picked":["Darkness","Leap"],"picked":"Coolheaded","floor":13},{"not_picked":["Steam","Cold Snap"],"picked":"Hologram","floor":14}],"player_experience":447163,"relics_obtained":[{"floor":9.0,"key":"Kunai"},{"floor":10.0,"key":"Art of War"}],"event_choices":[{"damage_healed":0.0,"max_hp_gain":0.0,"max_hp_loss":0.0,"gold_gain":0.0,"event_name":"Upgrade Shrine","player_choice":"Upgraded","floor":3.0,"gold_loss":0.0,"damage_taken":0.0,"cards_upgraded":["Zap"]},{"damage_healed":0.0,"max_hp_gain":0.0,"max_hp_loss":0.0,"gold_gain":100.0,"event_name":"Golden Shrine","player_choice":"Pray","floor":5.0,"gold_loss":0.0,"damage_taken":0.0},{"cards_removed":["Strike_B"],"damage_healed":0.0,"max_hp_gain":0.0,"max_hp_loss":0.0,"gold_gain":0.0,"event_name":"The Cleric","player_choice":"Card Removal","floor":11.0,"gold_loss":50.0,"damage_taken":0.0}],"is_beta":true,"boss_relics":[],"items_purged_floors":[],"is_endless":false,"potions_floor_spawned":[4,10,14],"killed_by":"Slime Boss","ascension_level":10}