{"gold_per_floor":[114,129,139,17,17,17,46,46,46,46,73,73,73,91,91,195,245,256,8,8,19,46,46,73,73,73,99,99,111,111,142,142,246,246,260,270,127,127,138,138,164,180,180,180,192,192,467,0,0,0],"floor_reached":51,"playtime":4060,"items_purged":["Defend_G","Dash"],"score":776,"play_id":"79656382-4d8e-4f88-bfd5-7b1496eed3be","local_time":"20190105004538","is_ascension_mode":true,"campfire_choices":[{"data":"Neutralize","floor":6,"key":"SMITH"},{"data":"Defend_G","floor":10,"key":"PURGE"},{"data":"Strike_G","floor":12,"key":"PURGE"},{"data":"Defend_G","floor":15,"key":"PURGE"},{"data":"Bouncing Flask","floor":23,"key":"SMITH"},{"data":"Catalyst","floor":28,"key":"SMITH"},{"floor":30,"key":"REST"},{"floor":32,"key":"REST"},{"data":"Bouncing Flask","floor":40,"key":"SMITH"},{"data":"Glass Knife","floor":44,"key":"SMITH"},{"data":"Leg Sweep","floor":49,"key":"SMITH"}],"neow_cost":"NONE","seed_source_timestamp":29698400130115,"circlet_count":0,"master_deck":["Defend_G","Defend_G","Strike_G","Strike_G","Strike_G","Survivor","Neutralize+1","Deadly Poison","Well Laid Plans+1","Dodge and Roll","Footwork","PiercingWail","Leg Sweep+1","Glass Knife+1","Bane","Bouncing Flask+1","Backflip","Catalyst+1","Blur","Bouncing Flask+1","Corpse Explosion","Footwork","Poisoned Stab","Caltrops","Deflect","Dodge and Roll+1","Infinite Blades+1"],"relics":["Ring of the Snake","Blood Vial","Peace Pipe","The Courier","Centennial Puzzle","Tiny House","Gambling Chip","Enchiridion","Pen Nib","Omamori","Ginger","Bird Faced Urn","Snake Skull","Sozu","Juzu Bracelet","Frozen Egg 2","Boot","StoneCalendar"],"potions_floor_usage":[11,16,24,27,27,39],"damage_taken":[{"damage":5,"enemies":"Cultist","floor":1,"turns":6},{"damage":2,"enemies":"Small Slimes","floor":2,"turns":5},{"damage":0,"enemies":"Jaw Worm","floor":3,"turns":4},{"damage":7,"enemies":"3 Sentries","floor":7,"turns":16},{"damage":7,"enemies":"Gremlin Nob","floor":11,"turns":6},{"damage":0,"enemies":"Looter","floor":14,"turns":3},{"damage":38,"enemies":"Slime Boss","floor":16,"turns":28},{"damage":4,"enemies":"Shell Parasite","floor":18,"turns":6},{"damage":1,"enemies":"3 Byrds","floor":21,"turns":3},{"damage":18,"enemies":"Gremlin Leader","floor":24,"turns":6},{"damage":16,"enemies":"Slavers","floor":27,"turns":7},{"damage":12,"enemies":"Centurion and Healer","floor":29,"turns":6},{"damage":21,"enemies":"Book of Stabbing","floor":31,"turns":5},{"damage":50,"enemies":"Collector","floor":33,"turns":7},{"damage":7,"enemies":"3 Darklings","floor":35,"turns":2},{"damage":8,"enemies":"3 Shapes","floor":36,"turns":4},{"damage":11,"enemies":"Writhing Mass","floor":39,"turns":5},{"damage":0,"enemies":"Nemesis","floor":41,"turns":5},{"damage":25,"enemies":"Sphere and 2 Shapes","floor":42,"turns":6},{"damage":13,"enemies":"Maw","floor":45,"turns":4},{"damage":60,"enemies":"Awakened One","floor":50,"turns":14}],"seed_played":"4560530722279813196","potions_obtained":[{"floor":3,"key":"SteroidPotion"},{"floor":11,"key":"Dexterity Potion"},{"floor":16,"key":"Weak Potion"},{"floor":17,"key":"Block Potion"},{"floor":21,"key":"GamblersBrew"},{"floor":24,"key":"LiquidBronze"}],"is_trial":false,"path_per_floor":["M","M","M","$","$","R","E","?","T","R","E","R","?","M","R","B",null,"M","$","?","M","T","R","E","?","T","E","R","M","R","E","R","B",null,"M","M","$","?","M","R","E","M","T","R","M","?","?","$","R","B",null],"character_chosen":"THE_SILENT","items_purchased":["Footwork","PiercingWail","Gambling Chip","Backflip","Caltrops","Deflect","Boot","StoneCalendar","Infinite Blades+1"],"campfire_rested":2,"item_purchase_floors":[4,4,19,19,37,37,48,48,48],"current_hp_per_floor":[65,65,67,67,67,67,62,55,55,55,50,50,55,57,57,21,80,76,76,60,61,61,61,45,45,45,31,31,27,51,38,62,20,80,73,75,75,75,71,71,80,58,58,58,55,80,80,80,80,26],"gold":0,"neow_bonus":"RANDOM_COMMON_RELIC","is_prod":false,"is_daily":false,"chose_seed":false,"campfire_upgraded":6,"win_rate":0,"timestamp":1546638338,"path_taken":["M","M","M","?","$","R","E","?","T","R","E","R","?","M","R","BOSS","M","$","?","M","?","R","E","?","T","E","R","M","R","E","R","BOSS","M","M","$","?","M","R","E","M","T","R","M","?","?","$","R","BOSS"],"build_version":"2019-01-03v4","purchased_purges":2,"victory":true,"max_hp_per_floor":[70,70,70,70,70,70,70,70,70,70,70,70,75,75,75,75,80,80,80,80,80,80,80,80,80,80,80,80,80,80,80,80,80,80,80,80,80,80,80,80,80,80,80,80,80,80,80,80,80,80],"card_choices":[{"not_picked":["Flechettes","Poisoned Stab"],"picked":"Deadly Poison","floor":1},{"not_picked":["Sucker Punch","Flying Knee"],"picked":"Well Laid Plans","floor":2},{"not_picked":["Cloak And Dagger","Acrobatics"],"picked":"Dodge and Roll","floor":3},{"not_picked":["Underhanded Strike","Dagger Throw"],"picked":"Dash","floor":7},{"not_picked":["Distraction","Tactician","Escape Plan"],"picked":"SKIP","floor":11},{"not_picked":["Terror","Slice"],"picked":"Leg Sweep","floor":14},{"not_picked":["Tools of the Trade","Adrenaline"],"picked":"Glass Knife","floor":16},{"not_picked":["Escape Plan","Leg Sweep"],"picked":"Bane","floor":17},{"not_picked":["Deflect","Dodge and Roll"],"picked":"Bouncing Flask","floor":18},{"not_picked":["Concentrate+1","Eviscerate","Underhanded Strike"],"picked":"SKIP","floor":21},{"not_picked":["Terror+1","Poisoned Stab"],"picked":"Catalyst","floor":24},{"not_picked":["Underhanded Strike","Riddle With Holes"],"picked":"Blur","floor":27},{"not_picked":["Setup","Predator+1"],"picked":"Bouncing Flask","floor":29},{"not_picked":["Dagger Throw","Masterful Stab","Leg Sweep+1"],"picked":"SKIP","floor":31},{"not_picked":["Tools of the Trade","Doppelganger"],"picked":"Corpse Explosion","floor":33},{"not_picked":["Quick Slash","Deadly Poison+1"],"picked":"Footwork","floor":35},{"not_picked":["Outmaneuver","Slice"],"picked":"Poisoned Stab","floor":36},{"not_picked":["Jack Of All Trades","Panache"],"picked":"Dramatic Entrance","floor":38},{"not_picked":["Accuracy+1","Concentrate","Deadly Poison"],"picked":"SKIP","floor":39},{"not_picked":["Flechettes","Deflect","Dodge and Roll"],"picked":"SKIP","floor":41},{"not_picked":["Accuracy+1","Outmaneuver"],"picked":"Dodge and Roll+1","floor":42},{"not_picked":["Deadly Poison","Outmaneuver+1","Deflect+1"],"picked":"SKIP","floor":45}],"player_experience":526021,"relics_obtained":[{"floor":7,"key":"Peace Pipe"},{"floor":9,"key":"The Courier"},{"floor":11,"key":"Centennial Puzzle"},{"floor":20,"key":"Enchiridion"},{"floor":22,"key":"Pen Nib"},{"floor":24,"key":"Omamori"},{"floor":26,"key":"Ginger"},{"floor":27,"key":"Bird Faced Urn"},{"floor":31,"key":"Snake Skull"},{"floor":41,"key":"Juzu Bracelet"},{"floor":43,"key":"Frozen Egg 2"}],"event_choices":[{"cards_removed":["Strike_G"],"damage_healed":0,"gold_gain":0,"player_choice":"Card Removal","damage_taken":7,"max_hp_gain":0,"max_hp_loss":0,"event_name":"Golden Wing","floor":8,"gold_loss":0},{"damage_healed":0,"gold_gain":0,"player_choice":"Donut","damage_taken":0,"max_hp_gain":5,"max_hp_loss":0,"event_name":"Big Fish","floor":13,"gold_loss":0},{"damage_healed":0,"gold_gain":0,"player_choice":"Obtained Book","damage_taken":16,"max_hp_gain":0,"max_hp_loss":0,"event_name":"Cursed Tome","floor":20,"gold_loss":0},{"damage_healed":0,"gold_gain":0,"player_choice":"Ignored","damage_taken":0,"max_hp_gain":0,"max_hp_loss":0,"event_name":"NoteForYourself","floor":25,"gold_loss":0},{"damage_healed":0,"gold_gain":0,"player_choice":"Memory 1","damage_taken":0,"max_hp_gain":0,"max_hp_loss":0,"event_name":"SensoryStone","floor":38,"gold_loss":0},{"cards_removed":["Dramatic Entrance"],"damage_healed":25,"gold_gain":0,"player_choice":"Offered Uncommon","damage_taken":0,"max_hp_gain":0,"max_hp_loss":0,"event_name":"Bonfire Elementals","floor":46,"gold_loss":0},{"damage_healed":0,"gold_gain":275,"player_choice":"Desecrate","damage_taken":0,"max_hp_gain":0,"max_hp_loss":0,"event_name":"Golden Shrine","floor":47,"gold_loss":0,"cards_obtained":["Regret"]}],"is_beta":false,"boss_relics":[{"not_picked":["White Beast Statue","Pandora\u0027s Box"],"picked":"Tiny House"},{"not_picked":["Runic Dome","Busted Crown"],"picked":"Sozu"}],"items_purged_floors":[37,48],"is_endless":false,"potions_floor_spawned":[3,11,16,21,24,35,42,45],"ascension_level":1}