{"gold_per_floor":[118,129,142,51,51,85,85,104,104,104,104,123,150,162,162,257,257,277,291,73,83,97,97,110,110,110,110,35,135,35,50,50,150,150,166,186,186,61,61,61,61,74,74,74,92,107,14,14,14,14],"floor_reached":51,"playtime":2573,"items_purged":["Strike_G","Strike_G","Defend_G"],"score":842,"play_id":"edfddf8d-cc8b-4fff-98bb-c18393ffeb8f","local_time":"20190403181924","is_ascension_mode":true,"campfire_choices":[{"data":"Backflip","floor":7,"key":"SMITH"},{"floor":11,"key":"REST"},{"data":"Dagger Spray","floor":15,"key":"SMITH"},{"data":"Infinite Blades","floor":23,"key":"SMITH"},{"data":"Finisher","floor":27,"key":"SMITH"},{"data":"1","floor":32,"key":"LIFT"},{"data":"2","floor":40,"key":"LIFT"},{"data":"3","floor":44,"key":"LIFT"},{"floor":49,"key":"REST"}],"neow_cost":"NONE","seed_source_timestamp":438781124042462,"circlet_count":0,"master_deck":["Defend_G","Defend_G","Defend_G","Defend_G","Survivor","Neutralize","Dagger Spray+1","Backflip+1","Deflect","Flash of Steel","Finisher+1","Distraction+1","Doppelganger+1","Phantasmal Killer+1","Blur+1","Deflect+1","Adrenaline+1","Infinite Blades+1","Accuracy+1","Cloak And Dagger+1","Acrobatics+1","Tools of the Trade","Normality","Apotheosis+1","Parasite","Blade Dance+1","Bandage Up+1"],"relics":["Ring of the Snake","NeowsBlessing","Kunai","Toxic Egg 2","Meat on the Bone","Philosopher\u0027s Stone","Bag of Preparation","Girya","Bottled Flame","Cursed Key","Letter Opener"],"potions_floor_usage":[6,16,16,29,33,42,50,50],"damage_taken":[{"damage":0,"enemies":"Cultist","floor":1,"turns":1},{"damage":0,"enemies":"Jaw Worm","floor":2,"turns":1},{"damage":0,"enemies":"Small Slimes","floor":3,"turns":1},{"damage":41,"enemies":"Lagavulin","floor":6,"turns":11},{"damage":7,"enemies":"3 Louse","floor":8,"turns":2},{"damage":2,"enemies":"Looter","floor":12,"turns":3},{"damage":16,"enemies":"Gremlin Nob","floor":13,"turns":4},{"damage":0,"enemies":"Large Slime","floor":14,"turns":5},{"damage":12,"enemies":"Slime Boss","floor":16,"turns":8},{"damage":15,"enemies":"Spheric Guardian","floor":18,"turns":4},{"damage":3,"enemies":"3 Byrds","floor":19,"turns":6},{"damage":35,"enemies":"Shelled Parasite and Fungi","floor":21,"turns":8},{"damage":1,"enemies":"Snecko","floor":22,"turns":6},{"damage":8,"enemies":"Centurion and Healer","floor":24,"turns":9},{"damage":0,"enemies":"Colosseum Slavers","floor":29,"turns":2},{"damage":0,"enemies":"Colosseum Nobs","floor":29,"turns":3},{"damage":13,"enemies":"Snake Plant","floor":31,"turns":4},{"damage":19,"enemies":"Champ","floor":33,"turns":10},{"damage":0,"enemies":"3 Shapes","floor":35,"turns":3},{"damage":0,"enemies":"Orb Walker","floor":36,"turns":3},{"damage":39,"enemies":"Writhing Mass","floor":42,"turns":4},{"damage":11,"enemies":"4 Shapes","floor":45,"turns":3},{"damage":0,"enemies":"Spire Growth","floor":46,"turns":3},{"damage":32,"enemies":"Awakened One","floor":50,"turns":11}],"seed_played":"772074609584550310","potions_obtained":[{"floor":3,"key":"Fire Potion"},{"floor":6,"key":"GhostInAJar"},{"floor":12,"key":"FairyPotion"},{"floor":13,"key":"Energy Potion"},{"floor":18,"key":"SpeedPotion"},{"floor":22,"key":"Ancient Potion"},{"floor":29,"key":"EntropicBrew"},{"floor":31,"key":"Swift Potion"},{"floor":36,"key":"Ancient Potion"},{"floor":46,"key":"EssenceOfSteel"}],"is_trial":false,"path_per_floor":["M","M","M","$","?","E","R","M","T","?","R","M","E","M","R","B",null,"M","M","$","M","M","R","M","?","T","R","?","?","$","M","R","B",null,"M","M","?","$","T","R","?","M","T","R","M","M","$","?","R","B",null],"character_chosen":"THE_SILENT","items_purchased":["Flash of Steel","Adrenaline+1","Infinite Blades","Bandage Up+1"],"campfire_rested":2,"item_purchase_floors":[4,20,20,47],"current_hp_per_floor":[63,63,63,63,63,22,22,15,15,15,36,34,18,30,30,30,60,45,42,42,19,30,30,34,57,57,57,57,57,57,44,44,37,62,62,62,62,62,62,62,62,35,35,35,36,36,36,36,57,43],"gold":14,"neow_bonus":"THREE_ENEMY_KILL","is_prod":false,"is_daily":false,"chose_seed":false,"campfire_upgraded":4,"win_rate":0,"timestamp":1554286764,"path_taken":["M","?","M","$","?","E","R","?","T","?","R","M","E","M","R","BOSS","M","M","$","M","M","R","M","?","T","R","?","?","?","M","R","BOSS","M","M","?","$","?","R","?","?","T","R","M","M","$","?","R","BOSS"],"build_version":"2019-01-23","purchased_purges":3,"victory":true,"max_hp_per_floor":[70,70,70,70,70,70,70,70,70,70,70,70,70,70,70,70,70,70,70,70,70,70,70,70,70,70,70,70,70,70,70,70,70,70,70,70,70,70,70,70,70,70,70,70,70,70,70,70,70,70],"card_choices":[{"not_picked":["Endless Agony","Outmaneuver"],"picked":"Dagger Spray","floor":1},{"not_picked":["Acrobatics","Blade Dance"],"picked":"Backflip","floor":2},{"not_picked":["Sucker Punch","Deadly Poison"],"picked":"Deflect","floor":3},{"not_picked":["Malaise","Reflex"],"picked":"Slice","floor":6},{"not_picked":["Slice","Flying Knee"],"picked":"Finisher","floor":8},{"not_picked":["Riddle With Holes","Deadly Poison+1"],"picked":"Distraction+1","floor":12},{"not_picked":["Endless Agony","Slice"],"picked":"Doppelganger+1","floor":13},{"not_picked":["Outmaneuver+1","Masterful Stab","Tactician+1"],"picked":"SKIP","floor":14},{"not_picked":["Wraith Form v2","Grand Finale"],"picked":"Phantasmal Killer+1","floor":16},{"not_picked":["Underhanded Strike","All Out Attack"],"picked":"Blur+1","floor":18},{"not_picked":["Dodge and Roll+1","Dagger Throw"],"picked":"Deflect+1","floor":19},{"not_picked":["Setup+1","Outmaneuver+1"],"picked":"Accuracy+1","floor":21},{"not_picked":["Calculated Gamble+1","Flying Knee+1"],"picked":"Cloak And Dagger+1","floor":22},{"not_picked":["Slice","Dodge and Roll+1","Dagger Spray"],"picked":"SKIP","floor":24},{"not_picked":["Cloak And Dagger+1","Dagger Spray"],"picked":"Acrobatics+1","floor":31},{"not_picked":["Die Die Die","Grand Finale"],"picked":"Tools of the Trade","floor":33},{"not_picked":["Heel Hook","Bouncing Flask+1","Sucker Punch"],"picked":"SKIP","floor":35},{"not_picked":["Cloak And Dagger+1","Endless Agony+1","Riddle With Holes+1"],"picked":"SKIP","floor":36},{"not_picked":["Finesse+1","Deep Breath+1"],"picked":"Apotheosis+1","floor":41},{"not_picked":["Deflect+1","Bouncing Flask+1"],"picked":"Blade Dance+1","floor":42},{"not_picked":["Escape Plan+1","Deadly Poison+1","Dodge and Roll+1"],"picked":"SKIP","floor":45},{"not_picked":["Tools of the Trade","Poisoned Stab+1","Underhanded Strike"],"picked":"SKIP","floor":46}],"player_experience":721817,"relics_obtained":[{"floor":6,"key":"Kunai"},{"floor":9,"key":"Toxic Egg 2"},{"floor":13,"key":"Meat on the Bone"},{"floor":26,"key":"Bag of Preparation"},{"floor":29,"key":"Girya"},{"floor":29,"key":"Bottled Flame"},{"floor":39,"key":"Letter Opener"}],"event_choices":[{"cards_removed":["Strike_G"],"damage_healed":0,"gold_gain":0,"player_choice":"Purged","damage_taken":0,"max_hp_gain":0,"max_hp_loss":0,"event_name":"Purifier","floor":5,"gold_loss":0},{"damage_healed":0,"gold_gain":0,"player_choice":"Ignored","damage_taken":0,"max_hp_gain":0,"max_hp_loss":0,"event_name":"Golden Idol","floor":10,"gold_loss":0},{"damage_healed":23,"gold_gain":0,"player_choice":"Heal","damage_taken":0,"max_hp_gain":0,"max_hp_loss":0,"event_name":"The Library","floor":25,"gold_loss":0},{"cards_removed":["Strike_G"],"damage_healed":0,"gold_gain":0,"player_choice":"Gave Gold","damage_taken":0,"max_hp_gain":0,"max_hp_loss":0,"event_name":"Beggar","floor":28,"gold_loss":75},{"damage_healed":0,"gold_gain":0,"player_choice":"Fight","damage_taken":0,"max_hp_gain":0,"max_hp_loss":0,"event_name":"Colosseum","floor":29,"gold_loss":0},{"damage_healed":0,"gold_gain":0,"player_choice":"Fought Nobs","damage_taken":0,"max_hp_gain":0,"max_hp_loss":0,"event_name":"Colosseum","floor":29,"gold_loss":0},{"cards_removed":["Strike_G"],"damage_healed":0,"gold_gain":0,"player_choice":"Purged","damage_taken":0,"max_hp_gain":0,"max_hp_loss":0,"event_name":"Purifier","floor":37,"gold_loss":0},{"damage_healed":0,"gold_gain":0,"player_choice":"Memory 1","damage_taken":0,"max_hp_gain":0,"max_hp_loss":0,"event_name":"SensoryStone","floor":41,"gold_loss":0},{"cards_removed":["Slice"],"damage_healed":0,"gold_gain":0,"player_choice":"Removed Attack","damage_taken":0,"max_hp_gain":0,"max_hp_loss":0,"event_name":"Falling","floor":48,"gold_loss":0}],"is_beta":false,"boss_relics":[{"not_picked":["Eternal Feather","Calling Bell"],"picked":"Philosopher\u0027s Stone"},{"not_picked":["Sozu","Velvet Choker"],"picked":"Cursed Key"}],"items_purged_floors":[20,30,38],"is_endless":false,"potions_floor_spawned":[3,6,12,13,18,22,29,31,36,46],"ascension_level":6}