{"gold_per_floor":[118,134,149,162,162,162,178,208,245,257,269,296,308,331,343,355],"floor_reached":16,"playtime":637,"items_purged":[],"score":135,"play_id":"dddb2115-9a07-44c1-882b-af646e2fe61e","local_time":"20190402112000","is_ascension_mode":true,"campfire_choices":[{"data":"Tactician","floor":6,"key":"SMITH"},{"floor":15,"key":"REST"}],"neow_cost":"NONE","seed_source_timestamp":329178126875234,"circlet_count":0,"master_deck":["Defend_G","Defend_G","Defend_G","Defend_G","Defend_G","Strike_G","Strike_G","Strike_G","Strike_G","Strike_G","Survivor","Neutralize","Tactician+1","Slice","Reflex+1","PiercingWail","Dagger Throw","Acrobatics","Caltrops"],"relics":["Ring of the Snake","MawBank","Strawberry"],"potions_floor_usage":[7,8,14],"damage_taken":[{"damage":0,"enemies":"Small Slimes","floor":1,"turns":5},{"damage":2,"enemies":"Jaw Worm","floor":2,"turns":4},{"damage":0,"enemies":"2 Louse","floor":3,"turns":2},{"damage":4,"enemies":"Gremlin Gang","floor":4,"turns":6},{"damage":10,"enemies":"Exordium Thugs","floor":7,"turns":5},{"damage":13,"enemies":"Gremlin Nob","floor":8,"turns":4},{"damage":5,"enemies":"Looter","floor":12,"turns":4},{"damage":9,"enemies":"Exordium Wildlife","floor":14,"turns":5},{"damage":51,"enemies":"Hexaghost","floor":16,"turns":10}],"seed_played":"638437413743968717","potions_obtained":[{"floor":3,"key":"Fire Potion"},{"floor":4,"key":"Explosive Potion"},{"floor":8,"key":"Weak Potion"},{"floor":14,"key":"Ancient Potion"}],"is_trial":false,"path_per_floor":["M","M","M","M","?","R","M","E","T","?","$","M","?","M","R","B"],"character_chosen":"THE_SILENT","items_purchased":[],"campfire_rested":1,"item_purchase_floors":[],"current_hp_per_floor":[63,61,61,57,57,57,47,34,41,41,41,36,36,27,50,0],"gold":355,"neow_bonus":"THREE_CARDS","is_prod":false,"is_daily":false,"chose_seed":false,"campfire_upgraded":1,"win_rate":0,"timestamp":1554175200,"path_taken":["M","M","M","M","?","R","M","E","T","?","$","M","?","M","R","BOSS"],"build_version":"2019-01-23","purchased_purges":0,"victory":false,"max_hp_per_floor":[70,70,70,70,70,70,70,70,77,77,77,77,77,77,77,77],"card_choices":[{"not_picked":["Terror","Backstab"],"picked":"Tactician","floor":0},{"not_picked":["Finisher","Blade Dance"],"picked":"Slice","floor":1},{"not_picked":["Predator","Blade Dance"],"picked":"Reflex","floor":2},{"not_picked":["Backflip","Accuracy"],"picked":"PiercingWail","floor":3},{"not_picked":["Poisoned Stab","Cloak And Dagger"],"picked":"Dagger Throw","floor":4},{"not_picked":["Sucker Punch","Underhanded Strike"],"picked":"Acrobatics","floor":7},{"not_picked":["Wraith Form v2","Calculated Gamble","Acrobatics"],"picked":"SKIP","floor":8},{"not_picked":["Expertise","Quick Slash"],"picked":"Caltrops","floor":12},{"not_picked":["Reflex","Blade Dance","Catalyst"],"picked":"SKIP","floor":14}],"player_experience":718094,"relics_obtained":[{"floor":8,"key":"MawBank"},{"floor":9,"key":"Strawberry"}],"event_choices":[{"damage_healed":0,"gold_gain":0,"player_choice":"Grow","damage_taken":0,"max_hp_gain":0,"max_hp_loss":0,"event_name":"Living Wall","floor":5,"gold_loss":0,"cards_upgraded":["Reflex"]},{"damage_healed":0,"gold_gain":0,"player_choice":"Ignored","damage_taken":0,"max_hp_gain":0,"max_hp_loss":0,"event_name":"Shining Light","floor":10,"gold_loss":0},{"damage_healed":0,"gold_gain":0,"player_choice":"Ignored","damage_taken":0,"max_hp_gain":0,"max_hp_loss":0,"event_name":"Golden Wing","floor":13,"gold_loss":0}],"is_beta":false,"boss_relics":[],"items_purged_floors":[],"is_endless":false,"potions_floor_spawned":[3,4,8,14],"killed_by":"Hexaghost","ascension_level":6}