{"gold_per_floor":[115,190,140,159,173,173,234,123,150,150,168,203,203,215,215,310,310,327,327,345,33,33,33,33,33,33,33,33],"floor_reached":28,"playtime":1386,"items_purged":["Defend_B"],"score":325,"play_id":"a1c1ab6a-8ee1-417b-8364-200ac39cd710","local_time":"20181208211342","is_ascension_mode":true,"campfire_choices":[{"data":"Zap","floor":6,"key":"SMITH"},{"data":"Dualcast","floor":10,"key":"SMITH"},{"floor":13,"key":"REST"},{"data":"Defragment","floor":15,"key":"SMITH"},{"data":"Fission","floor":23,"key":"SMITH"},{"data":"Self Repair","floor":24,"key":"SMITH"},{"data":"Chill","floor":25,"key":"SMITH"},{"data":"Leap","floor":27,"key":"SMITH"}],"neow_cost":"NONE","seed_source_timestamp":457586054038104,"circlet_count":0,"master_deck":["Strike_B","Strike_B","Strike_B","Defend_B","Defend_B","Defend_B","Zap+1","Dualcast+1","Leap+1","Leap","Glacier","Melter","Chill+1","Self Repair+1","Defragment+1","Fission+1","BootSequence+1"],"relics":["Cracked Core","Orichalcum","Tiny Chest","Pen Nib","Lantern","Inserter","Enchiridion","WingedGreaves","Question Card"],"potions_floor_usage":[12,12,18],"damage_taken":[{"damage":0,"enemies":"Cultist","floor":1,"turns":3},{"damage":0,"enemies":"Jaw Worm","floor":4,"turns":3},{"damage":0,"enemies":"Small Slimes","floor":5,"turns":4},{"damage":3,"enemies":"3 Sentries","floor":7,"turns":16},{"damage":0,"enemies":"2 Fungi Beasts","floor":11,"turns":5},{"damage":46,"enemies":"Gremlin Nob","floor":12,"turns":7},{"damage":0,"enemies":"3 Louse","floor":14,"turns":4},{"damage":31,"enemies":"Slime Boss","floor":16,"turns":19},{"damage":8,"enemies":"3 Byrds","floor":18,"turns":7},{"damage":0,"enemies":"Shell Parasite","floor":20,"turns":7},{"damage":6,"enemies":"Colosseum Slavers","floor":22,"turns":7},{"damage":53,"enemies":"Slavers","floor":28,"turns":6}],"seed_played":"-6461139175792693386","potions_obtained":[{"floor":4,"key":"SpeedPotion"},{"floor":5,"key":"SpeedPotion"},{"floor":16,"key":"Block Potion"}],"is_trial":false,"path_per_floor":["M","?","?","M","M","R","E","$","T","R","M","E","R","M","R","B",null,"M","?","M","$","?","R","R","R","T","R","E"],"character_chosen":"DEFECT","items_purchased":["Chill","WingedGreaves"],"campfire_rested":1,"item_purchase_floors":[8,21],"current_hp_per_floor":[68,57,57,57,57,57,54,54,54,54,54,8,30,37,37,13,60,59,43,50,50,51,51,51,51,51,51,0],"gold":33,"neow_bonus":"RANDOM_COMMON_RELIC","is_prod":false,"is_daily":false,"chose_seed":false,"campfire_upgraded":7,"win_rate":0,"timestamp":1544321622,"path_taken":["M","?","?","M","M","R","E","?","T","R","M","E","R","M","R","BOSS","M","?","M","$","?","R","R","R","T","R","E"],"build_version":"2018-12-06","purchased_purges":1,"victory":false,"max_hp_per_floor":[75,75,75,75,75,75,75,75,75,75,75,75,75,75,75,75,75,75,75,75,75,75,75,75,75,75,75,75],"card_choices":[{"not_picked":["Stack","Skim"],"picked":"Leap","floor":1},{"not_picked":["Barrage","Ball Lightning"],"picked":"Leap","floor":4},{"not_picked":["FTL","Compile Driver"],"picked":"Glacier","floor":5},{"not_picked":["Multi-Cast","Double Energy"],"picked":"Melter","floor":7},{"not_picked":["Chill","Turbo"],"picked":"Self Repair","floor":11},{"not_picked":["Compile Driver","Gash","Barrage"],"picked":"SKIP","floor":12},{"not_picked":["Barrage","Heatsinks"],"picked":"Defragment","floor":14},{"not_picked":["Meteor Strike","Reboot"],"picked":"Fission","floor":16},{"not_picked":["Leap+1","Turbo"],"picked":"BootSequence+1","floor":18},{"not_picked":["Go for the Eyes","Steam Power","Ball Lightning"],"picked":"SKIP","floor":20}],"player_experience":411926,"relics_obtained":[{"floor":7,"key":"Tiny Chest"},{"floor":9,"key":"Pen Nib"},{"floor":12,"key":"Lantern"},{"floor":19,"key":"Enchiridion"},{"floor":26,"key":"Question Card"}],"event_choices":[{"damage_healed":0,"gold_gain":75,"player_choice":"Gather Gold","damage_taken":11,"max_hp_gain":0,"max_hp_loss":0,"event_name":"World of Goop","floor":2,"gold_loss":0},{"cards_removed":["Strike_B"],"damage_healed":0,"gold_gain":0,"player_choice":"Card Removal","damage_taken":0,"max_hp_gain":0,"max_hp_loss":0,"event_name":"The Cleric","floor":3,"gold_loss":50},{"damage_healed":0,"gold_gain":0,"player_choice":"Obtained Book","damage_taken":16,"max_hp_gain":0,"max_hp_loss":0,"event_name":"Cursed Tome","floor":19,"gold_loss":0},{"damage_healed":0,"gold_gain":0,"player_choice":"Fight","damage_taken":0,"max_hp_gain":0,"max_hp_loss":0,"event_name":"Colosseum","floor":22,"gold_loss":0},{"damage_healed":0,"gold_gain":0,"player_choice":"Fled From Nobs","damage_taken":0,"max_hp_gain":0,"max_hp_loss":0,"event_name":"Colosseum","floor":22,"gold_loss":0}],"is_beta":true,"boss_relics":[{"not_picked":["Philosopher\u0027s Stone","Lizard Tail"],"picked":"Inserter"}],"items_purged_floors":[8],"is_endless":false,"potions_floor_spawned":[4,5,16],"killed_by":"Slavers","ascension_level":9}