{"gold_per_floor":[118,132,144,162,53,85,97,97,145,45,120,135,154,154],"floor_reached":14,"playtime":595,"items_purged":["Strike_G","Strike_G"],"score":103,"play_id":"86fdde3f-ca15-4088-89fb-1d1bdd7b7899","local_time":"20181110101524","is_ascension_mode":true,"campfire_choices":[{"floor":8,"key":"REST"}],"neow_cost":"NONE","seed_source_timestamp":48766590605086,"circlet_count":0,"master_deck":["Defend_G","Defend_G","Defend_G","Defend_G","Defend_G","Strike_G","Strike_G","Strike_G","Survivor","Neutralize","Well Laid Plans","Escape Plan","Deflect","Skewer","Deflect","Slice","Dagger Spray","Quick Slash"],"relics":["Ring of the Snake","NeowsBlessing","Question Card","Vajra"],"potions_floor_usage":[12,13,14],"damage_taken":[{"damage":0,"enemies":"Cultist","floor":1,"turns":1},{"damage":0,"enemies":"Small Slimes","floor":2,"turns":1},{"damage":0,"enemies":"Jaw Worm","floor":3,"turns":1},{"damage":1,"enemies":"2 Fungi Beasts","floor":4,"turns":5},{"damage":41,"enemies":"Gremlin Nob","floor":6,"turns":6},{"damage":6,"enemies":"Exordium Wildlife","floor":7,"turns":11},{"damage":7,"enemies":"3 Louse","floor":12,"turns":3},{"damage":21,"enemies":"Gremlin Gang","floor":13,"turns":4},{"damage":9,"enemies":"3 Sentries","floor":14,"turns":4}],"seed_played":"8231209230828714745","potions_obtained":[{"floor":1,"key":"SpeedPotion"},{"floor":7,"key":"PowerPotion"},{"floor":12,"key":"SkillPotion"},{"floor":13,"key":"SteroidPotion"}],"is_trial":false,"path_per_floor":["M","M","M","M","$","E","M","R","T","$","?","M","M","E"],"character_chosen":"THE_SILENT","items_purchased":["Skewer"],"campfire_rested":1,"item_purchase_floors":[5],"current_hp_per_floor":[70,70,70,69,69,28,22,43,43,43,36,29,8,0],"gold":154,"neow_bonus":"THREE_ENEMY_KILL","is_prod":false,"is_daily":false,"chose_seed":false,"campfire_upgraded":0,"win_rate":0,"timestamp":1541816124,"path_taken":["M","?","M","M","$","E","M","R","T","$","?","M","?","E"],"build_version":"2018-11-08","purchased_purges":2,"victory":false,"max_hp_per_floor":[70,70,70,70,70,70,70,70,70,70,70,70,70,70],"card_choices":[{"not_picked":["Dagger Spray","Underhanded Strike"],"picked":"Well Laid Plans","floor":1},{"not_picked":["Endless Agony","Deadly Poison"],"picked":"Escape Plan","floor":2},{"not_picked":["Dagger Throw","Wraith Form v2"],"picked":"Deflect","floor":3},{"not_picked":["Masterful Stab","Poisoned Stab","Quick Slash"],"picked":"SKIP","floor":4},{"not_picked":["Flechettes","Backflip"],"picked":"Deflect","floor":6},{"not_picked":["Outmaneuver","Dagger Throw","Blade Dance"],"picked":"Slice","floor":7},{"not_picked":["Dagger Throw","Eviscerate","Cloak And Dagger"],"picked":"Dagger Spray","floor":12},{"not_picked":["PiercingWail","Dodge and Roll","Noxious Fumes"],"picked":"Quick Slash","floor":13}],"player_experience":431580,"relics_obtained":[{"floor":6,"key":"Question Card"},{"floor":9,"key":"Vajra"}],"event_choices":[{"damage_healed":0,"gold_gain":75,"player_choice":"Touch","damage_taken":7,"max_hp_gain":0,"max_hp_loss":0,"event_name":"FaceTrader","floor":11,"gold_loss":0}],"is_beta":false,"boss_relics":[],"items_purged_floors":[5,10],"is_endless":false,"potions_floor_spawned":[1,7,12,13],"killed_by":"3 Sentries","ascension_level":2}