{"gold_per_floor":[116,116,134,150,6,6,6,6,59,59,86,116,144,157,157,258,258,268,268],"floor_reached":19,"playtime":1106,"items_purged":[],"score":263,"play_id":"a2aa91f5-a614-4a25-8174-28c56c0de89d","local_time":"20190103210203","is_ascension_mode":true,"campfire_choices":[{"data":"Dualcast","floor":6,"key":"SMITH"},{"data":"Self Repair","floor":8,"key":"SMITH"},{"data":"Coolheaded","floor":10,"key":"SMITH"},{"data":"Gash","floor":15,"key":"SMITH"}],"neow_cost":"NONE","seed_source_timestamp":1241116560338750,"circlet_count":0,"master_deck":["AscendersBane","Strike_B","Strike_B","Strike_B","Strike_B","Defend_B","Defend_B","Defend_B","Defend_B","Zap+1","Dualcast+1","All For One","Coolheaded+1","Self Repair+1","Gash+1","Cold Snap+1"],"special_seed":0,"relics":["Cracked Core","Bag of Preparation","Potion Belt","Ancient Tea Set","Orichalcum","Inserter"],"potions_floor_usage":[13,16,19],"damage_taken":[{"damage":3,"enemies":"2 Louse","floor":1,"turns":3},{"damage":0,"enemies":"Cultist","floor":3,"turns":2},{"damage":0,"enemies":"Small Slimes","floor":4,"turns":2},{"damage":18,"enemies":"Lagavulin","floor":11,"turns":8},{"damage":13,"enemies":"3 Sentries","floor":13,"turns":5},{"damage":2,"enemies":"3 Louse","floor":14,"turns":3},{"damage":51,"enemies":"Slime Boss","floor":16,"turns":13},{"damage":27,"enemies":"Shell Parasite","floor":18,"turns":6},{"damage":57,"enemies":"Masked Bandits","floor":19,"turns":3}],"seed_played":"-7792505476238159904","potions_obtained":[{"floor":11,"key":"Block Potion"},{"floor":13,"key":"EssenceOfSteel"},{"floor":14,"key":"LiquidBronze"},{"floor":16,"key":"Dexterity Potion"},{"floor":18,"key":"Strength Potion"}],"is_trial":false,"path_per_floor":["M","?","M","M","$","R","$","R","T","R","E","?","E","M","R","B",null,"M","?"],"character_chosen":"DEFECT","items_purchased":["Bag of Preparation"],"campfire_rested":0,"item_purchase_floors":[5],"current_hp_per_floor":[65,65,65,65,65,65,65,65,65,65,57,57,54,52,52,11,59,42,0],"gold":268,"neow_bonus":"ONE_RANDOM_RARE_CARD","is_prod":false,"is_daily":false,"chose_seed":false,"campfire_upgraded":4,"win_rate":0,"timestamp":1546567323,"path_taken":["M","?","M","?","?","R","?","R","T","R","E","?","E","M","R","BOSS","M","?"],"build_version":"2019-01-02","purchased_purges":0,"victory":false,"max_hp_per_floor":[75,75,75,75,75,75,75,75,75,75,75,75,75,75,75,75,75,75,75],"card_choices":[{"not_picked":["Steam","Rip and Tear"],"picked":"Coolheaded","floor":1},{"not_picked":["Blizzard","Tempest","Darkness"],"picked":"SKIP","floor":3},{"not_picked":["Steam","Ball Lightning"],"picked":"Self Repair","floor":4},{"not_picked":["Ball Lightning","Beam Cell"],"picked":"Gash","floor":11},{"not_picked":["Steam","Compile Driver","Heatsinks"],"picked":"SKIP","floor":13},{"not_picked":["Barrage","Stack","Streamline"],"picked":"SKIP","floor":14},{"not_picked":["Turbo+1","Rip and Tear"],"picked":"Cold Snap+1","floor":18}],"player_experience":447810,"relics_obtained":[{"floor":9,"key":"Potion Belt"},{"floor":11,"key":"Ancient Tea Set"},{"floor":13,"key":"Orichalcum"}],"event_choices":[{"damage_healed":0,"gold_gain":0,"player_choice":"Forge","damage_taken":0,"max_hp_gain":0,"max_hp_loss":0,"event_name":"Accursed Blacksmith","floor":2,"gold_loss":0,"cards_upgraded":["Zap"]},{"damage_healed":0,"gold_gain":30,"player_choice":"Searched \u00271\u0027 times","damage_taken":0,"max_hp_gain":0,"max_hp_loss":0,"event_name":"Dead Adventurer","floor":12,"gold_loss":0},{"damage_healed":0,"gold_gain":0,"player_choice":"Fought Bandits","damage_taken":0,"max_hp_gain":0,"max_hp_loss":0,"event_name":"Masked Bandits","floor":19,"gold_loss":0}],"is_beta":true,"boss_relics":[{"not_picked":["Cursed Key","Black Star"],"picked":"Inserter"}],"items_purged_floors":[],"is_endless":false,"potions_floor_spawned":[11,13,14,16,18],"killed_by":"Masked Bandits","ascension_level":10}