{"gold_per_floor":[215,66,80,80,255,284,31,31,31,31,56,66,66,66,66,170,220,238,123,141,121,21,21,39,72,72,90,121,121,156,31,31,133,133,152,166,166,186,186],"floor_reached":39,"playtime":3175,"items_purged":["Doubt","Strike_G","Strike_G"],"score":604,"play_id":"84414468-6e14-471f-8785-56c90cfc3618","local_time":"20190531180511","is_ascension_mode":true,"campfire_choices":[{"data":"Poisoned Stab","floor":8,"key":"SMITH"},{"data":"Neutralize","floor":10,"key":"SMITH"},{"data":"Infinite Blades","floor":15,"key":"SMITH"},{"data":"Storm of Steel","floor":23,"key":"SMITH"},{"floor":29,"key":"REST"},{"floor":32,"key":"REST"}],"neow_cost":"NONE","seed_source_timestamp":3392056222100,"circlet_count":0,"master_deck":["Defend_G","Defend_G","Defend_G","Defend_G","Defend_G","Strike_G+1","Strike_G+1","Strike_G+1","Survivor","Neutralize+1","Poisoned Stab+1","Infinite Blades+1","Sucker Punch","PiercingWail","Storm of Steel+1","Dodge and Roll","Well Laid Plans","Noxious Fumes","Caltrops+1","Dodge and Roll","Slice+1","Quick Slash+1","After Image","Parasite","Backflip+1","Forethought","Thinking Ahead","Deflect"],"relics":["Ring of the Snake","Oddly Smooth Stone","Whetstone","Kunai","Anchor","Mango","Nunchaku","Tiny House","Omamori","Ancient Tea Set","Regal Pillow","Calling Bell","Bag of Marbles","The Courier","Ginger"],"potions_floor_usage":[6,18,21,25,28,30,33],"damage_taken":[{"damage":2,"enemies":"Jaw Worm","floor":1,"turns":5},{"damage":0,"enemies":"Small Slimes","floor":3,"turns":4},{"damage":20,"enemies":"Gremlin Nob","floor":6,"turns":4},{"damage":30,"enemies":"3 Sentries","floor":11,"turns":8},{"damage":0,"enemies":"2 Louse","floor":12,"turns":3},{"damage":14,"enemies":"Hexaghost","floor":16,"turns":13},{"damage":19,"enemies":"2 Thieves","floor":18,"turns":4},{"damage":2,"enemies":"Chosen","floor":20,"turns":5},{"damage":5,"enemies":"Centurion and Healer","floor":24,"turns":8},{"damage":22,"enemies":"Gremlin Leader","floor":25,"turns":7},{"damage":11,"enemies":"Snake Plant","floor":27,"turns":5},{"damage":19,"enemies":"Book of Stabbing","floor":28,"turns":6},{"damage":4,"enemies":"Slavers","floor":30,"turns":5},{"damage":46,"enemies":"Collector","floor":33,"turns":13},{"damage":19,"enemies":"Orb Walker","floor":35,"turns":5},{"damage":7,"enemies":"3 Shapes","floor":36,"turns":6},{"damage":11,"enemies":"Maw","floor":38,"turns":10},{"damage":42,"enemies":"4 Shapes","floor":39,"turns":3}],"seed_played":"4830579100267516904","potions_obtained":[{"floor":1,"key":"FearPotion"},{"floor":3,"key":"Strength Potion"},{"floor":16,"key":"Fire Potion"},{"floor":17,"key":"Fruit Juice"},{"floor":21,"key":"GamblersBrew"},{"floor":24,"key":"Explosive Potion"},{"floor":25,"key":"Poison Potion"},{"floor":30,"key":"EssenceOfSteel"},{"floor":33,"key":"Swift Potion"},{"floor":38,"key":"LiquidBronze"}],"is_trial":false,"path_per_floor":["M","$","M","?","?","E","$","R","T","R","E","M","?","$","R","B",null,"M","$","M","?","$","R","M","E","T","M","E","R","E","$","R","B",null,"M","M","?","M","M"],"character_chosen":"THE_SILENT","items_purchased":["Oddly Smooth Stone","Kunai","Noxious Fumes"],"campfire_rested":2,"item_purchase_floors":[2,7,19],"current_hp_per_floor":[61,61,61,66,66,46,46,46,46,46,30,30,27,27,27,13,75,56,56,54,59,59,59,54,32,32,21,2,31,27,27,71,25,81,62,55,45,34,0],"gold":186,"neow_bonus":"HUNDRED_GOLD","is_prod":false,"is_daily":false,"chose_seed":false,"campfire_upgraded":4,"win_rate":0,"timestamp":1559306111,"path_taken":["M","$","M","?","?","E","$","R","T","R","E","M","?","?","R","BOSS","M","$","?","?","$","R","M","E","T","M","E","R","E","$","R","BOSS","M","?","?","M","M"],"build_version":"2019-01-23","purchased_purges":3,"victory":false,"max_hp_per_floor":[70,70,70,75,75,75,75,75,75,75,89,89,89,89,89,89,94,94,94,94,99,99,99,99,99,99,99,99,99,99,99,99,99,99,99,99,99,99,99],"card_choices":[{"not_picked":["Expertise","Catalyst"],"picked":"Poisoned Stab","floor":1},{"not_picked":["Cloak And Dagger","Blade Dance"],"picked":"Infinite Blades","floor":3},{"not_picked":["Underhanded Strike","Slice"],"picked":"Sucker Punch","floor":6},{"not_picked":["Predator","Dagger Throw","Flying Knee"],"picked":"SKIP","floor":11},{"not_picked":["Quick Slash","Deflect"],"picked":"PiercingWail","floor":12},{"not_picked":["Burst","Unload"],"picked":"Storm of Steel","floor":16},{"not_picked":["Dagger Spray","Bane"],"picked":"Dodge and Roll","floor":17},{"not_picked":["Dash","PiercingWail"],"picked":"Well Laid Plans","floor":18},{"not_picked":["Dash","Dagger Spray","Choke"],"picked":"SKIP","floor":20},{"not_picked":["Phantasmal Killer","Noxious Fumes"],"picked":"Caltrops+1","floor":24},{"not_picked":["Infinite Blades","Unload"],"picked":"Dodge and Roll","floor":25},{"not_picked":["Underhanded Strike","Acrobatics+1"],"picked":"Slice+1","floor":27},{"not_picked":["Choke","Dagger Throw"],"picked":"Quick Slash+1","floor":28},{"not_picked":["Dagger Spray","Bane","Prepared"],"picked":"SKIP","floor":30},{"not_picked":["A Thousand Cuts","Grand Finale"],"picked":"After Image","floor":33},{"not_picked":["Noxious Fumes","Outmaneuver"],"picked":"Backflip+1","floor":35},{"not_picked":["Reflex","Dagger Spray+1","Sucker Punch"],"picked":"SKIP","floor":36},{"not_picked":["Impatience","Purity"],"picked":"Forethought","floor":37},{"not_picked":["Swift Strike","Magnetism"],"picked":"Thinking Ahead","floor":37},{"not_picked":["Sucker Punch","Deadly Poison"],"picked":"Deflect","floor":38}],"player_experience":238214,"relics_obtained":[{"floor":6,"key":"Whetstone"},{"floor":9,"key":"Anchor"},{"floor":11,"key":"Mango"},{"floor":25,"key":"Omamori"},{"floor":28,"key":"Ancient Tea Set"},{"floor":30,"key":"Regal Pillow"},{"floor":34,"key":"Bag of Marbles"},{"floor":34,"key":"The Courier"},{"floor":34,"key":"Ginger"}],"event_choices":[{"damage_healed":0,"gold_gain":0,"player_choice":"Donut","damage_taken":0,"max_hp_gain":5,"max_hp_loss":0,"event_name":"Big Fish","floor":4,"gold_loss":0},{"damage_healed":0,"gold_gain":175,"player_choice":"AGREE","damage_taken":0,"max_hp_gain":0,"max_hp_loss":0,"event_name":"Liars Game","floor":5,"gold_loss":0,"cards_obtained":["Doubt"]},{"damage_healed":0,"gold_gain":0,"player_choice":"Success","damage_taken":3,"relics_obtained":["Nunchaku"],"max_hp_gain":0,"max_hp_loss":0,"event_name":"Scrap Ooze","floor":13,"gold_loss":0},{"damage_healed":0,"gold_gain":0,"player_choice":"Bought 1 Potion","damage_taken":0,"max_hp_gain":0,"max_hp_loss":0,"event_name":"The Woman in Blue","floor":21,"gold_loss":0},{"damage_healed":0,"gold_gain":0,"player_choice":"Memory 3","damage_taken":10,"max_hp_gain":0,"max_hp_loss":0,"event_name":"SensoryStone","floor":37,"gold_loss":0}],"is_beta":false,"boss_relics":[{"not_picked":["Busted Crown","Lizard Tail"],"picked":"Tiny House"},{"not_picked":["Astrolabe","Ring of the Serpent"],"picked":"Calling Bell"}],"items_purged_floors":[19,22,31],"is_endless":false,"potions_floor_spawned":[1,3,16,24,25,30,33,38],"killed_by":"4 Shapes","ascension_level":6}