{"gold_per_floor":[109,121,121,139,169,169,52,64,64,76,76,90,15,28,28,28],"floor_reached":16,"playtime":661,"items_purged":["Strike_G"],"score":122,"play_id":"aff8f62c-5d55-4b5e-97d3-0c8491eb2947","local_time":"20190531013747","is_ascension_mode":true,"campfire_choices":[{"data":"Neutralize","floor":6,"key":"SMITH"},{"floor":11,"key":"REST"},{"data":"Blade Dance","floor":15,"key":"SMITH"}],"neow_cost":"NONE","seed_source_timestamp":7751534396100,"circlet_count":0,"master_deck":["Defend_G","Defend_G","Defend_G","Defend_G","Defend_G","Strike_G","Strike_G","Strike_G","Strike_G","Survivor","Neutralize+1","Burst","PiercingWail","Poisoned Stab","Dash","Caltrops","Backstab","Cloak And Dagger","Dagger Spray","Blade Dance+1","Die Die Die"],"relics":["Ring of the Snake","Kunai","Tiny Chest","Vajra"],"potions_floor_usage":[],"damage_taken":[{"damage":9,"enemies":"Small Slimes","floor":1,"turns":5},{"damage":0,"enemies":"Cultist","floor":2,"turns":5},{"damage":1,"enemies":"Jaw Worm","floor":4,"turns":5},{"damage":12,"enemies":"Exordium Thugs","floor":8,"turns":6},{"damage":0,"enemies":"Red Slaver","floor":10,"turns":3},{"damage":0,"enemies":"Looter","floor":12,"turns":2},{"damage":0,"enemies":"Lots of Slimes","floor":14,"turns":1},{"damage":66,"enemies":"Slime Boss","floor":16,"turns":9}],"seed_played":"-3803299588395295720","potions_obtained":[{"floor":4,"key":"Weak Potion"},{"floor":10,"key":"Dexterity Potion"},{"floor":12,"key":"FearPotion"},{"floor":14,"key":"LiquidBronze"}],"is_trial":false,"path_per_floor":["M","M","?","M","?","R","$","M","T","M","R","M","$","M","R","B"],"character_chosen":"THE_SILENT","items_purchased":["Caltrops","Backstab"],"campfire_rested":1,"item_purchase_floors":[7,7],"current_hp_per_floor":[54,54,42,41,41,41,41,29,29,29,50,50,50,50,50,0],"gold":28,"neow_bonus":"ONE_RANDOM_RARE_CARD","is_prod":false,"is_daily":false,"chose_seed":false,"campfire_upgraded":2,"win_rate":0,"timestamp":1559246867,"path_taken":["M","M","?","M","?","R","$","?","T","M","R","M","$","M","R","BOSS"],"build_version":"2019-01-23","purchased_purges":1,"victory":false,"max_hp_per_floor":[70,70,70,70,70,70,70,70,70,70,70,70,70,70,70,70],"card_choices":[{"not_picked":["Quick Slash","Terror"],"picked":"PiercingWail","floor":1},{"not_picked":["Riddle With Holes","Dodge and Roll"],"picked":"Poisoned Stab","floor":2},{"not_picked":["Calculated Gamble","Bouncing Flask"],"picked":"Dash","floor":4},{"not_picked":["Tools of the Trade","PiercingWail"],"picked":"Cloak And Dagger","floor":8},{"not_picked":["Eviscerate","Dagger Throw"],"picked":"Dagger Spray","floor":10},{"not_picked":["Poisoned Stab","Flying Knee"],"picked":"Blade Dance","floor":12},{"not_picked":["Masterful Stab","Underhanded Strike"],"picked":"Die Die Die","floor":14}],"player_experience":235573,"relics_obtained":[{"floor":9,"key":"Vajra"}],"event_choices":[{"damage_healed":0,"gold_gain":0,"player_choice":"Success","damage_taken":12,"relics_obtained":["Kunai"],"max_hp_gain":0,"max_hp_loss":0,"event_name":"Scrap Ooze","floor":3,"gold_loss":0},{"damage_healed":0,"gold_gain":0,"player_choice":"Gave Potion","damage_taken":0,"relics_obtained":["Tiny Chest"],"max_hp_gain":0,"max_hp_loss":0,"event_name":"WeMeetAgain","floor":5,"gold_loss":0}],"is_beta":false,"boss_relics":[],"items_purged_floors":[13],"is_endless":false,"potions_floor_spawned":[4,10,12,14],"killed_by":"Slime Boss","ascension_level":6}