{"gold_per_floor":[110,123,123,123,140,140,140,157,225,225,300,300,314,164,164,237,237,255,255,270,280,1,1,1,1,1,1,17,31,31,49,49,49],"floor_reached":33,"playtime":1893,"items_purged":["Strike_B"],"score":403,"play_id":"a783d789-aa6d-44c8-9044-5e6543e63cbc","local_time":"20190502004103","is_ascension_mode":true,"campfire_choices":[{"floor":6,"key":"REST"},{"data":"Zap","floor":7,"key":"SMITH"},{"floor":10,"key":"REST"},{"floor":15,"key":"REST"},{"floor":23,"key":"REST"},{"data":"Coolheaded","floor":25,"key":"SMITH"},{"floor":27,"key":"REST"},{"floor":32,"key":"REST"}],"neow_cost":"PERCENT_DAMAGE","seed_source_timestamp":1818386085864731,"circlet_count":0,"master_deck":["AscendersBane","Strike_B","Strike_B","Defend_B","Defend_B","Defend_B","Defend_B","Zap+1","Dualcast","Tempest","Compile Driver","Coolheaded+1","Defragment+1","Conserve Battery","Rainbow","Double Energy","Ball Lightning","Hologram","Defragment+1","Electrodynamics","Cold Snap","Bandage Up"],"relics":["Cracked Core","WingedGreaves","Question Card","Philosopher\u0027s Stone","DollysMirror","Matryoshka"],"potions_floor_usage":[5,8,16,18,28,31,33],"damage_taken":[{"damage":0,"enemies":"Small Slimes","floor":1,"turns":3},{"damage":5,"enemies":"2 Louse","floor":2,"turns":2},{"damage":0,"enemies":"Jaw Worm","floor":5,"turns":3},{"damage":8,"enemies":"3 Louse","floor":8,"turns":4},{"damage":9,"enemies":"Large Slime","floor":13,"turns":4},{"damage":9,"enemies":"Hexaghost","floor":16,"turns":9},{"damage":40,"enemies":"3 Byrds","floor":18,"turns":5},{"damage":7,"enemies":"Shell Parasite","floor":20,"turns":4},{"damage":1,"enemies":"Centurion and Healer","floor":21,"turns":5},{"damage":27,"enemies":"3 Cultists","floor":28,"turns":5},{"damage":2,"enemies":"Cultist and Chosen","floor":29,"turns":4},{"damage":42,"enemies":"Shelled Parasite and Fungi","floor":31,"turns":6},{"damage":36,"enemies":"Champ","floor":33,"turns":8}],"seed_played":"59136119014271262","potions_obtained":[{"floor":2,"key":"Dexterity Potion"},{"floor":5,"key":"Swift Potion"},{"floor":16,"key":"Weak Potion"},{"floor":18,"key":"Strength Potion"},{"floor":31,"key":"Swift Potion"}],"is_trial":false,"path_per_floor":["M","M","?","?","M","R","R","M","T","R","?","?","M","$","R","B",null,"M","?","M","M","$","R","$","R","T","R","M","M","?","M","R","B"],"character_chosen":"DEFECT","items_purchased":["FocusPotion","DollysMirror","Regen Potion"],"campfire_rested":6,"item_purchase_floors":[14,22,22],"current_hp_per_floor":[46,41,41,8,8,29,29,21,21,42,31,31,22,22,43,34,62,22,22,15,14,14,35,35,35,35,56,43,41,41,3,24,0],"gold":49,"neow_bonus":"ONE_RARE_RELIC","is_prod":false,"is_daily":false,"chose_seed":false,"campfire_upgraded":2,"win_rate":0,"timestamp":1556782863,"path_taken":["M","M","?","?","M","R","R","?","T","R","?","?","M","$","R","BOSS","M","?","M","M","$","R","$","R","T","R","M","?","?","M","R","BOSS"],"build_version":"2019-01-23","purchased_purges":1,"victory":false,"max_hp_per_floor":[71,71,71,71,71,71,71,71,71,71,71,71,71,71,71,71,71,71,71,71,71,71,71,71,71,71,71,71,71,71,71,71,71],"card_choices":[{"not_picked":["Turbo","Beam Cell"],"picked":"Tempest","floor":1},{"not_picked":["Turbo","Sweeping Beam"],"picked":"Compile Driver","floor":2},{"not_picked":["Heatsinks","Gash"],"picked":"Coolheaded","floor":5},{"not_picked":["Compile Driver","Go for the Eyes"],"picked":"Defragment","floor":8},{"not_picked":["Sweeping Beam","Barrage","Compile Driver"],"picked":"Conserve Battery","floor":13},{"not_picked":["Multi-Cast","Hyperbeam","All For One"],"picked":"Rainbow","floor":16},{"not_picked":["Undo","Rip and Tear","Sweeping Beam+1"],"picked":"Double Energy","floor":18},{"not_picked":["Undo","Tempest","Redo+1"],"picked":"Ball Lightning","floor":20},{"not_picked":["Stack","Cold Snap","Compile Driver"],"picked":"Hologram","floor":21},{"not_picked":["Stack","Gash","Turbo"],"picked":"Electrodynamics","floor":28},{"not_picked":["Coolheaded","Self Repair","Steam"],"picked":"Cold Snap","floor":29},{"not_picked":["Rebound","Sweeping Beam","Lockon","Darkness"],"picked":"SKIP","floor":31}],"player_experience":449460,"relics_obtained":[{"floor":9,"key":"Question Card"},{"floor":26,"key":"Matryoshka"}],"event_choices":[{"damage_healed":0,"gold_gain":0,"player_choice":"Ignored","damage_taken":0,"max_hp_gain":0,"max_hp_loss":0,"event_name":"Liars Game","floor":3,"gold_loss":0},{"damage_healed":0,"gold_gain":0,"player_choice":"Fled","damage_taken":33,"max_hp_gain":0,"max_hp_loss":0,"event_name":"Scrap Ooze","floor":4,"gold_loss":0},{"damage_healed":0,"gold_gain":75,"player_choice":"Gather Gold","damage_taken":11,"max_hp_gain":0,"max_hp_loss":0,"event_name":"World of Goop","floor":11,"gold_loss":0},{"damage_healed":0,"gold_gain":0,"player_choice":"Grow","damage_taken":0,"max_hp_gain":0,"max_hp_loss":0,"event_name":"Living Wall","floor":12,"gold_loss":0,"cards_upgraded":["Defragment"]},{"cards_removed":["Strike_B"],"damage_healed":0,"gold_gain":0,"player_choice":"Card Removal","damage_taken":0,"max_hp_gain":0,"max_hp_loss":0,"event_name":"Wheel of Change","floor":19,"gold_loss":0},{"damage_healed":0,"gold_gain":0,"player_choice":"1 cards matched","damage_taken":0,"max_hp_gain":0,"max_hp_loss":0,"event_name":"Match and Keep!","floor":30,"gold_loss":0,"cards_obtained":["Bandage Up"]}],"is_beta":false,"boss_relics":[{"not_picked":["Runic Pyramid","Runic Dome"],"picked":"Philosopher\u0027s Stone"}],"items_purged_floors":[14],"is_endless":false,"potions_floor_spawned":[2,5,16,18,31],"killed_by":"Champ","ascension_level":14}