{"gold_per_floor":[110,127,141,14,14,14,46,58,58,86,101,101,163,197,197,273,273,286,97,108,128,28,28,60,60,108,108,108,108,136,136,136,214,214,231,580,595,595,161,161,195,195,219,233,33,33,62,73,73,73,73,73,1,31,31],"floor_reached":56,"playtime":9622,"items_purged":["Strike_B","Strike_B","Writhe","Strike_B"],"score":1899,"play_id":"b9fe80fa-ecf6-4b0d-8721-f14d0cf81911","local_time":"20190427142656","is_ascension_mode":true,"campfire_choices":[{"data":"Genetic Algorithm","floor":6.0,"key":"SMITH"},{"data":"Go for the Eyes","floor":12.0,"key":"SMITH"},{"data":"Capacitor","floor":15.0,"key":"SMITH"},{"data":"Defragment","floor":23.0,"key":"SMITH"},{"data":"Blizzard","floor":25.0,"key":"SMITH"},{"floor":27.0,"key":"REST"},{"data":"Seek","floor":32.0,"key":"SMITH"},{"data":"Loop","floor":40,"key":"SMITH"},{"data":"Biased Cognition","floor":42,"key":"SMITH"},{"floor":46,"key":"RECALL"},{"data":"Sunder","floor":49,"key":"SMITH"},{"floor":52,"key":"REST"}],"neow_cost":"NONE","seed_source_timestamp":0,"circlet_count":0,"master_deck":["AscendersBane","Defend_B","Defend_B","Defend_B","Defend_B","Zap","Dualcast","Hologram","Cold Snap","Ball Lightning","Genetic Algorithm+1","Seek+1","Go for the Eyes+1","Cold Snap","Glacier","Compile Driver","Capacitor+1","Echo Form","Reinforced Body","Undo","Blizzard+1","Defragment+1","Sunder+1","Biased Cognition+1","Creative AI","Loop+1","Hologram+1","Sunder+1"],"special_seed":0,"relics":["Cracked Core","Torii","Gambling Chip","Calipers","Juzu Bracelet","Question Card","Blue Candle","Snecko Eye","Dodecahedron","Bronze Scales","Toxic Egg 2","Philosopher\u0027s Stone","Old Coin","Ice Cream","Orichalcum","Cables"],"potions_floor_usage":[41,55,55],"damage_taken":[{"damage":0.0,"enemies":"2 Louse","floor":1.0,"turns":3.0},{"damage":7.0,"enemies":"Small Slimes","floor":2.0,"turns":3.0},{"damage":4.0,"enemies":"Cultist","floor":3.0,"turns":3.0},{"damage":2.0,"enemies":"3 Sentries","floor":7.0,"turns":7.0},{"damage":2.0,"enemies":"Blue Slaver","floor":8.0,"turns":4.0},{"damage":14.0,"enemies":"Gremlin Nob","floor":10.0,"turns":3.0},{"damage":0.0,"enemies":"Looter","floor":11.0,"turns":2.0},{"damage":1.0,"enemies":"3 Sentries","floor":13.0,"turns":9.0},{"damage":3.0,"enemies":"3 Sentries","floor":14.0,"turns":9.0},{"damage":18.0,"enemies":"Slime Boss","floor":16.0,"turns":13.0},{"damage":23.0,"enemies":"2 Thieves","floor":18.0,"turns":5.0},{"damage":4.0,"enemies":"3 Byrds","floor":20.0,"turns":6.0},{"damage":1.0,"enemies":"Snake Plant","floor":21.0,"turns":7.0},{"damage":7.0,"enemies":"Book of Stabbing","floor":24.0,"turns":12.0},{"damage":9.0,"enemies":"Slavers","floor":30.0,"turns":6.0},{"damage":30.0,"enemies":"Collector","floor":33.0,"turns":10.0},{"damage":9.0,"enemies":"3 Darklings","floor":35.0,"turns":10.0},{"damage":21.0,"enemies":"2 Orb Walkers","floor":36.0,"turns":4.0},{"damage":0,"enemies":"Orb Walker","floor":37,"turns":4},{"damage":9,"enemies":"Reptomancer","floor":41,"turns":8},{"damage":1,"enemies":"Transient","floor":44,"turns":5},{"damage":0,"enemies":"Nemesis","floor":47,"turns":19},{"damage":0,"enemies":"3 Darklings","floor":48,"turns":3},{"damage":18,"enemies":"Donu and Deca","floor":50,"turns":11},{"damage":0,"enemies":"Shield and Spear","floor":54,"turns":11},{"damage":55,"enemies":"The Heart","floor":55,"turns":10}],"seed_played":"1920526573468549391","potions_obtained":[{"floor":2.0,"key":"FearPotion"},{"floor":7.0,"key":"Ancient Potion"},{"floor":11.0,"key":"SkillPotion"},{"floor":13.0,"key":"EntropicBrew"},{"floor":20.0,"key":"EssenceOfSteel"},{"floor":24.0,"key":"SpeedPotion"},{"floor":33.0,"key":"GamblersBrew"},{"floor":36,"key":"SteroidPotion"},{"floor":37,"key":"SpeedPotion"},{"floor":41,"key":"Dexterity Potion"}],"is_trial":false,"path_per_floor":["M","M","M","$","?","R","E","M","T","E","M","R","?","E","R","B",null,"M","$","M","M","$","R","E","R","T","R","?","?","E","?","R","B",null,"M","?","M","?","$","R","E","R","T","M","$","R","E","M","R","B",null,"R","$","E","B",null],"character_chosen":"DEFECT","items_purchased":["Genetic Algorithm","SkillPotion","Undo","Blizzard","Ice Cream","Energy Potion","FocusPotion"],"campfire_rested":2,"item_purchase_floors":[4,4,19,19,39,45,53],"current_hp_per_floor":[75,68,64,64,61,61,59,57,57,43,43,43,42,39,39,21,67,44,44,40,39,39,39,32,32,32,56,56,56,47,47,47,17,66,57,36,36,57,57,57,48,48,48,47,47,47,47,47,47,29,69,82,82,82,27],"gold":31,"neow_bonus":"TEN_PERCENT_HP_BONUS","is_prod":false,"is_daily":false,"chose_seed":false,"campfire_upgraded":9,"win_rate":0,"timestamp":1556400416,"path_taken":["M","M","M","$","?","R","E","M","T","E","M","R","?","E","R","BOSS","M","$","M","M","$","R","E","R","T","R","?","?","E","?","R","BOSS","M","?","M","?","$","R","E","R","T","M","$","R","E","M","R","BOSS","R","$","E","BOSS"],"build_version":"2019-01-23","purchased_purges":4,"victory":true,"max_hp_per_floor":[82,82,82,82,82,82,82,82,82,82,82,82,82,82,82,82,82,82,82,82,82,82,82,82,82,82,82,82,82,82,82,82,82,82,82,82,82,82,82,82,82,82,82,82,82,82,82,82,82,82,82,82,82,82,82],"card_choices":[{"not_picked":["Redo","Gash"],"picked":"Hologram","floor":1.0},{"not_picked":["Sweeping Beam","Go for the Eyes"],"picked":"Cold Snap","floor":2.0},{"not_picked":["Coolheaded","Blizzard"],"picked":"Ball Lightning","floor":3.0},{"not_picked":["White Noise","Double Energy"],"picked":"Seek","floor":7.0},{"not_picked":["Redo","Leap"],"picked":"Go for the Eyes","floor":8.0},{"not_picked":["Coolheaded","Rebound"],"picked":"Cold Snap","floor":10.0},{"not_picked":["Storm","Conserve Battery"],"picked":"Glacier","floor":11.0},{"not_picked":["Recycle","Sweeping Beam"],"picked":"Compile Driver","floor":13.0},{"not_picked":["Fusion","Conserve Battery","Recycle"],"picked":"Capacitor","floor":14.0},{"not_picked":["Rainbow","Meteor Strike","Seek"],"picked":"Echo Form","floor":16.0},{"not_picked":["Streamline","Conserve Battery","Hello World"],"picked":"Reinforced Body","floor":18.0},{"not_picked":["Sweeping Beam","Steam+1","Stack","Rebound"],"picked":"SKIP","floor":20.0},{"not_picked":["Recycle","Rebound","Streamline+1"],"picked":"Defragment","floor":21.0},{"not_picked":["Go for the Eyes","Rebound","Redo","Lockon"],"picked":"SKIP","floor":24.0},{"not_picked":["Hologram","Steam Power","Lockon"],"picked":"Biased Cognition","floor":30.0},{"not_picked":["Electrodynamics","All For One","Core Surge"],"picked":"Creative AI","floor":33.0},{"not_picked":["Conserve Battery+1","Darkness+1","Stack+1","Barrage+1"],"picked":"SKIP","floor":35.0},{"not_picked":["Rip and Tear+1","Turbo+1","FTL"],"picked":"Loop","floor":36},{"not_picked":["Gash","Steam+1","Streamline"],"picked":"Hologram+1","floor":37},{"not_picked":["Compile Driver","Reinforced Body+1","Barrage","Chaos+1"],"picked":"SKIP","floor":41},{"not_picked":["Hologram+1","Fission+1","Redo+1","Barrage+1"],"picked":"SKIP","floor":44},{"not_picked":["Steam+1","Gash+1","Beam Cell+1"],"picked":"Sunder","floor":47},{"not_picked":["Steam+1","Sweeping Beam","Hologram+1","Coolheaded+1"],"picked":"SKIP","floor":48},{"not_picked":["Biased Cognition","Redo+1","Darkness+1","Tempest+1"],"picked":"SKIP","floor":54}],"player_experience":423729,"relics_obtained":[{"floor":7.0,"key":"Gambling Chip"},{"floor":9.0,"key":"Calipers"},{"floor":10.0,"key":"Juzu Bracelet"},{"floor":13.0,"key":"Question Card"},{"floor":14.0,"key":"Blue Candle"},{"floor":24.0,"key":"Dodecahedron"},{"floor":26.0,"key":"Bronze Scales"},{"floor":30.0,"key":"Toxic Egg 2"},{"floor":36,"key":"Old Coin"},{"floor":41,"key":"Orichalcum"},{"floor":47,"key":"Cables"}],"event_choices":[{"damage_healed":0.0,"max_hp_gain":0.0,"max_hp_loss":0.0,"gold_gain":0.0,"event_name":"Scrap Ooze","player_choice":"Success","floor":5.0,"gold_loss":0.0,"damage_taken":3.0,"relics_obtained":["Torii"]},{"damage_healed":0.0,"max_hp_gain":0.0,"max_hp_loss":0.0,"gold_gain":0.0,"event_name":"Dead Adventurer","player_choice":"Searched \u00271\u0027 times","floor":13.0,"gold_loss":0.0,"damage_taken":0.0},{"damage_healed":0.0,"max_hp_gain":0.0,"max_hp_loss":0.0,"gold_gain":0.0,"event_name":"The Library","player_choice":"Read","floor":28.0,"gold_loss":0.0,"damage_taken":0.0,"cards_obtained":["Sunder"]},{"damage_healed":0.0,"max_hp_gain":0.0,"max_hp_loss":0.0,"gold_gain":0.0,"event_name":"Accursed Blacksmith","player_choice":"Forge","floor":29.0,"gold_loss":0.0,"damage_taken":0.0,"cards_upgraded":["Sunder"]},{"cards_removed":["Strike_B"],"damage_healed":0.0,"max_hp_gain":0.0,"max_hp_loss":0.0,"gold_gain":0.0,"event_name":"Back to Basics","player_choice":"Elegance","floor":31.0,"gold_loss":0.0,"damage_taken":0.0},{"damage_healed":0.0,"max_hp_gain":0.0,"max_hp_loss":0.0,"gold_gain":0.0,"event_name":"Mysterious Sphere","player_choice":"Fight","floor":36.0,"gold_loss":0.0,"damage_taken":0.0},{"damage_healed":21,"gold_gain":0,"player_choice":"Writhe","damage_taken":0,"max_hp_gain":0,"max_hp_loss":0,"event_name":"Winding Halls","floor":38,"gold_loss":0,"cards_obtained":["Writhe"]}],"is_beta":false,"boss_relics":[{"not_picked":["FrozenCore","Tiny House"],"picked":"Snecko Eye"},{"not_picked":["Astrolabe","Orrery"],"picked":"Philosopher\u0027s Stone"}],"items_purged_floors":[19,22,39,45],"is_endless":false,"potions_floor_spawned":[2,7,11,13,20,24,33,36,37,41],"ascension_level":13}