{"gold_per_floor":[369,384,394,45,56,84,99,99,399,430,400,417,417,437,437,541,541,556,337,337,356,283,314,239,270,270,270,283,283,283,308,308,308],"floor_reached":33,"playtime":2642,"items_purged":[],"score":340,"play_id":"b1338d39-26a6-4281-b8e0-b0e3e2e97008","local_time":"20190115004226","is_ascension_mode":false,"campfire_choices":[{"data":"Creative AI","floor":8,"key":"SMITH"},{"data":"Coolheaded","floor":13,"key":"SMITH"},{"floor":15,"key":"REST"},{"floor":27,"key":"REST"},{"floor":32,"key":"REST"}],"neow_cost":"TEN_PERCENT_HP_LOSS","seed_source_timestamp":813072353036388,"circlet_count":0,"master_deck":["Strike_B","Strike_B+1","Strike_B+1","Strike_B","Defend_B","Defend_B","Defend_B","Defend_B","Zap","Dualcast","Static Discharge","Coolheaded+1","Creative AI+1","Leap","Ball Lightning","Glacier","Reprogram","Hologram","Gash","Electrodynamics","Chill","Enlightenment","Iron Wave","Coolheaded","FTL","Go for the Eyes","FTL","Ghostly","Ghostly","Ghostly","Ghostly","Ghostly","Ball Lightning"],"relics":["Cracked Core","Membership Card","Strawberry","Old Coin","Dodecahedron","Inserter","Lee\u0027s Waffle","Omamori","PreservedInsect","FossilizedHelix","Pocketwatch","Whetstone","Bird Faced Urn"],"potions_floor_usage":[28,29,33],"damage_taken":[{"damage":5,"enemies":"Jaw Worm","floor":1,"turns":4},{"damage":1,"enemies":"Cultist","floor":2,"turns":3},{"damage":2,"enemies":"Small Slimes","floor":3,"turns":4},{"damage":6,"enemies":"Blue Slaver","floor":5,"turns":5},{"damage":36,"enemies":"Gremlin Nob","floor":6,"turns":5},{"damage":5,"enemies":"2 Fungi Beasts","floor":7,"turns":4},{"damage":15,"enemies":"3 Sentries","floor":10,"turns":9},{"damage":1,"enemies":"Looter","floor":11,"turns":4},{"damage":0,"enemies":"Blue Slaver","floor":12,"turns":5},{"damage":0,"enemies":"3 Louse","floor":14,"turns":6},{"damage":26,"enemies":"Slime Boss","floor":16,"turns":12},{"damage":12,"enemies":"3 Byrds","floor":18,"turns":4},{"damage":0,"enemies":"Shell Parasite","floor":21,"turns":8},{"damage":48,"enemies":"Slavers","floor":23,"turns":6},{"damage":33,"enemies":"Gremlin Leader","floor":25,"turns":7},{"damage":0,"enemies":"Cultist and Chosen","floor":28,"turns":8},{"damage":9,"enemies":"Colosseum Slavers","floor":29,"turns":3},{"damage":13,"enemies":"Book of Stabbing","floor":31,"turns":9},{"damage":39,"enemies":"Collector","floor":33,"turns":7}],"seed_played":"-766865276629518905","potions_obtained":[{"floor":2,"key":"Strength Potion"},{"floor":7,"key":"Swift Potion"},{"floor":16,"key":"LiquidBronze"},{"floor":18,"key":"Fire Potion"},{"floor":28,"key":"Energy Potion"}],"is_trial":false,"path_per_floor":["M","M","M","$","M","E","M","R","T","E","M","M","R","M","R","B",null,"M","$","?","M","$","E","?","E","T","R","M","?","?","E","R","B"],"character_chosen":"DEFECT","items_purchased":["Membership Card","Creative AI","Leap","FairyPotion","Enlightenment","Lee\u0027s Waffle","Omamori","PreservedInsect"],"campfire_rested":3,"item_purchase_floors":[4,4,4,4,19,19,19,22],"current_hp_per_floor":[63,62,60,60,54,25,20,20,20,5,4,4,4,4,26,7,75,63,82,82,82,82,34,34,1,1,25,25,16,16,3,15,0],"gold":308,"neow_bonus":"TWO_FIFTY_GOLD","is_prod":false,"is_daily":false,"chose_seed":false,"campfire_upgraded":2,"win_rate":0.0,"timestamp":1547530946,"path_taken":["M","M","M","$","M","E","M","R","T","E","M","M","R","M","R","BOSS","M","$","?","M","?","E","?","E","T","R","?","?","?","E","R","BOSS"],"build_version":"2019-01-10","purchased_purges":0,"victory":false,"max_hp_per_floor":[68,68,68,68,68,75,75,75,75,75,75,75,75,75,75,75,75,75,82,82,82,82,82,82,82,82,82,82,82,41,41,41,41],"card_choices":[{"not_picked":["Beam Cell","Rebound"],"picked":"Capacitor","floor":1},{"not_picked":["Beam Cell","Barrage"],"picked":"Static Discharge","floor":2},{"not_picked":["Go for the Eyes","Sweeping Beam"],"picked":"Coolheaded","floor":3},{"not_picked":["Steam Power","Redo"],"picked":"Ball Lightning","floor":5},{"not_picked":["Rip and Tear","Lockon"],"picked":"BootSequence","floor":6},{"not_picked":["Sweeping Beam","Aggregate"],"picked":"Glacier","floor":7},{"not_picked":["Lockon","Scrape"],"picked":"Reprogram","floor":10},{"not_picked":["Beam Cell","Go for the Eyes"],"picked":"Hologram","floor":11},{"not_picked":["Auto Shields","Gash","Barrage"],"picked":"SKIP","floor":12},{"not_picked":["Reprogram","Compile Driver"],"picked":"Gash","floor":14},{"not_picked":["Machine Learning","Seek"],"picked":"Electrodynamics","floor":16},{"not_picked":["Defragment+1","Loop+1"],"picked":"Chill","floor":18},{"not_picked":["Reprogram","Rebound"],"picked":"Coolheaded","floor":21},{"not_picked":["Hologram","Lockon"],"picked":"FTL","floor":23},{"not_picked":["Force Field","Ball Lightning"],"picked":"Go for the Eyes","floor":25},{"not_picked":["Gash","Rebound"],"picked":"FTL","floor":28},{"not_picked":["Streamline+1","Blizzard"],"picked":"Ball Lightning","floor":31}],"player_experience":51450,"relics_obtained":[{"floor":6,"key":"Strawberry"},{"floor":9,"key":"Old Coin"},{"floor":10,"key":"Dodecahedron"},{"floor":23,"key":"FossilizedHelix"},{"floor":25,"key":"Pocketwatch"},{"floor":26,"key":"Whetstone"},{"floor":31,"key":"Bird Faced Urn"}],"event_choices":[{"cards_removed":["BootSequence"],"damage_healed":0,"gold_gain":0,"player_choice":"Took Card","damage_taken":0,"max_hp_gain":0,"max_hp_loss":0,"event_name":"NoteForYourself","floor":20,"gold_loss":0,"cards_obtained":["Iron Wave"]},{"cards_removed":["Capacitor"],"damage_healed":0,"gold_gain":0,"player_choice":"Gave Gold","damage_taken":0,"max_hp_gain":0,"max_hp_loss":0,"event_name":"Beggar","floor":24,"gold_loss":75},{"damage_healed":0,"gold_gain":0,"player_choice":"Fight","damage_taken":0,"max_hp_gain":0,"max_hp_loss":0,"event_name":"Colosseum","floor":29,"gold_loss":0},{"damage_healed":0,"gold_gain":0,"player_choice":"Fled From Nobs","damage_taken":0,"max_hp_gain":0,"max_hp_loss":0,"event_name":"Colosseum","floor":29,"gold_loss":0},{"damage_healed":0,"gold_gain":0,"player_choice":"Became a Ghost","damage_taken":0,"max_hp_gain":0,"max_hp_loss":41,"event_name":"Ghosts","floor":30,"gold_loss":0,"cards_obtained":["Ghostly","Ghostly","Ghostly","Ghostly","Ghostly"]}],"is_beta":false,"boss_relics":[{"not_picked":["Empty Cage","Runic Pyramid"],"picked":"Inserter"}],"items_purged_floors":[],"is_endless":false,"potions_floor_spawned":[2,7,10,14,16,18,28,29],"killed_by":"Collector","ascension_level":0}