{"gold_per_floor":[111,135,105,124,148,148,178,82,82,82,82,100,129,139,139,242,242,262,275,72,85,85],"floor_reached":22,"playtime":853,"items_purged":["Strike_G","Strike_G"],"score":285,"play_id":"f9ed5e7b-eec1-4d50-80d8-456298e46520","local_time":"20190402105847","is_ascension_mode":true,"campfire_choices":[{"data":"Neutralize","floor":6.0,"key":"SMITH"},{"data":"Acrobatics","floor":10.0,"key":"SMITH"},{"floor":15.0,"key":"REST"}],"neow_cost":"NONE","seed_source_timestamp":0,"circlet_count":0,"master_deck":["Defend_G","Defend_G","Defend_G","Defend_G","Defend_G+1","Strike_G","Strike_G","Strike_G","Survivor+1","Neutralize+1","Terror","PiercingWail","Footwork+1","Acrobatics+1","Poisoned Stab+1","Poisoned Stab+1","Corpse Explosion","Deadly Poison+1","Sucker Punch+1","Infinite Blades+1"],"special_seed":0,"relics":["Ring of the Snake","NeowsBlessing","PreservedInsect","Smiling Mask","Ancient Tea Set","Molten Egg 2","Bronze Scales","Philosopher\u0027s Stone","War Paint"],"potions_floor_usage":[22,22],"damage_taken":[{"damage":0.0,"enemies":"Cultist","floor":1.0,"turns":1.0},{"damage":0.0,"enemies":"Jaw Worm","floor":4.0,"turns":1.0},{"damage":0.0,"enemies":"Gremlin Nob","floor":7.0,"turns":1.0},{"damage":0.0,"enemies":"2 Louse","floor":12.0,"turns":2.0},{"damage":23.0,"enemies":"3 Sentries","floor":13.0,"turns":13.0},{"damage":4.0,"enemies":"Exordium Thugs","floor":14.0,"turns":4.0},{"damage":8.0,"enemies":"The Guardian","floor":16.0,"turns":10.0},{"damage":11.0,"enemies":"2 Thieves","floor":18.0,"turns":2.0},{"damage":11.0,"enemies":"Shell Parasite","floor":19.0,"turns":5.0},{"damage":24.0,"enemies":"Sentry and Sphere","floor":21.0,"turns":7.0},{"damage":19,"enemies":"Centurion and Healer","floor":22,"turns":3}],"seed_played":"2720871498395172564","potions_obtained":[{"floor":1.0,"key":"FearPotion"},{"floor":3.0,"key":"FairyPotion"},{"floor":3.0,"key":"Dexterity Potion"},{"floor":7.0,"key":"EssenceOfSteel"},{"floor":18.0,"key":"Dexterity Potion"},{"floor":21,"key":"Poison Potion"}],"is_trial":false,"path_per_floor":["M","T","?","M","T","R","E","$","T","R","?","M","E","M","R","B",null,"M","M","$","M","M"],"character_chosen":"THE_SILENT","items_purchased":["Acrobatics","War Paint"],"campfire_rested":1,"item_purchase_floors":[8,20],"current_hp_per_floor":[63,63,63,63,63,63,63,63,63,63,63,63,40,36,57,49,65,54,43,43,19,0],"gold":85,"neow_bonus":"THREE_ENEMY_KILL","is_prod":false,"is_daily":false,"chose_seed":false,"campfire_upgraded":2,"win_rate":0,"timestamp":1554173927,"path_taken":["M","?","?","?","?","R","E","$","T","R","?","M","E","M","R","BOSS","M","M","$","M","M"],"build_version":"2019-01-23","purchased_purges":2,"victory":false,"max_hp_per_floor":[70,70,70,70,70,70,70,70,70,70,70,70,70,70,70,70,70,70,70,70,70,70],"card_choices":[{"not_picked":["Backstab","Quick Slash"],"picked":"Terror","floor":1.0},{"not_picked":["Expertise","Dodge and Roll"],"picked":"PiercingWail","floor":4.0},{"not_picked":["Dodge and Roll","Choke"],"picked":"Footwork","floor":7.0},{"not_picked":["Tactician","Outmaneuver"],"picked":"Poisoned Stab+1","floor":12.0},{"not_picked":["Outmaneuver","All Out Attack+1","Prepared"],"picked":"SKIP","floor":13.0},{"not_picked":["Flying Knee+1","Outmaneuver"],"picked":"Poisoned Stab+1","floor":14.0},{"not_picked":["Glass Knife+1","Storm of Steel"],"picked":"Corpse Explosion","floor":16.0},{"not_picked":["Underhanded Strike+1","Prepared"],"picked":"Deadly Poison+1","floor":18.0},{"not_picked":["Backflip+1","Cloak And Dagger"],"picked":"Sucker Punch+1","floor":19.0},{"not_picked":["Reflex+1","Deflect"],"picked":"Infinite Blades+1","floor":21}],"player_experience":716634,"relics_obtained":[{"floor":2.0,"key":"PreservedInsect"},{"floor":5.0,"key":"Smiling Mask"},{"floor":7.0,"key":"Ancient Tea Set"},{"floor":9.0,"key":"Molten Egg 2"},{"floor":13.0,"key":"Bronze Scales"}],"event_choices":[{"damage_healed":0.0,"max_hp_gain":0.0,"max_hp_loss":0.0,"gold_gain":0.0,"event_name":"The Woman in Blue","player_choice":"Bought 2 Potions","floor":3.0,"gold_loss":0.0,"damage_taken":0.0},{"damage_healed":0.0,"max_hp_gain":0.0,"max_hp_loss":0.0,"gold_gain":0.0,"event_name":"Upgrade Shrine","player_choice":"Upgraded","floor":11.0,"gold_loss":0.0,"damage_taken":0.0,"cards_upgraded":["Footwork"]}],"is_beta":false,"boss_relics":[{"not_picked":["Ring of the Serpent","Black Star"],"picked":"Philosopher\u0027s Stone"}],"items_purged_floors":[8,20],"is_endless":false,"potions_floor_spawned":[1,7,13,14,18,21],"killed_by":"Centurion and Healer","ascension_level":6}