{"gold_per_floor":[117,135,115,40,5,5,5,5,5,24,57,57,72,91,91,193,193,205,205,205,58,0,13,29,29,29,29,41,76,76,76,76,174,174,191,239,239,71,91,91,120,220,220,99,99,99,22,41,41,41],"floor_reached":50,"playtime":4917,"items_purged":["Strike_R","Strike_R"],"score":509,"play_id":"e7051a4c-8d44-4202-8a82-04dbcd901c2a","local_time":"20190519170423","is_ascension_mode":false,"campfire_choices":[{"data":"Body Slam","floor":6,"key":"SMITH"},{"data":"Bash","floor":12,"key":"SMITH"},{"data":"Inflame","floor":15,"key":"SMITH"},{"data":"Pommel Strike","floor":30,"key":"SMITH"},{"floor":32,"key":"REST"},{"floor":40,"key":"REST"},{"floor":49,"key":"REST"}],"neow_cost":"","seed_source_timestamp":109268870308227,"circlet_count":0,"master_deck":["Strike_R+1","Defend_R+1","Defend_R","Defend_R","Bash+1","Body Slam+1","Headbutt","Headbutt","Shrug It Off","Inflame+1","Pommel Strike+1","Double Tap","RitualDagger","True Grit+1","Bludgeon","Sword Boomerang+1","Second Wind","Fiend Fire","Shrug It Off","Armaments","The Bomb","Pummel"],"relics":["Burning Blood","Red Skull","Centennial Puzzle","Busted Crown","Orichalcum","Calipers","Sundial","Mark of Pain","Magic Flower","PreservedInsect","Champion Belt","Lantern"],"potions_floor_usage":[29,33,36,41,50,50],"damage_taken":[{"damage":6,"enemies":"2 Louse","floor":1,"turns":3},{"damage":0,"enemies":"Cultist","floor":2,"turns":4},{"damage":3,"enemies":"Jaw Worm","floor":10,"turns":2},{"damage":5,"enemies":"Lagavulin","floor":11,"turns":6},{"damage":7,"enemies":"3 Louse","floor":13,"turns":3},{"damage":4,"enemies":"2 Fungi Beasts","floor":14,"turns":3},{"damage":54,"enemies":"The Guardian","floor":16,"turns":11},{"damage":11,"enemies":"Shell Parasite","floor":18,"turns":4},{"damage":0,"enemies":"Chosen","floor":23,"turns":3},{"damage":4,"enemies":"Centurion and Healer","floor":24,"turns":4},{"damage":15,"enemies":"Sentry and Sphere","floor":28,"turns":5},{"damage":21,"enemies":"Slavers","floor":29,"turns":5},{"damage":56,"enemies":"Champ","floor":33,"turns":10},{"damage":10,"enemies":"3 Darklings","floor":35,"turns":6},{"damage":39,"enemies":"2 Orb Walkers","floor":36,"turns":5},{"damage":1,"enemies":"3 Shapes","floor":39,"turns":3},{"damage":32,"enemies":"Reptomancer","floor":41,"turns":5},{"damage":11,"enemies":"Mind Bloom Boss Battle","floor":42,"turns":6},{"damage":25,"enemies":"Spire Growth","floor":48,"turns":3},{"damage":91,"enemies":"Awakened One","floor":50,"turns":8}],"seed_played":"598953660973055739","potions_obtained":[{"floor":2,"key":"SkillPotion"},{"floor":3,"key":"FairyPotion"},{"floor":13,"key":"SmokeBomb"},{"floor":14,"key":"BloodPotion"},{"floor":16,"key":"SteroidPotion"},{"floor":33,"key":"Poison Potion"},{"floor":35,"key":"Energy Potion"},{"floor":42,"key":"SmokeBomb"}],"is_trial":false,"path_per_floor":["M","M","?","$","?","R","?","?","T","M","E","R","M","M","R","B",null,"M","?","?","$","?","M","M","?","T","?","M","E","R","$","R","B",null,"M","?","?","$","M","R","E","?","T","$","?","?","$","M","R","B"],"character_chosen":"IRONCLAD","items_purchased":["Orichalcum","Second Wind","Shrug It Off","Swift Potion","Armaments","LiquidBronze"],"campfire_rested":3,"item_purchase_floors":[21,38,44,44,44,47],"current_hp_per_floor":[80,80,80,80,80,80,64,64,64,67,68,68,67,69,69,21,80,75,75,60,60,60,66,68,62,62,62,53,38,38,38,63,13,85,81,48,48,48,56,81,58,56,56,56,56,56,56,40,65,0],"gold":41,"neow_bonus":"","is_prod":false,"is_daily":false,"chose_seed":false,"campfire_upgraded":4,"win_rate":0.0,"timestamp":1558310663,"path_taken":["M","M","?","?","?","R","?","?","T","M","E","R","?","M","R","BOSS","M","?","?","$","?","M","?","?","T","?","M","E","R","?","R","BOSS","M","?","?","$","?","R","E","?","T","$","?","?","?","M","R","BOSS"],"build_version":"2019-01-23","purchased_purges":2,"victory":false,"max_hp_per_floor":[80,80,80,80,80,80,80,80,80,80,80,80,80,80,80,80,80,80,80,85,85,85,85,85,85,85,85,85,85,85,85,85,85,85,85,85,85,85,85,85,85,85,85,85,85,85,85,85,85,85],"card_choices":[{"not_picked":["Clothesline","Feel No Pain"],"picked":"Body Slam","floor":1},{"not_picked":["Body Slam","Burning Pact"],"picked":"Headbutt","floor":2},{"not_picked":["Bloodletting","Sword Boomerang"],"picked":"Shrug It Off","floor":10},{"not_picked":["Carnage","Armaments"],"picked":"Inflame","floor":11},{"not_picked":["Metallicize","Anger"],"picked":"Pommel Strike","floor":13},{"not_picked":["Body Slam","True Grit","Dual Wield"],"picked":"SKIP","floor":14},{"not_picked":["Berserk","Offering"],"picked":"Double Tap","floor":16},{"not_picked":["Intimidate+1"],"picked":"SKIP","floor":18},{"not_picked":["Rupture"],"picked":"SKIP","floor":23},{"not_picked":["Sever Soul"],"picked":"SKIP","floor":24},{"not_picked":[],"picked":"True Grit+1","floor":28},{"not_picked":["Shockwave+1"],"picked":"SKIP","floor":29},{"not_picked":[],"picked":"Bludgeon","floor":33},{"not_picked":[],"picked":"Sword Boomerang+1","floor":35},{"not_picked":["Sword Boomerang"],"picked":"SKIP","floor":39},{"not_picked":[],"picked":"Fiend Fire","floor":41},{"not_picked":[],"picked":"The Bomb","floor":45},{"not_picked":[],"picked":"Pummel","floor":48}],"player_experience":0,"relics_obtained":[{"floor":9,"key":"Red Skull"},{"floor":11,"key":"Centennial Puzzle"},{"floor":26,"key":"Calipers"},{"floor":29,"key":"Sundial"},{"floor":36,"key":"Magic Flower"},{"floor":41,"key":"PreservedInsect"},{"floor":42,"key":"Champion Belt"},{"floor":43,"key":"Lantern"}],"event_choices":[{"damage_healed":0,"gold_gain":0,"player_choice":"Bought 1 Potion","damage_taken":0,"max_hp_gain":0,"max_hp_loss":0,"event_name":"The Woman in Blue","floor":3,"gold_loss":0},{"damage_healed":20,"gold_gain":0,"player_choice":"Healed","damage_taken":0,"max_hp_gain":0,"max_hp_loss":0,"event_name":"The Cleric","floor":5,"gold_loss":35},{"damage_healed":0,"gold_gain":0,"player_choice":"Entered Light","damage_taken":16,"max_hp_gain":0,"max_hp_loss":0,"event_name":"Shining Light","floor":7,"gold_loss":0,"cards_upgraded":["Defend_R","Strike_R"]},{"damage_healed":0,"gold_gain":0,"cards_transformed":["Strike_R"],"player_choice":"Change","damage_taken":0,"max_hp_gain":0,"max_hp_loss":0,"event_name":"Living Wall","floor":8,"gold_loss":0,"cards_obtained":["Headbutt"]},{"damage_healed":0,"gold_gain":0,"player_choice":"Ignored","damage_taken":0,"max_hp_gain":0,"max_hp_loss":0,"event_name":"Ghosts","floor":19,"gold_loss":0},{"damage_healed":0,"gold_gain":0,"player_choice":"Shed Blood","damage_taken":20,"max_hp_gain":5,"max_hp_loss":0,"event_name":"Forgotten Altar","floor":20,"gold_loss":0},{"damage_healed":0,"gold_gain":0,"player_choice":"Paid Fearfully","damage_taken":0,"max_hp_gain":0,"max_hp_loss":0,"event_name":"Masked Bandits","floor":22,"gold_loss":58},{"damage_healed":0,"gold_gain":0,"player_choice":"Joined the Cult","damage_taken":6,"max_hp_gain":0,"max_hp_loss":0,"event_name":"Nest","floor":25,"gold_loss":0,"cards_obtained":["RitualDagger"]},{"damage_healed":0,"gold_gain":0,"player_choice":"Fight","damage_taken":0,"max_hp_gain":0,"max_hp_loss":0,"event_name":"Mysterious Sphere","floor":36,"gold_loss":0},{"cards_removed":["Defend_R"],"damage_healed":0,"gold_gain":0,"player_choice":"Offered Basic","damage_taken":0,"max_hp_gain":0,"max_hp_loss":0,"event_name":"Bonfire Elementals","floor":37,"gold_loss":0},{"damage_healed":0,"gold_gain":0,"player_choice":"Fight","damage_taken":0,"max_hp_gain":0,"max_hp_loss":0,"event_name":"MindBloom","floor":42,"gold_loss":0},{"damage_healed":0,"gold_gain":0,"player_choice":"Memory 1","damage_taken":0,"max_hp_gain":0,"max_hp_loss":0,"event_name":"SensoryStone","floor":45,"gold_loss":0},{"cards_removed":["Strike_R"],"damage_healed":0,"gold_gain":0,"player_choice":"Removed Attack","damage_taken":0,"max_hp_gain":0,"max_hp_loss":0,"event_name":"Falling","floor":46,"gold_loss":0}],"is_beta":false,"boss_relics":[{"not_picked":["Runic Cube","Sozu"],"picked":"Busted Crown"},{"not_picked":["Snecko Eye","Orrery"],"picked":"Mark of Pain"}],"items_purged_floors":[4,38],"is_endless":false,"potions_floor_spawned":[2,13,14,16,24,33,35,42,48],"killed_by":"Awakened One","ascension_level":0}