{"gold_per_floor":[114,126,126,126,3,3,14,14,14,26,41,41,54,79,79,176,176,176,176,76,76,5,5,0,0,0,0,0,0,0,0,0,0,0,0,0,0,0,0,0,0,0,0,0,0,0,0,0,0,0],"floor_reached":51,"playtime":2475,"items_purged":["Strike_G","Defend_G"],"score":774,"play_id":"0ad859bc-b558-4893-997c-6f9dc576e1ff","local_time":"20181226162358","is_ascension_mode":true,"campfire_choices":[{"data":"Deadly Poison","floor":6.0,"key":"SMITH"},{"data":"Survivor","floor":8.0,"key":"SMITH"},{"data":"Blur","floor":12.0,"key":"SMITH"},{"data":"Defend_G","floor":15.0,"key":"SMITH"},{"data":"Envenom","floor":23,"key":"SMITH"},{"floor":25,"key":"REST"},{"data":"Noxious Fumes","floor":28,"key":"SMITH"},{"floor":32,"key":"REST"},{"floor":40,"key":"REST"},{"data":"Leg Sweep","floor":44,"key":"SMITH"},{"floor":49,"key":"REST"}],"neow_cost":"NONE","seed_source_timestamp":531827093215666,"circlet_count":0,"master_deck":["Defend_G","Defend_G","Defend_G","Defend_G+1","Strike_G","Strike_G","Strike_G","Survivor+1","Neutralize+1","Deadly Poison+1","Blur+1","All Out Attack+1","Choke+1","Bane+1","Dash+1","Envenom+1","Bane+1","Noxious Fumes+1","Bane+1","Escape Plan","Crippling Poison","Deadly Poison+1","Backflip","Adrenaline","Footwork+1","Backflip+1","Leg Sweep+1","Well Laid Plans","Apotheosis"],"special_seed":0,"relics":["Ring of the Snake","Omamori","Molten Egg 2","Question Card","Ectoplasm","Necronomicon","Letter Opener","Lizard Tail","Happy Flower","Peace Pipe"],"potions_floor_usage":[29,30,50,50,50],"damage_taken":[{"damage":9.0,"enemies":"Small Slimes","floor":1.0,"turns":5.0},{"damage":0.0,"enemies":"Cultist","floor":2.0,"turns":4.0},{"damage":0.0,"enemies":"2 Louse","floor":7.0,"turns":4.0},{"damage":4.0,"enemies":"Large Slime","floor":10.0,"turns":8.0},{"damage":0.0,"enemies":"Exordium Wildlife","floor":11.0,"turns":2.0},{"damage":0.0,"enemies":"Gremlin Gang","floor":13.0,"turns":3.0},{"damage":2.0,"enemies":"Lagavulin","floor":14.0,"turns":5.0},{"damage":10.0,"enemies":"The Guardian","floor":16.0,"turns":10.0},{"damage":0,"enemies":"Chosen","floor":18,"turns":5},{"damage":6,"enemies":"2 Thieves","floor":24,"turns":3},{"damage":11,"enemies":"3 Cultists","floor":27,"turns":5},{"damage":0,"enemies":"Snake Plant","floor":29,"turns":2},{"damage":15,"enemies":"Snecko","floor":30,"turns":4},{"damage":0,"enemies":"Cultist and Chosen","floor":31,"turns":4},{"damage":47,"enemies":"Automaton","floor":33,"turns":8},{"damage":0,"enemies":"Orb Walker","floor":35,"turns":3},{"damage":9,"enemies":"3 Darklings","floor":36,"turns":4},{"damage":25,"enemies":"Jaw Worm Horde","floor":38,"turns":5},{"damage":10,"enemies":"4 Shapes","floor":39,"turns":5},{"damage":0,"enemies":"Transient","floor":41,"turns":5},{"damage":10,"enemies":"Spire Growth","floor":45,"turns":5},{"damage":0,"enemies":"Mind Bloom Boss Battle","floor":46,"turns":4},{"damage":12,"enemies":"3 Darklings","floor":48,"turns":6},{"damage":18,"enemies":"Awakened One","floor":50,"turns":14}],"seed_played":"-6191931122289300928","potions_obtained":[{"floor":2.0,"key":"GamblersBrew"},{"floor":14.0,"key":"LiquidBronze"},{"floor":18,"key":"Swift Potion"},{"floor":31,"key":"FearPotion"},{"floor":33,"key":"Regen Potion"},{"floor":39,"key":"AttackPotion"},{"floor":45,"key":"PowerPotion"}],"is_trial":false,"path_per_floor":["M","M","?","?","$","R","M","R","T","M","M","R","M","E","R","B",null,"?","$","?","$","R","M","R","T","M","R","M","M","M","R","B",null,"M","M","?","M","M","R","M","$","T","R","M","?","?","M","R","B",null],"character_chosen":"THE_SILENT","items_purchased":["Block Potion","Noxious Fumes"],"campfire_rested":4,"item_purchase_floors":[5,22],"current_hp_per_floor":[61,61,61,61,61,61,61,61,61,57,57,57,57,55,55,45,70,70,57,57,41,41,41,35,57,57,46,46,46,31,31,53,6,75,75,66,66,41,31,53,53,53,53,53,43,43,43,31,53,50],"gold":0,"neow_bonus":"RANDOM_COMMON_RELIC","is_prod":false,"is_daily":false,"chose_seed":false,"campfire_upgraded":7,"win_rate":0,"timestamp":1545859438,"path_taken":["M","M","?","?","$","R","M","R","T","M","M","R","?","E","R","BOSS","M","?","$","?","?","R","?","R","T","?","R","M","M","M","R","BOSS","M","M","?","?","M","R","M","$","T","R","M","?","?","M","R","BOSS"],"build_version":"2018-12-25","purchased_purges":2,"victory":true,"max_hp_per_floor":[70,70,70,70,70,70,70,70,70,70,70,70,70,70,70,70,70,70,75,75,75,75,75,75,75,75,75,75,75,75,75,75,75,75,75,75,75,75,75,75,75,75,75,75,75,75,75,75,75,75],"card_choices":[{"not_picked":["Underhanded Strike","Sucker Punch"],"picked":"Deadly Poison","floor":1.0},{"not_picked":["Accuracy","Terror"],"picked":"Blur","floor":2.0},{"not_picked":["Quick Slash","Outmaneuver","Deflect"],"picked":"SKIP","floor":7.0},{"not_picked":["Dodge and Roll","Quick Slash+1"],"picked":"All Out Attack+1","floor":10.0},{"not_picked":["Infinite Blades","Finisher+1"],"picked":"Choke+1","floor":11.0},{"not_picked":["Infinite Blades","Caltrops"],"picked":"Bane+1","floor":13.0},{"not_picked":["Setup","Masterful Stab+1"],"picked":"Dash+1","floor":14.0},{"not_picked":["Night Terror","Die Die Die+1","Wraith Form v2"],"picked":"Envenom","floor":16.0},{"not_picked":["Backflip","Outmaneuver","Quick Slash+1"],"picked":"Bane+1","floor":18},{"not_picked":["PiercingWail","Dagger Throw+1","Flechettes+1"],"picked":"Bane+1","floor":24},{"not_picked":["Concentrate","Skewer+1","Underhanded Strike+1"],"picked":"Escape Plan","floor":27},{"not_picked":["Doppelganger","Prepared","Blade Dance"],"picked":"Crippling Poison","floor":29},{"not_picked":["Deflect","Dagger Throw+1","Grand Finale+1"],"picked":"Deadly Poison+1","floor":30},{"not_picked":["Deflect","Blade Dance","Sucker Punch+1"],"picked":"Backflip","floor":31},{"not_picked":["Wraith Form v2","Burst","A Thousand Cuts"],"picked":"Adrenaline","floor":33},{"not_picked":["Sucker Punch+1","Deflect+1","Dagger Spray+1","Finisher+1"],"picked":"SKIP","floor":35},{"not_picked":["Backstab+1","Acrobatics+1","Blade Dance+1"],"picked":"Footwork+1","floor":36},{"not_picked":["Quick Slash+1","Outmaneuver+1","Dagger Throw+1","Concentrate+1"],"picked":"SKIP","floor":38},{"not_picked":["Quick Slash+1","Outmaneuver+1","Dagger Throw+1","Concentrate+1"],"picked":"SKIP","floor":38},{"not_picked":["Dodge and Roll","Caltrops","Quick Slash+1"],"picked":"Backflip+1","floor":39},{"not_picked":["All Out Attack+1","Flying Knee+1","Sucker Punch+1"],"picked":"Leg Sweep","floor":41},{"not_picked":["Dash+1","Envenom","Poisoned Stab+1","Quick Slash+1"],"picked":"SKIP","floor":45},{"not_picked":["Distraction+1","Acrobatics","Dagger Spray+1"],"picked":"Well Laid Plans","floor":46},{"not_picked":["Blind","Jack Of All Trades","Discovery"],"picked":"Apotheosis","floor":47},{"not_picked":["Cloak And Dagger","Quick Slash+1","Deadly Poison+1","Dagger Spray+1"],"picked":"SKIP","floor":48}],"player_experience":424844,"relics_obtained":[{"floor":9.0,"key":"Molten Egg 2"},{"floor":14.0,"key":"Question Card"},{"floor":21,"key":"Necronomicon"},{"floor":26,"key":"Letter Opener"},{"floor":43,"key":"Happy Flower"},{"floor":46,"key":"Peace Pipe"}],"event_choices":[{"damage_healed":0.0,"max_hp_gain":0.0,"max_hp_loss":0.0,"gold_gain":0.0,"event_name":"Living Wall","player_choice":"Grow","floor":3.0,"gold_loss":0.0,"damage_taken":0.0,"cards_upgraded":["Neutralize"]},{"cards_removed":["Strike_G"],"damage_healed":0.0,"max_hp_gain":0.0,"max_hp_loss":0.0,"gold_gain":0.0,"event_name":"Wheel of Change","player_choice":"Card Removal","floor":4.0,"gold_loss":0.0,"damage_taken":0.0},{"damage_healed":0,"gold_gain":0,"player_choice":"Shed Blood","damage_taken":18,"max_hp_gain":5,"max_hp_loss":0,"event_name":"Forgotten Altar","floor":19,"gold_loss":0},{"damage_healed":0,"gold_gain":0,"player_choice":"Obtained Book","damage_taken":16,"max_hp_gain":0,"max_hp_loss":0,"event_name":"Cursed Tome","floor":21,"gold_loss":0},{"damage_healed":0,"gold_gain":100,"player_choice":"Pray","damage_taken":0,"max_hp_gain":0,"max_hp_loss":0,"event_name":"Golden Shrine","floor":37,"gold_loss":0},{"damage_healed":0,"gold_gain":0,"player_choice":"Fight","damage_taken":0,"max_hp_gain":0,"max_hp_loss":0,"event_name":"MindBloom","floor":46,"gold_loss":0},{"damage_healed":0,"gold_gain":0,"player_choice":"Memory 1","damage_taken":0,"max_hp_gain":0,"max_hp_loss":0,"event_name":"SensoryStone","floor":47,"gold_loss":0}],"is_beta":true,"boss_relics":[{"not_picked":["Runic Pyramid","Black Star"],"picked":"Ectoplasm"},{"not_picked":["Ring of the Serpent","Tiny House"],"picked":"Lizard Tail"}],"items_purged_floors":[5,20],"is_endless":false,"potions_floor_spawned":[2,14,18,24,31,33,38,39,41,45],"ascension_level":4}