{"gold_per_floor":[119,44,44,63,37,37,37,37,37,64,91,121,153,164,164,268,268,287,24,41,15,71,103,138,173,185,226,238,250,262,309,321,435,447,471,483,495,533,124,124,124,159,206,237,112,139,139,167,167,167],"floor_reached":51,"playtime":5709,"items_purged":["Accuracy","Bane","Dodge and Roll"],"score":1452,"play_id":"cbe03746-6b08-49ee-8e89-28ebf64ac086","local_time":"20190316232908","daily_mods":["Draft","Green Cards","Heirloom","Flight","DeadlyEvents","Elite Swarm","Binary"],"is_ascension_mode":true,"campfire_choices":[{"data":"Outmaneuver","floor":6.0,"key":"SMITH"},{"data":"Concentrate","floor":7.0,"key":"SMITH"},{"data":"Flechettes","floor":8.0,"key":"SMITH"},{"data":"Sucker Punch","floor":15.0,"key":"SMITH"},{"data":"Storm of Steel","floor":29,"key":"SMITH"},{"data":"Panache","floor":32,"key":"SMITH"},{"data":"Flechettes","floor":40,"key":"SMITH"},{"data":"Footwork","floor":41,"key":"SMITH"},{"floor":47,"key":"REST"},{"data":"Leg Sweep","floor":49,"key":"SMITH"}],"neow_cost":"","seed_source_timestamp":0,"circlet_count":0,"master_deck":["Backflip","Concentrate+1","Backstab","Backflip","Outmaneuver+1","Quick Slash","Leg Sweep+1","Sucker Punch+1","Quick Slash","Footwork+1","Flechettes+1","Backflip","Well Laid Plans","Backflip","Panache+1","Storm of Steel+1","Flechettes+1"],"special_seed":0,"relics":["Snecko Eye","Busted Crown","Torii","Potion Belt","Turnip","Ice Cream","Lantern","Calipers","Orrery","Tiny Chest","Sundial","Frozen Egg 2","MawBank","Bottled Lightning","Ninja Scroll","Pen Nib","Nunchaku","WristBlade","Du-Vu Doll","Paper Crane","Bird Faced Urn","Snake Skull","Oddly Smooth Stone","Shuriken","Question Card"],"potions_floor_usage":[22,24,33,46,50],"damage_taken":[{"damage":0.0,"enemies":"Jaw Worm","floor":1.0,"turns":2.0},{"damage":0.0,"enemies":"Cultist","floor":4.0,"turns":3.0},{"damage":12.0,"enemies":"Gremlin Nob","floor":10.0,"turns":3.0},{"damage":0.0,"enemies":"3 Sentries","floor":11.0,"turns":7.0},{"damage":0.0,"enemies":"Lagavulin","floor":12.0,"turns":4.0},{"damage":1.0,"enemies":"3 Sentries","floor":13.0,"turns":6.0},{"damage":0.0,"enemies":"Small Slimes","floor":14.0,"turns":2.0},{"damage":0.0,"enemies":"Hexaghost","floor":16.0,"turns":9.0},{"damage":1.0,"enemies":"Shell Parasite","floor":18.0,"turns":4.0},{"damage":6.0,"enemies":"3 Byrds","floor":20.0,"turns":5.0},{"damage":6,"enemies":"Slavers","floor":22,"turns":3},{"damage":0,"enemies":"Book of Stabbing","floor":23,"turns":4},{"damage":0,"enemies":"Gremlin Leader","floor":24,"turns":4},{"damage":1,"enemies":"Book of Stabbing","floor":25,"turns":5},{"damage":14,"enemies":"Slavers","floor":27,"turns":6},{"damage":1,"enemies":"Gremlin Leader","floor":31,"turns":4},{"damage":0,"enemies":"Champ","floor":33,"turns":5},{"damage":0,"enemies":"3 Shapes","floor":35,"turns":1},{"damage":0,"enemies":"Giant Head","floor":38,"turns":3},{"damage":24,"enemies":"Reptomancer","floor":42,"turns":4},{"damage":1,"enemies":"Nemesis","floor":44,"turns":4},{"damage":26,"enemies":"Reptomancer","floor":46,"turns":4},{"damage":0,"enemies":"Giant Head","floor":48,"turns":3},{"damage":15,"enemies":"Awakened One","floor":50,"turns":5}],"seed_played":"-625275039533365881","potions_obtained":[{"floor":10.0,"key":"PowerPotion"},{"floor":11.0,"key":"Energy Potion"},{"floor":12.0,"key":"AttackPotion"},{"floor":18.0,"key":"Fire Potion"},{"floor":24,"key":"FairyPotion"},{"floor":27,"key":"SteroidPotion"},{"floor":33,"key":"Explosive Potion"},{"floor":44,"key":"SneckoOil"},{"floor":46,"key":"AttackPotion"},{"floor":48,"key":"Fire Potion"}],"is_trial":true,"path_per_floor":["M","$","?","M","$","R","R","R","T","E","E","E","E","M","R","B",null,"M","$","M","$","E","E","E","E","T","E","?","R","T","E","R","B",null,"M","?","?","E","$","R","R","E","T","E","$","E","R","E","R","B",null],"character_chosen":"THE_SILENT","items_purchased":["Backflip","Well Laid Plans","Backflip","Panache","Deflect","Paper Crane","Flechettes"],"campfire_rested":1,"item_purchase_floors":[5,19,19,19,21,39,39],"current_hp_per_floor":[70,70,70,70,70,70,70,70,70,58,58,58,57,57,57,57,70,69,69,63,63,57,57,57,56,56,42,42,42,42,41,41,41,70,70,65,65,65,65,65,65,41,41,46,46,26,47,51,51,42],"gold":167,"neow_bonus":"","is_prod":false,"is_daily":false,"chose_seed":false,"campfire_upgraded":9,"win_rate":0,"timestamp":1552793348,"path_taken":["M","$","?","?","$","R","R","R","T","E","E","E","E","M","R","BOSS","M","$","?","$","?","E","E","E","T","E","?","R","?","E","R","BOSS","M","?","?","?","$","R","R","E","T","E","$","E","R","E","R","BOSS"],"build_version":"2019-01-23","purchased_purges":3,"victory":true,"max_hp_per_floor":[70,70,70,70,70,70,70,70,70,70,70,70,70,70,70,70,70,70,70,70,70,70,70,70,70,70,70,70,70,70,70,70,70,70,70,70,70,70,70,70,70,70,70,70,70,70,70,70,70,70],"card_choices":[{"not_picked":["Sucker Punch","Backstab"],"picked":"Backflip","floor":0.0},{"not_picked":["Underhanded Strike","Cloak And Dagger"],"picked":"Dodge and Roll","floor":0.0},{"not_picked":["Deadly Poison","Sucker Punch"],"picked":"Concentrate","floor":0.0},{"not_picked":["Dagger Spray","Deadly Poison"],"picked":"Backstab","floor":0.0},{"not_picked":["Concentrate","Sucker Punch"],"picked":"Backflip","floor":0.0},{"not_picked":["Blade Dance","Poisoned Stab"],"picked":"Accuracy","floor":0.0},{"not_picked":["Quick Slash","PiercingWail"],"picked":"Outmaneuver","floor":0.0},{"not_picked":["Setup","Poisoned Stab"],"picked":"Quick Slash","floor":0.0},{"not_picked":["Quick Slash","Slice"],"picked":"Leg Sweep","floor":0.0},{"not_picked":["Poisoned Stab","Dodge and Roll"],"picked":"Sucker Punch","floor":0.0},{"not_picked":["Bane","Concentrate"],"picked":"Dodge and Roll","floor":0.0},{"not_picked":["All Out Attack","Underhanded Strike"],"picked":"Flying Knee","floor":0.0},{"not_picked":["Dagger Throw","Dagger Spray"],"picked":"Quick Slash","floor":0.0},{"not_picked":["Dodge and Roll","PiercingWail"],"picked":"Footwork","floor":0.0},{"not_picked":["Poisoned Stab","Dagger Spray"],"picked":"Flechettes","floor":0.0}],"player_experience":183259,"relics_obtained":[{"floor":9.0,"key":"Potion Belt"},{"floor":10.0,"key":"Turnip"},{"floor":11.0,"key":"Ice Cream"},{"floor":12.0,"key":"Lantern"},{"floor":13.0,"key":"Calipers"},{"floor":22,"key":"Tiny Chest"},{"floor":23,"key":"Sundial"},{"floor":24,"key":"Frozen Egg 2"},{"floor":25,"key":"MawBank"},{"floor":26,"key":"Bottled Lightning"},{"floor":27,"key":"Ninja Scroll"},{"floor":30,"key":"Pen Nib"},{"floor":31,"key":"Nunchaku"},{"floor":38,"key":"Du-Vu Doll"},{"floor":42,"key":"Bird Faced Urn"},{"floor":43,"key":"Snake Skull"},{"floor":44,"key":"Oddly Smooth Stone"},{"floor":46,"key":"Shuriken"},{"floor":48,"key":"Question Card"}],"event_choices":[{"cards_removed":["Dodge and Roll"],"damage_healed":0.0,"max_hp_gain":0.0,"max_hp_loss":0.0,"gold_gain":0.0,"event_name":"Purifier","player_choice":"Purged","floor":3.0,"gold_loss":0.0,"damage_taken":0.0},{"damage_healed":0,"gold_gain":0,"cards_transformed":["Flying Knee","Deflect"],"player_choice":"Became Test Subject","damage_taken":0,"max_hp_gain":0,"max_hp_loss":0,"event_name":"Drug Dealer","floor":28,"gold_loss":0,"cards_obtained":["Storm of Steel","Bane"]},{"damage_healed":0,"gold_gain":0,"player_choice":"Memory 2","damage_taken":5,"max_hp_gain":0,"max_hp_loss":0,"event_name":"SensoryStone","floor":36,"gold_loss":0},{"damage_healed":0,"gold_gain":0,"player_choice":"Ignored","damage_taken":0,"max_hp_gain":0,"max_hp_loss":0,"event_name":"SecretPortal","floor":37,"gold_loss":0}],"is_beta":false,"boss_relics":[{"not_picked":["Calling Bell","White Beast Statue"],"picked":"Orrery"},{"not_picked":["Astrolabe","Runic Dome"],"picked":"WristBlade"}],"items_purged_floors":[2,39,45],"is_endless":false,"potions_floor_spawned":[10,11,12,18,24,27,33,44,46,48],"ascension_level":4}