{"gold_per_floor":[116,116,116,191,204,204,229,229,307,323,353,353,373,391,391,468,468,480,497,515,529,529],"floor_reached":22,"playtime":1263,"items_purged":[],"score":347,"play_id":"320e78a7-8ff0-4fb9-82d7-f88f369fa8c4","local_time":"20190511084850","is_ascension_mode":true,"campfire_choices":[{"data":"Neutralize","floor":6.0,"key":"SMITH"},{"floor":8.0,"key":"REST"},{"floor":15.0,"key":"REST"}],"neow_cost":"NONE","seed_source_timestamp":76770380713300,"circlet_count":0,"master_deck":["AscendersBane","Survivor","Neutralize+1","Poisoned Stab","All Out Attack","Escape Plan","Well Laid Plans","Deflect","Deadly Poison","Dodge and Roll","Escape Plan","Bullet Time","Die Die Die","Caltrops","Footwork","Leg Sweep","Bane","Dodge and Roll","All Out Attack","Deadly Poison","Choke","Deadly Poison+1","Bouncing Flask"],"special_seed":0,"relics":["Ring of the Snake","Orichalcum","Bottled Tornado","PreservedInsect","The Courier","Pandora\u0027s Box"],"potions_floor_usage":[21],"damage_taken":[{"damage":12.0,"enemies":"Small Slimes","floor":1.0,"turns":5.0},{"damage":0.0,"enemies":"Jaw Worm","floor":5.0,"turns":3.0},{"damage":27.0,"enemies":"Gremlin Nob","floor":7.0,"turns":5.0},{"damage":5.0,"enemies":"2 Louse","floor":10.0,"turns":2.0},{"damage":4.0,"enemies":"3 Sentries","floor":11.0,"turns":9.0},{"damage":6.0,"enemies":"Looter","floor":13.0,"turns":3.0},{"damage":2.0,"enemies":"2 Fungi Beasts","floor":14.0,"turns":4.0},{"damage":12.0,"enemies":"The Guardian","floor":16.0,"turns":13.0},{"damage":17.0,"enemies":"3 Byrds","floor":18.0,"turns":3.0},{"damage":9.0,"enemies":"2 Thieves","floor":19.0,"turns":4.0},{"damage":15.0,"enemies":"Snake Plant","floor":20.0,"turns":5.0},{"damage":4,"enemies":"3 Cultists","floor":21,"turns":4},{"damage":22,"enemies":"Colosseum Slavers","floor":22,"turns":2}],"seed_played":"384433767849565776","potions_obtained":[{"floor":7.0,"key":"FairyPotion"},{"floor":10.0,"key":"EssenceOfSteel"},{"floor":11.0,"key":"SteroidPotion"},{"floor":18.0,"key":"Poison Potion"},{"floor":20.0,"key":"Swift Potion"}],"is_trial":false,"path_per_floor":["M","?","?","?","M","R","E","R","T","M","E","T","M","M","R","B",null,"M","M","M","M","?"],"character_chosen":"THE_SILENT","items_purchased":[],"campfire_rested":2,"item_purchase_floors":[],"current_hp_per_floor":[47,40,40,29,29,29,2,21,21,16,12,12,6,4,23,11,52,35,26,11,7,0],"gold":529,"neow_bonus":"THREE_CARDS","is_prod":false,"is_daily":false,"chose_seed":false,"campfire_upgraded":1,"win_rate":0,"timestamp":1557578930,"path_taken":["M","?","?","?","M","R","E","R","T","M","E","?","M","M","R","BOSS","M","M","M","M","?"],"build_version":"2019-05-07","purchased_purges":0,"victory":false,"max_hp_per_floor":[66,66,66,66,66,66,66,66,66,66,66,66,66,66,66,66,66,66,66,66,66,66],"card_choices":[{"not_picked":["Flying Knee","Cloak And Dagger"],"picked":"Poisoned Stab","floor":0.0},{"not_picked":["Acrobatics","Infinite Blades"],"picked":"All Out Attack","floor":1.0},{"not_picked":["Flying Knee","Dagger Throw"],"picked":"Escape Plan","floor":5.0},{"not_picked":["Quick Slash","Dagger Throw"],"picked":"Well Laid Plans","floor":7.0},{"not_picked":["Prepared","Concentrate"],"picked":"Deflect","floor":10.0},{"not_picked":["Acrobatics","Deflect"],"picked":"Deadly Poison","floor":11.0},{"not_picked":["Accuracy","Bane"],"picked":"Dodge and Roll","floor":13.0},{"not_picked":["Infinite Blades","Dagger Throw"],"picked":"Escape Plan","floor":14.0},{"not_picked":["Night Terror","Unload"],"picked":"Bullet Time","floor":16.0},{"not_picked":["Acrobatics","Flechettes","Dodge and Roll"],"picked":"SKIP","floor":18.0},{"not_picked":["Cloak And Dagger","Quick Slash"],"picked":"Deadly Poison+1","floor":19.0},{"not_picked":["Acrobatics","Cloak And Dagger","Outmaneuver+1"],"picked":"SKIP","floor":20.0},{"not_picked":["Deadly Poison","Blade Dance"],"picked":"Bouncing Flask","floor":21}],"player_experience":687203,"relics_obtained":[{"floor":7.0,"key":"Orichalcum"},{"floor":9.0,"key":"Bottled Tornado"},{"floor":11.0,"key":"PreservedInsect"},{"floor":12.0,"key":"The Courier"}],"event_choices":[{"cards_removed":["Strike_G"],"damage_healed":0.0,"max_hp_gain":0.0,"max_hp_loss":0.0,"gold_gain":0.0,"event_name":"Golden Wing","player_choice":"Card Removal","floor":2.0,"gold_loss":0.0,"damage_taken":7.0},{"damage_healed":0.0,"max_hp_gain":0.0,"max_hp_loss":0.0,"gold_gain":0.0,"event_name":"Shining Light","player_choice":"Ignored","floor":3.0,"gold_loss":0.0,"damage_taken":0.0},{"damage_healed":0.0,"max_hp_gain":0.0,"max_hp_loss":0.0,"gold_gain":75.0,"event_name":"World of Goop","player_choice":"Gather Gold","floor":4.0,"gold_loss":0.0,"damage_taken":11.0},{"damage_healed":0,"gold_gain":0,"player_choice":"Fight","damage_taken":0,"max_hp_gain":0,"max_hp_loss":0,"event_name":"Colosseum","floor":22,"gold_loss":0}],"is_beta":true,"boss_relics":[{"not_picked":["Runic Dome","Calling Bell"],"picked":"Pandora\u0027s Box"}],"items_purged_floors":[],"is_endless":false,"potions_floor_spawned":[7,10,11,18,20],"killed_by":"Colosseum Slavers","ascension_level":15}