{"gold_per_floor":[114,84,99,110,125,125,160,160,190,216,26,26,43,60,60,60],"floor_reached":16,"playtime":1609,"items_purged":["Strike_R"],"score":196,"play_id":"0d74f8c4-35a3-46b6-b53d-4f708fa2bce2","local_time":"20190417223420","is_ascension_mode":true,"campfire_choices":[{"floor":6,"key":"REST"},{"data":"Body Slam","floor":8,"key":"SMITH"},{"floor":12,"key":"REST"},{"data":"Spot Weakness","floor":15,"key":"SMITH"}],"neow_cost":"NONE","seed_source_timestamp":415614250896543,"circlet_count":0,"master_deck":["AscendersBane","Strike_R","Strike_R","Strike_R","Strike_R","Defend_R","Defend_R","Defend_R","Defend_R","Bash","Juggernaut","Twin Strike","Corruption","Pommel Strike","Body Slam+1","Evolve","Spot Weakness+1","Feel No Pain","True Grit","Clothesline"],"relics":["Burning Blood","Regal Pillow","Tiny Chest","Paper Frog"],"potions_floor_usage":[7],"damage_taken":[{"damage":9,"enemies":"Small Slimes","floor":1,"turns":4},{"damage":1,"enemies":"Cultist","floor":3,"turns":4},{"damage":13,"enemies":"Jaw Worm","floor":4,"turns":4},{"damage":38,"enemies":"Large Slime","floor":5,"turns":7},{"damage":13,"enemies":"Lagavulin","floor":7,"turns":7},{"damage":30,"enemies":"3 Sentries","floor":10,"turns":9},{"damage":29,"enemies":"Exordium Thugs","floor":13,"turns":7},{"damage":26,"enemies":"3 Louse","floor":14,"turns":4},{"damage":21,"enemies":"Hexaghost","floor":16,"turns":7}],"seed_played":"-3096927713487313113","potions_obtained":[{"floor":2,"key":"SpeedPotion"},{"floor":2,"key":"SkillPotion"},{"floor":3,"key":"Block Potion"},{"floor":7,"key":"Weak Potion"}],"is_trial":false,"path_per_floor":["M","?","M","M","M","R","E","R","T","E","$","R","M","M","R","B"],"character_chosen":"IRONCLAD","items_purchased":["Feel No Pain","True Grit"],"campfire_rested":2,"item_purchase_floors":[11,11],"current_hp_per_floor":[65,65,70,63,31,53,46,46,46,22,22,59,36,16,16,0],"gold":60,"neow_bonus":"ONE_RANDOM_RARE_CARD","is_prod":false,"is_daily":false,"chose_seed":false,"campfire_upgraded":2,"win_rate":0,"timestamp":1555554860,"path_taken":["M","?","?","M","M","R","E","R","T","E","?","R","M","?","R","BOSS"],"build_version":"2019-01-23","purchased_purges":1,"victory":false,"max_hp_per_floor":[75,75,75,75,75,75,75,75,75,75,75,75,75,75,75,75],"card_choices":[{"not_picked":["Heavy Blade","Shockwave"],"picked":"Twin Strike","floor":1},{"not_picked":["Evolve","Carnage"],"picked":"Corruption","floor":3},{"not_picked":["Corruption","Iron Wave"],"picked":"Pommel Strike","floor":4},{"not_picked":["Warcry","Sword Boomerang"],"picked":"Body Slam","floor":5},{"not_picked":["Brutality","Intimidate"],"picked":"Evolve","floor":7},{"not_picked":["Flex","Armaments"],"picked":"Spot Weakness","floor":10},{"not_picked":["Body Slam","True Grit","Wild Strike"],"picked":"SKIP","floor":13},{"not_picked":["Corruption","Perfected Strike"],"picked":"Clothesline","floor":14}],"player_experience":2126625,"relics_obtained":[{"floor":7,"key":"Regal Pillow"},{"floor":9,"key":"Tiny Chest"},{"floor":10,"key":"Paper Frog"}],"event_choices":[{"damage_healed":0,"gold_gain":0,"player_choice":"Bought 2 Potions","damage_taken":0,"max_hp_gain":0,"max_hp_loss":0,"event_name":"The Woman in Blue","floor":2,"gold_loss":0}],"is_beta":false,"boss_relics":[],"items_purged_floors":[11],"is_endless":false,"potions_floor_spawned":[3,7,10,13],"killed_by":"Hexaghost","ascension_level":15}