{"gold_per_floor":[115,115,129,141,25,25,58,58,107,171,19,36,52,70,70,142,142,153,164,164,178,88,88,88,88,88,414,414,414,434,451,451,524,524,537,537,265,313,313,313,343,343,411,411,411,411,411,429,429,429,429,429,43,71,71],"floor_reached":55,"playtime":4547,"items_purged":["Strike_G","Strike_G"],"score":1318,"play_id":"a4df88ce-cf00-4440-9d67-49c956bce547","local_time":"20190411110253","is_ascension_mode":true,"campfire_choices":[{"data":"Skewer","floor":6,"key":"SMITH"},{"data":"Bane","floor":8,"key":"SMITH"},{"floor":15,"key":"REST"},{"floor":23,"key":"REST"},{"data":"Corpse Explosion","floor":25,"key":"SMITH"},{"data":"Dash","floor":28,"key":"SMITH"},{"floor":32,"key":"REST"},{"floor":40,"key":"DIG"},{"floor":42,"key":"DIG"},{"floor":44,"key":"DIG"},{"floor":46,"key":"DIG"},{"floor":49,"key":"RECALL"},{"floor":52,"key":"DIG"}],"neow_cost":"NONE","seed_source_timestamp":822800676313574,"circlet_count":0,"master_deck":["AscendersBane","Defend_G+1","Defend_G+1","Defend_G+1","Defend_G+1","Defend_G+1","Strike_G+1","Survivor+1","Neutralize+1","Bane+1","Deadly Poison+1","Skewer+1","Deadly Poison+1","Dash+1","Corpse Explosion+1","Venomology+1","Expertise+1","Ghostly+1","Ghostly+1","Ghostly+1","Ghostly+1","Ghostly+1","Well Laid Plans+1","Wraith Form v2+1","Leg Sweep","Crippling Poison+1"],"relics":["Ring of the Snake","Juzu Bracelet","Lantern","Tiny Chest","Snecko Eye","Old Coin","Busted Crown","Mark of the Bloom","ClockworkSouvenir","Shovel","Peace Pipe","Regal Pillow","Incense Burner","Pen Nib","Meat on the Bone","Molten Egg 2","Snake Skull","Ancient Tea Set","Bottled Flame","TwistedFunnel","Bronze Scales","Tingsha"],"potions_floor_usage":[10,21,21,33,33,38,38,41,48,48,50,54,55,55,55],"damage_taken":[{"damage":0,"enemies":"2 Louse","floor":1,"turns":3},{"damage":1,"enemies":"Small Slimes","floor":3,"turns":4},{"damage":0,"enemies":"Cultist","floor":4,"turns":4},{"damage":17,"enemies":"Lagavulin","floor":7,"turns":5},{"damage":30,"enemies":"Gremlin Nob","floor":10,"turns":4},{"damage":0,"enemies":"Exordium Wildlife","floor":12,"turns":2},{"damage":3,"enemies":"Blue Slaver","floor":13,"turns":3},{"damage":1,"enemies":"Looter","floor":14,"turns":3},{"damage":21,"enemies":"The Guardian","floor":16,"turns":9},{"damage":0,"enemies":"Chosen","floor":18,"turns":3},{"damage":30,"enemies":"Spheric Guardian","floor":19,"turns":6},{"damage":15,"enemies":"Chosen and Byrds","floor":21,"turns":6},{"damage":7,"enemies":"Slavers","floor":27,"turns":2},{"damage":1,"enemies":"Snecko","floor":30,"turns":4},{"damage":4,"enemies":"Shelled Parasite and Fungi","floor":31,"turns":5},{"damage":13,"enemies":"Champ","floor":33,"turns":11},{"damage":0,"enemies":"3 Shapes","floor":35,"turns":2},{"damage":0,"enemies":"2 Orb Walkers","floor":38,"turns":4},{"damage":0,"enemies":"Giant Head","floor":41,"turns":8},{"damage":1,"enemies":"3 Darklings","floor":48,"turns":3},{"damage":17,"enemies":"Awakened One","floor":50,"turns":15},{"damage":0,"enemies":"Shield and Spear","floor":54,"turns":6},{"damage":14,"enemies":"The Heart","floor":55,"turns":6}],"seed_played":"-5052451534976365173","potions_obtained":[{"floor":4,"key":"Dexterity Potion"},{"floor":12,"key":"Explosive Potion"},{"floor":13,"key":"Poison Potion"},{"floor":27,"key":"GamblersBrew"},{"floor":33,"key":"FearPotion"},{"floor":41,"key":"Fire Potion"},{"floor":48,"key":"Explosive Potion"},{"floor":54,"key":"GhostInAJar"}],"is_trial":false,"path_per_floor":["M","?","M","M","$","R","E","R","T","E","$","M","M","M","R","B",null,"M","M","?","M","?","R","$","R","T","E","R","?","M","M","R","B",null,"M","?","$","?","T","R","E","R","T","R","T","R","?","M","R","B",null,"R","$","E","B"],"character_chosen":"THE_SILENT","items_purchased":["Skewer","Deadly Poison","ClockworkSouvenir","Leg Sweep","TwistedFunnel","Bronze Scales","FearPotion"],"campfire_rested":3,"item_purchase_floors":[5,11,37,37,53,53,53],"current_hp_per_floor":[65,65,64,64,64,64,47,47,47,17,17,17,14,13,34,13,57,57,27,27,12,12,33,33,33,33,26,26,26,25,21,31,18,32,32,32,32,32,32,32,32,32,32,32,32,32,32,31,31,14,14,14,14,14,0],"gold":71,"neow_bonus":"TEN_PERCENT_HP_BONUS","is_prod":false,"is_daily":false,"chose_seed":false,"campfire_upgraded":4,"win_rate":0,"timestamp":1554994973,"path_taken":["M","?","M","M","$","R","E","R","T","E","$","M","M","M","R","BOSS","M","M","?","M","?","R","$","R","T","E","R","?","M","M","R","BOSS","M","?","$","?","?","R","E","R","T","R","?","R","?","M","R","BOSS","R","$","E","BOSS"],"build_version":"2019-01-23","purchased_purges":2,"victory":false,"max_hp_per_floor":[72,72,72,72,72,72,72,72,72,72,72,72,72,72,72,72,72,72,72,72,72,72,72,72,72,72,72,72,36,36,36,36,36,36,36,36,36,36,36,36,36,36,36,36,36,36,36,36,36,36,36,36,36,36,36],"card_choices":[{"not_picked":["Deflect","Prepared"],"picked":"Bane","floor":1},{"not_picked":["Quick Slash","Acrobatics"],"picked":"Deadly Poison","floor":3},{"not_picked":["Prepared","Backflip"],"picked":"Slice","floor":4},{"not_picked":["Blade Dance","Cloak And Dagger","Distraction"],"picked":"SKIP","floor":7},{"not_picked":["Bane","Underhanded Strike","Dagger Throw"],"picked":"SKIP","floor":10},{"not_picked":["Expertise","Underhanded Strike"],"picked":"Dash","floor":12},{"not_picked":["Acrobatics","Burst","Underhanded Strike"],"picked":"SKIP","floor":13},{"not_picked":["Outmaneuver","Deflect","Choke"],"picked":"SKIP","floor":14},{"not_picked":["Wraith Form v2","Venomology"],"picked":"Corpse Explosion","floor":16},{"not_picked":["Acrobatics","Caltrops","Sucker Punch"],"picked":"SKIP","floor":18},{"not_picked":["Sucker Punch","Quick Slash","Bane"],"picked":"SKIP","floor":19},{"not_picked":["Infinite Blades","Heel Hook","Slice"],"picked":"SKIP","floor":21},{"not_picked":["Deadly Poison","Slice","Calculated Gamble"],"picked":"SKIP","floor":27},{"not_picked":["Escape Plan","Prepared","Sucker Punch"],"picked":"SKIP","floor":30},{"not_picked":["Cloak And Dagger","Blade Dance"],"picked":"Well Laid Plans","floor":31},{"not_picked":["Bullet Time","Adrenaline"],"picked":"Wraith Form v2","floor":33},{"not_picked":["Dagger Spray"],"picked":"SKIP","floor":35},{"not_picked":[],"picked":"Crippling Poison+1","floor":38},{"not_picked":["Dodge and Roll"],"picked":"SKIP","floor":41},{"not_picked":["Dodge and Roll"],"picked":"SKIP","floor":48},{"not_picked":["Poisoned Stab+1"],"picked":"SKIP","floor":54}],"player_experience":2113525,"relics_obtained":[{"floor":7,"key":"Juzu Bracelet"},{"floor":9,"key":"Lantern"},{"floor":10,"key":"Tiny Chest"},{"floor":27,"key":"Old Coin"},{"floor":38,"key":"Shovel"},{"floor":39,"key":"Peace Pipe"},{"floor":40,"key":"Regal Pillow"},{"floor":41,"key":"Incense Burner"},{"floor":42,"key":"Pen Nib"},{"floor":43,"key":"Meat on the Bone"},{"floor":44,"key":"Molten Egg 2"},{"floor":45,"key":"Snake Skull"},{"floor":46,"key":"Ancient Tea Set"},{"floor":52,"key":"Bottled Flame"},{"floor":54,"key":"Tingsha"}],"event_choices":[{"damage_healed":0,"gold_gain":0,"player_choice":"Grow","damage_taken":0,"max_hp_gain":0,"max_hp_loss":0,"event_name":"Living Wall","floor":2,"gold_loss":0,"cards_upgraded":["Neutralize"]},{"damage_healed":0,"gold_gain":0,"cards_transformed":["Slice","Strike_G"],"player_choice":"Became Test Subject","damage_taken":0,"max_hp_gain":0,"max_hp_loss":0,"event_name":"Drug Dealer","floor":20,"gold_loss":0,"cards_obtained":["Venomology","Expertise"]},{"cards_removed":["Strike_G"],"damage_healed":0,"gold_gain":0,"player_choice":"Upgrade and Remove","damage_taken":0,"max_hp_gain":0,"max_hp_loss":0,"event_name":"Designer","floor":22,"gold_loss":90,"cards_upgraded":["Defend_G"]},{"damage_healed":0,"gold_gain":0,"player_choice":"Became a Ghost","damage_taken":0,"max_hp_gain":0,"max_hp_loss":36,"event_name":"Ghosts","floor":29,"gold_loss":0,"cards_obtained":["Ghostly","Ghostly","Ghostly","Ghostly","Ghostly"]},{"damage_healed":0,"gold_gain":0,"player_choice":"Upgrade","damage_taken":0,"relics_obtained":["Mark of the Bloom"],"max_hp_gain":0,"max_hp_loss":0,"event_name":"MindBloom","floor":36,"gold_loss":0,"cards_upgraded":["Defend_G","Defend_G","Defend_G","Defend_G","Strike_G","Survivor","Deadly Poison","Deadly Poison","Venomology","Expertise","Ghostly","Ghostly","Ghostly","Ghostly","Ghostly","Well Laid Plans","Wraith Form v2"]},{"damage_healed":0,"gold_gain":0,"player_choice":"Fight","damage_taken":0,"max_hp_gain":0,"max_hp_loss":0,"event_name":"Mysterious Sphere","floor":38,"gold_loss":0},{"damage_healed":0,"gold_gain":0,"player_choice":"Memory 1","damage_taken":0,"max_hp_gain":0,"max_hp_loss":0,"event_name":"SensoryStone","floor":47,"gold_loss":0}],"is_beta":false,"boss_relics":[{"not_picked":["Tiny House","Astrolabe"],"picked":"Snecko Eye"},{"not_picked":["Coffee Dripper","Orrery"],"picked":"Busted Crown"}],"items_purged_floors":[5,11],"is_endless":false,"potions_floor_spawned":[4,12,13,27,33,41,48,54],"killed_by":"The Heart","ascension_level":14}