{"gold_per_floor":[118,118,20,33,49,81,81,114,137,153,153,169,219,39,39,115,115,132,142,152,164,175,175,189,189,189,189,205,205,235,235,235,235],"floor_reached":33,"playtime":1716,"items_purged":["Parasite","Strike_B"],"score":453,"play_id":"778f85a4-fec7-4d0f-863d-bbe4b6ed90c4","local_time":"20190219221012","is_ascension_mode":true,"campfire_choices":[{"floor":7.0,"key":"REST"},{"floor":11.0,"key":"REST"},{"data":"Loop","floor":15.0,"key":"SMITH"},{"floor":23,"key":"REST"},{"floor":25,"key":"REST"},{"floor":27,"key":"REST"},{"data":"Leap","floor":29,"key":"SMITH"},{"floor":32,"key":"REST"}],"neow_cost":"CURSE","seed_source_timestamp":209534580509300,"circlet_count":0,"master_deck":["AscendersBane","Strike_B","Strike_B","Strike_B","Defend_B","Defend_B","Defend_B","Defend_B","Zap","Dualcast","Biased Cognition","Beam Cell","Melter","Barrage","Reboot","Multi-Cast","Cold Snap","Leap+1","Loop+1","Leap","Core Surge","Conserve Battery","Lockon","Cold Snap+1","Genetic Algorithm","Electrodynamics","Defragment"],"special_seed":0,"relics":["Cracked Core","Omamori","Smiling Mask","Regal Pillow","Nuclear Battery","Bottled Tornado","Red Mask"],"potions_floor_usage":[22,24],"damage_taken":[{"damage":0.0,"enemies":"Cultist","floor":1.0,"turns":3.0},{"damage":0.0,"enemies":"2 Louse","floor":4.0,"turns":2.0},{"damage":7.0,"enemies":"Jaw Worm","floor":5.0,"turns":2.0},{"damage":18.0,"enemies":"Gremlin Nob","floor":6.0,"turns":3.0},{"damage":45.0,"enemies":"3 Sentries","floor":8.0,"turns":7.0},{"damage":1.0,"enemies":"2 Fungi Beasts","floor":10.0,"turns":3.0},{"damage":8.0,"enemies":"Lots of Slimes","floor":12.0,"turns":5.0},{"damage":24.0,"enemies":"The Guardian","floor":16.0,"turns":16.0},{"damage":3.0,"enemies":"Shell Parasite","floor":18.0,"turns":5.0},{"damage":19.0,"enemies":"3 Byrds","floor":19.0,"turns":4.0},{"damage":6.0,"enemies":"3 Cultists","floor":20.0,"turns":6.0},{"damage":5,"enemies":"Sentry and Sphere","floor":21,"turns":3},{"damage":12,"enemies":"Snake Plant","floor":22,"turns":3},{"damage":34,"enemies":"3 Cultists","floor":24,"turns":7},{"damage":3,"enemies":"Cultist and Chosen","floor":28,"turns":5},{"damage":19,"enemies":"Masked Bandits","floor":30,"turns":3},{"damage":77,"enemies":"Automaton","floor":33,"turns":12}],"seed_played":"8355721830622104890","potions_obtained":[{"floor":2.0,"key":"Poison Potion"},{"floor":2.0,"key":"FearPotion"},{"floor":8.0,"key":"Ancient Potion"},{"floor":12.0,"key":"Regen Potion"},{"floor":16.0,"key":"FearPotion"},{"floor":18.0,"key":"Strength Potion"},{"floor":21,"key":"SteroidPotion"},{"floor":22,"key":"SkillPotion"}],"is_trial":false,"path_per_floor":["M","?","$","M","M","E","R","E","T","M","R","M","?","$","R","B",null,"M","M","M","M","M","R","M","R","T","R","M","R","?","?","R","B"],"character_chosen":"DEFECT","items_purchased":["Beam Cell","Loop","Leap"],"campfire_rested":6,"item_purchase_floors":[3,14,14],"current_hp_per_floor":[64,64,64,64,57,39,59,14,14,13,48,40,34,34,34,25,57,54,35,29,24,12,47,13,48,48,68,65,65,46,46,68,0],"gold":235,"neow_bonus":"THREE_RARE_CARDS","is_prod":false,"is_daily":false,"chose_seed":false,"campfire_upgraded":2,"win_rate":0,"timestamp":1550632212,"path_taken":["M","?","$","?","M","E","R","E","T","M","R","M","?","$","R","BOSS","M","M","M","M","M","R","M","R","T","R","?","R","?","?","R","BOSS"],"build_version":"2019-02-06","purchased_purges":2,"victory":false,"max_hp_per_floor":[71,71,68,68,68,68,68,68,68,68,68,68,68,68,68,68,68,68,68,68,68,68,68,68,68,68,68,68,68,68,68,68,68],"card_choices":[{"not_picked":["Reboot","Amplify"],"picked":"Biased Cognition","floor":0.0},{"not_picked":["Steam Power","Hologram","Stack"],"picked":"SKIP","floor":1.0},{"not_picked":["Redo","Streamline"],"picked":"Melter","floor":4.0},{"not_picked":["Rebound","Go for the Eyes"],"picked":"Barrage","floor":5.0},{"not_picked":["Redo","Undo"],"picked":"Reboot","floor":6.0},{"not_picked":["Sweeping Beam","Blizzard"],"picked":"Multi-Cast","floor":8.0},{"not_picked":["Compile Driver","Sweeping Beam"],"picked":"Cold Snap","floor":10.0},{"not_picked":["Streamline","Ball Lightning"],"picked":"Leap","floor":12.0},{"not_picked":["Rainbow","Multi-Cast"],"picked":"Core Surge","floor":16.0},{"not_picked":["Rebound","Aggregate"],"picked":"Conserve Battery","floor":18.0},{"not_picked":["Melter","Redo"],"picked":"Lockon","floor":19.0},{"not_picked":["Streamline","Redo"],"picked":"Cold Snap+1","floor":20.0},{"not_picked":["Chaos","Compile Driver"],"picked":"Genetic Algorithm","floor":21},{"not_picked":["Cold Snap","Compile Driver","Beam Cell"],"picked":"SKIP","floor":22},{"not_picked":["Coolheaded+1","Compile Driver"],"picked":"Electrodynamics","floor":24},{"not_picked":["Skim","Recycle","Hello World"],"picked":"SKIP","floor":28},{"not_picked":["Blizzard","Recycle"],"picked":"Defragment","floor":30}],"player_experience":647930,"relics_obtained":[{"floor":6.0,"key":"Omamori"},{"floor":8.0,"key":"Smiling Mask"},{"floor":9.0,"key":"Regal Pillow"},{"floor":26,"key":"Bottled Tornado"},{"floor":30,"key":"Red Mask"}],"event_choices":[{"damage_healed":0.0,"max_hp_gain":0.0,"max_hp_loss":0.0,"gold_gain":0.0,"event_name":"Lab","player_choice":"Got Potions","floor":2.0,"gold_loss":0.0,"damage_taken":0.0},{"damage_healed":0.0,"max_hp_gain":0.0,"max_hp_loss":0.0,"gold_gain":50.0,"event_name":"FaceTrader","player_choice":"Touch","floor":13.0,"gold_loss":0.0,"damage_taken":6.0},{"damage_healed":0,"gold_gain":0,"player_choice":"Fought Bandits","damage_taken":0,"max_hp_gain":0,"max_hp_loss":0,"event_name":"Masked Bandits","floor":30,"gold_loss":0},{"damage_healed":0,"gold_gain":0,"player_choice":"0 cards matched","damage_taken":0,"max_hp_gain":0,"max_hp_loss":0,"event_name":"Match and Keep!","floor":31,"gold_loss":0,"cards_obtained":[]}],"is_beta":true,"boss_relics":[{"not_picked":["Coffee Dripper","Runic Pyramid"],"picked":"Nuclear Battery"}],"items_purged_floors":[3,14],"is_endless":false,"potions_floor_spawned":[4,8,12,16,18,21,22],"killed_by":"Automaton","ascension_level":15}