{"gold_per_floor":[117,117,42,42,62,93,93,107,133,95,128,141,141,165,165,295,295,315,336,336,261,237,237,237,237,260,359,384,404,417,95,95,221,221,234,234],"floor_reached":36,"playtime":3136,"items_purged":["Strike_B"],"score":372,"play_id":"33fede0d-7dd9-478a-aa59-3466731f6779","local_time":"20190519223238","is_ascension_mode":false,"campfire_choices":[{"data":"Beam Cell","floor":7,"key":"SMITH"},{"floor":15,"key":"REST"},{"floor":23,"key":"REST"},{"data":"Hello World","floor":25,"key":"SMITH"},{"floor":32,"key":"REST"}],"neow_cost":"NONE","seed_source_timestamp":130746159737421,"circlet_count":0,"master_deck":["Strike_B","Strike_B+1","Defend_B","Defend_B","Defend_B","Defend_B","Zap+1","Dualcast+1","Beam Cell+1","Hologram","Cold Snap+1","Hologram","Loop","Hologram","Buffer","Coolheaded","Electrodynamics","Capacitor","Hello World+1","Necronomicurse","Coolheaded","Coolheaded","Double Energy","Reboot","Blizzard","Machine Learning","Loop+1"],"relics":["Cracked Core","Vajra","Regal Pillow","Happy Flower","Golden Idol","White Beast Statue","Necronomicon","Whetstone","Oddly Smooth Stone","Mercury Hourglass","Sozu"],"potions_floor_usage":[11,16,16,16,28,29,30,33,33,33],"damage_taken":[{"damage":1,"enemies":"Jaw Worm","floor":1,"turns":3},{"damage":0,"enemies":"Cultist","floor":5,"turns":2},{"damage":23,"enemies":"Lagavulin","floor":6,"turns":7},{"damage":0,"enemies":"2 Louse","floor":8,"turns":2},{"damage":15,"enemies":"3 Sentries","floor":11,"turns":5},{"damage":0,"enemies":"Blue Slaver","floor":12,"turns":2},{"damage":7,"enemies":"3 Louse","floor":14,"turns":2},{"damage":10,"enemies":"The Guardian","floor":16,"turns":8},{"damage":18,"enemies":"Shell Parasite","floor":18,"turns":7},{"damage":0,"enemies":"3 Byrds","floor":19,"turns":2},{"damage":25,"enemies":"3 Cultists","floor":28,"turns":4},{"damage":5,"enemies":"Snecko","floor":29,"turns":5},{"damage":10,"enemies":"Snake Plant","floor":30,"turns":5},{"damage":39,"enemies":"Collector","floor":33,"turns":9},{"damage":10,"enemies":"3 Shapes","floor":35,"turns":2},{"damage":66,"enemies":"2 Orb Walkers","floor":36,"turns":5}],"seed_played":"-3043821245456720540","potions_obtained":[{"floor":5,"key":"Explosive Potion"},{"floor":8,"key":"PowerPotion"},{"floor":11,"key":"Poison Potion"},{"floor":14,"key":"PowerPotion"},{"floor":16,"key":"SneckoOil"},{"floor":18,"key":"FearPotion"},{"floor":19,"key":"Dexterity Potion"},{"floor":28,"key":"AttackPotion"},{"floor":29,"key":"LiquidBronze"},{"floor":30,"key":"Regen Potion"},{"floor":33,"key":"Explosive Potion"}],"is_trial":false,"path_per_floor":["M","?","$","?","M","E","R","M","T","$","E","M","?","M","R","B",null,"M","M","?","?","$","R","T","R","T","?","M","M","M","$","R","B",null,"M","?"],"character_chosen":"DEFECT","items_purchased":["Loop","Coolheaded","Mercury Hourglass","Blizzard"],"campfire_rested":3,"item_purchase_floors":[10,22,31,31],"current_hp_per_floor":[74,75,75,75,75,52,52,52,52,52,37,37,19,12,49,39,75,57,57,41,41,41,75,75,75,75,75,50,45,35,35,72,46,75,65,0],"gold":234,"neow_bonus":"UPGRADE_CARD","is_prod":false,"is_daily":false,"chose_seed":false,"campfire_upgraded":2,"win_rate":0.0,"timestamp":1558330358,"path_taken":["M","?","?","?","M","E","R","M","T","?","E","M","?","M","R","BOSS","M","M","?","?","?","R","?","R","T","?","M","M","M","$","R","BOSS","M","?"],"build_version":"2019-01-23","purchased_purges":1,"victory":false,"max_hp_per_floor":[75,75,75,75,75,75,75,75,75,75,75,75,75,75,75,75,75,75,75,75,75,75,75,75,75,75,75,75,75,75,75,75,75,75,75,75],"card_choices":[{"not_picked":["Go for the Eyes","Compile Driver"],"picked":"Beam Cell","floor":1},{"not_picked":["Go for the Eyes","FTL"],"picked":"Hologram","floor":5},{"not_picked":["Conserve Battery","Hello World"],"picked":"Cold Snap","floor":6},{"not_picked":["Force Field","Reinforced Body"],"picked":"Hologram","floor":8},{"not_picked":["Self Repair","Conserve Battery"],"picked":"Hologram","floor":11},{"not_picked":["Double Energy","Leap"],"picked":"Buffer","floor":12},{"not_picked":["Hello World","Ball Lightning"],"picked":"Coolheaded","floor":14},{"not_picked":["All For One","Multi-Cast"],"picked":"Electrodynamics","floor":16},{"not_picked":["Go for the Eyes","Hologram"],"picked":"Capacitor","floor":18},{"not_picked":["Genetic Algorithm","Redo+1"],"picked":"Hello World","floor":19},{"not_picked":["Steam","Barrage+1"],"picked":"Coolheaded","floor":28},{"not_picked":["BootSequence","Streamline"],"picked":"Double Energy","floor":29},{"not_picked":["Chaos","Tempest"],"picked":"Reboot","floor":30},{"not_picked":["Reboot","Fission"],"picked":"Machine Learning","floor":33},{"not_picked":["Conserve Battery+1","Ball Lightning+1"],"picked":"Loop+1","floor":35}],"player_experience":12363,"relics_obtained":[{"floor":6,"key":"Vajra"},{"floor":9,"key":"Regal Pillow"},{"floor":11,"key":"Happy Flower"},{"floor":20,"key":"Necronomicon"},{"floor":24,"key":"Whetstone"},{"floor":26,"key":"Oddly Smooth Stone"}],"event_choices":[{"damage_healed":1,"gold_gain":0,"player_choice":"Full Heal","damage_taken":0,"max_hp_gain":0,"max_hp_loss":0,"event_name":"Wheel of Change","floor":2,"gold_loss":0},{"damage_healed":0,"gold_gain":0,"player_choice":"Grow","damage_taken":0,"max_hp_gain":0,"max_hp_loss":0,"event_name":"Living Wall","floor":4,"gold_loss":0,"cards_upgraded":["Dualcast"]},{"damage_healed":0,"gold_gain":0,"player_choice":"Take Damage","damage_taken":18,"relics_obtained":["Golden Idol"],"max_hp_gain":0,"max_hp_loss":0,"event_name":"Golden Idol","floor":13,"gold_loss":0},{"damage_healed":0,"gold_gain":0,"player_choice":"Obtained Book","damage_taken":16,"max_hp_gain":0,"max_hp_loss":0,"event_name":"Cursed Tome","floor":20,"gold_loss":0},{"cards_removed":["Strike_B"],"damage_healed":0,"gold_gain":0,"player_choice":"Gave Gold","damage_taken":0,"max_hp_gain":0,"max_hp_loss":0,"event_name":"Beggar","floor":21,"gold_loss":75},{"damage_healed":0,"gold_gain":99,"player_choice":"Stole From Cult","damage_taken":0,"max_hp_gain":0,"max_hp_loss":0,"event_name":"Nest","floor":27,"gold_loss":0},{"damage_healed":0,"gold_gain":0,"player_choice":"Fight","damage_taken":0,"max_hp_gain":0,"max_hp_loss":0,"event_name":"Mysterious Sphere","floor":36,"gold_loss":0}],"is_beta":false,"boss_relics":[{"not_picked":["Eternal Feather","Runic Dome"],"picked":"White Beast Statue"},{"not_picked":["Velvet Choker","Inserter"],"picked":"Sozu"}],"items_purged_floors":[3],"is_endless":false,"potions_floor_spawned":[5,8,11,14,16,18,19,28,29,30,33,35],"killed_by":"2 Orb Walkers","ascension_level":0}