{"gold_per_floor":[112,112,72,72,72,72,20,55,55,81,81,99,112,132,132,235,235,246,246,260,280,379,379,389,419,419,419,94,108,139,214,214,313,313,329,329,329,345,357,357,384,384,384,402,402,80,94,94,94,94],"floor_reached":51,"playtime":1593,"items_purged":["Strike_R","Strike_R"],"score":1175,"play_id":"fd95fc05-e508-444a-b683-2c70d4980cfc","local_time":"20190206160628","is_ascension_mode":true,"campfire_choices":[{"data":"Whirlwind","floor":6,"key":"SMITH"},{"data":"Flex","floor":11,"key":"SMITH"},{"data":"Seeing Red","floor":15,"key":"SMITH"},{"data":"Offering","floor":23,"key":"SMITH"},{"floor":27,"key":"REST"},{"data":"Fiend Fire","floor":32,"key":"SMITH"},{"floor":40,"key":"REST"},{"floor":42,"key":"REST"},{"floor":45,"key":"REST"},{"floor":49,"key":"REST"}],"neow_cost":"NONE","seed_source_timestamp":14395269722800,"circlet_count":0,"master_deck":["AscendersBane","Strike_R","Strike_R+1","Strike_R+1","Defend_R","Defend_R","Defend_R","Defend_R","Bash","Clash","Whirlwind+1","Thunderclap","Flex+1","Reckless Charge","Flex","Seeing Red+1","Offering+1","Headbutt+1","Fiend Fire+1","Shrug It Off","Uppercut+1","Spot Weakness","Exhume","Flash of Steel","Shockwave+1"],"relics":["Burning Blood","NeowsBlessing","Bronze Scales","Lantern","Matryoshka","Gambling Chip","Sozu","Red Mask","Red Skull","Potion Belt","Self Forming Clay","Vajra","Fusion Hammer","Ice Cream","Paper Frog","Shuriken","Membership Card","Blood Vial","Meat on the Bone"],"potions_floor_usage":[33,50],"damage_taken":[{"damage":0,"enemies":"Small Slimes","floor":1,"turns":1},{"damage":0,"enemies":"3 Sentries","floor":8,"turns":1},{"damage":0,"enemies":"Lagavulin","floor":10,"turns":1},{"damage":7,"enemies":"Jaw Worm","floor":12,"turns":2},{"damage":0,"enemies":"Cultist","floor":13,"turns":2},{"damage":0,"enemies":"Exordium Thugs","floor":14,"turns":2},{"damage":70,"enemies":"The Guardian","floor":16,"turns":8},{"damage":28,"enemies":"2 Thieves","floor":18,"turns":2},{"damage":0,"enemies":"3 Byrds","floor":20,"turns":1},{"damage":6,"enemies":"Centurion and Healer","floor":21,"turns":2},{"damage":24,"enemies":"Shelled Parasite and Fungi","floor":24,"turns":2},{"damage":13,"enemies":"Masked Bandits","floor":25,"turns":2},{"damage":11,"enemies":"Snake Plant","floor":29,"turns":2},{"damage":11,"enemies":"Book of Stabbing","floor":30,"turns":3},{"damage":49,"enemies":"Automaton","floor":33,"turns":6},{"damage":12,"enemies":"3 Darklings","floor":35,"turns":2},{"damage":12,"enemies":"Orb Walker","floor":38,"turns":1},{"damage":31,"enemies":"Writhing Mass","floor":39,"turns":3},{"damage":15,"enemies":"Reptomancer","floor":41,"turns":3},{"damage":28,"enemies":"4 Shapes","floor":44,"turns":1},{"damage":23,"enemies":"Spire Growth","floor":47,"turns":3},{"damage":76,"enemies":"Awakened One","floor":50,"turns":7}],"seed_played":"-877545231114570586","potions_obtained":[{"floor":10,"key":"Dexterity Potion"},{"floor":12,"key":"SpeedPotion"},{"floor":16,"key":"PowerPotion"}],"is_trial":false,"path_per_floor":["M","?","$","?","$","R","$","E","T","E","R","M","M","M","R","B",null,"M","?","M","M","?","R","M","?","T","R","$","M","E","?","R","B",null,"M","?","?","M","M","R","E","R","T","M","R","$","M","T","R","B",null],"character_chosen":"IRONCLAD","items_purchased":["Whirlwind","Thunderclap","Self Forming Clay","Membership Card","Blood Vial"],"campfire_rested":5,"item_purchase_floors":[3,7,28,46,46],"current_hp_per_floor":[78,62,62,55,55,55,55,61,61,67,67,66,72,78,78,14,64,42,80,80,80,80,80,62,55,55,79,79,74,69,61,61,18,65,59,59,59,53,28,52,43,67,67,45,69,69,54,54,78,22],"gold":94,"neow_bonus":"THREE_ENEMY_KILL","is_prod":false,"is_daily":false,"chose_seed":false,"campfire_upgraded":5,"win_rate":0,"timestamp":1549487188,"path_taken":["M","?","$","?","$","R","?","E","T","E","R","M","?","M","R","BOSS","M","?","?","M","?","R","M","?","T","R","?","M","E","?","R","BOSS","M","?","?","M","M","R","E","R","T","M","R","?","M","?","R","BOSS"],"build_version":"2019-01-23","purchased_purges":2,"victory":true,"max_hp_per_floor":[80,80,80,80,80,80,80,80,80,80,80,80,80,80,80,80,80,80,80,80,80,80,80,80,80,80,80,80,80,80,80,80,80,80,80,80,80,80,80,80,80,80,80,80,80,80,80,80,80,80],"card_choices":[{"not_picked":["Headbutt","Armaments"],"picked":"Clash","floor":1},{"not_picked":["Heavy Blade","Blood for Blood"],"picked":"Flex","floor":8},{"not_picked":["Heavy Blade","Sentinel","Berserk"],"picked":"SKIP","floor":10},{"not_picked":["Armaments","Anger"],"picked":"Reckless Charge","floor":12},{"not_picked":["Sever Soul","Cleave"],"picked":"Flex","floor":13},{"not_picked":["Perfected Strike","Searing Blow"],"picked":"Seeing Red","floor":14},{"not_picked":["Barricade","Impervious"],"picked":"Offering","floor":16},{"not_picked":["Heavy Blade","Fire Breathing"],"picked":"Evolve","floor":18},{"not_picked":["Clash","Heavy Blade"],"picked":"Headbutt+1","floor":20},{"not_picked":["Dropkick","Body Slam"],"picked":"Fiend Fire","floor":21},{"not_picked":["Second Wind","Armaments"],"picked":"Shrug It Off","floor":24},{"not_picked":["Sentinel","Bloodletting"],"picked":"Uppercut+1","floor":25},{"not_picked":["Flex","Hemokinesis"],"picked":"Spot Weakness","floor":29},{"not_picked":["Flame Barrier","Combust","Burning Pact"],"picked":"SKIP","floor":30},{"not_picked":["Brutality","Dark Embrace"],"picked":"Exhume","floor":33},{"not_picked":["Pommel Strike","Thunderclap","Anger+1"],"picked":"SKIP","floor":35},{"not_picked":["Deep Breath","Mind Blast"],"picked":"Flash of Steel","floor":36},{"not_picked":["Clothesline+1","Flex","Havoc"],"picked":"SKIP","floor":38},{"not_picked":["Iron Wave","Body Slam+1"],"picked":"Shockwave+1","floor":39},{"not_picked":["Fiend Fire","Heavy Blade","Cleave"],"picked":"SKIP","floor":41},{"not_picked":["Cleave","Pommel Strike+1","Sever Soul"],"picked":"SKIP","floor":44},{"not_picked":["Warcry","True Grit","Rage"],"picked":"SKIP","floor":47}],"player_experience":584217,"relics_obtained":[{"floor":8,"key":"Lantern"},{"floor":9,"key":"Matryoshka"},{"floor":10,"key":"Gambling Chip"},{"floor":25,"key":"Red Mask"},{"floor":26,"key":"Red Skull"},{"floor":26,"key":"Potion Belt"},{"floor":30,"key":"Vajra"},{"floor":41,"key":"Ice Cream"},{"floor":43,"key":"Paper Frog"},{"floor":43,"key":"Shuriken"},{"floor":48,"key":"Meat on the Bone"}],"event_choices":[{"damage_healed":0,"gold_gain":0,"player_choice":"Entered Light","damage_taken":16,"max_hp_gain":0,"max_hp_loss":0,"event_name":"Shining Light","floor":2,"gold_loss":0,"cards_upgraded":["Strike_R","Strike_R"]},{"damage_healed":0,"gold_gain":0,"player_choice":"Success","damage_taken":7,"relics_obtained":["Bronze Scales"],"max_hp_gain":0,"max_hp_loss":0,"event_name":"Scrap Ooze","floor":4,"gold_loss":0},{"damage_healed":38,"gold_gain":0,"player_choice":"Full Heal","damage_taken":0,"max_hp_gain":0,"max_hp_loss":0,"event_name":"Wheel of Change","floor":19,"gold_loss":0},{"damage_healed":0,"gold_gain":99,"player_choice":"Stole From Cult","damage_taken":0,"max_hp_gain":0,"max_hp_loss":0,"event_name":"Nest","floor":22,"gold_loss":0},{"damage_healed":0,"gold_gain":0,"player_choice":"Fought Bandits","damage_taken":0,"max_hp_gain":0,"max_hp_loss":0,"event_name":"Masked Bandits","floor":25,"gold_loss":0},{"damage_healed":0,"gold_gain":75,"player_choice":"Touch","damage_taken":8,"max_hp_gain":0,"max_hp_loss":0,"event_name":"FaceTrader","floor":31,"gold_loss":0},{"damage_healed":0,"gold_gain":0,"player_choice":"Memory 1","damage_taken":0,"max_hp_gain":0,"max_hp_loss":0,"event_name":"SensoryStone","floor":36,"gold_loss":0},{"cards_removed":["Evolve"],"damage_healed":0,"gold_gain":0,"player_choice":"Removed Power","damage_taken":0,"max_hp_gain":0,"max_hp_loss":0,"event_name":"Falling","floor":37,"gold_loss":0}],"is_beta":true,"boss_relics":[{"not_picked":["Ectoplasm","Runic Pyramid"],"picked":"Sozu"},{"not_picked":["Orrery","Mark of Pain"],"picked":"Fusion Hammer"}],"items_purged_floors":[28,46],"is_endless":false,"potions_floor_spawned":[10,12,16,18,21,25,33,47],"ascension_level":12}