{"gold_per_floor":[117,136,136,149,74,74,149,174,174,174,174,349,2,20,20,117,117,134,147,160,190,203,203,203,238,286,286,320,320],"floor_reached":29,"playtime":946,"items_purged":["Normality","Doubt"],"score":261,"play_id":"c4541c92-937e-4309-bf7d-8a13c2a3801e","local_time":"20181207182139","is_ascension_mode":false,"campfire_choices":[{"data":"Dualcast","floor":6,"key":"SMITH"},{"floor":10,"key":"REST"},{"data":"Zap","floor":15,"key":"SMITH"},{"data":"Biased Cognition","floor":23,"key":"SMITH"},{"floor":27,"key":"REST"}],"neow_cost":"CURSE","seed_source_timestamp":361300620461894,"circlet_count":0,"master_deck":["Strike_B","Strike_B","Strike_B","Strike_B","Defend_B","Defend_B","Defend_B","Defend_B","Zap+1","Dualcast+1","Biased Cognition+1","Ball Lightning","Hologram","Ball Lightning","Biased Cognition","Leap","Steam Power"],"relics":["Cracked Core","Mercury Hourglass","Happy Flower","Boot","Gremlin Horn","Busted Crown","Tiny Chest","Lantern","Ancient Tea Set","WingedGreaves"],"potions_floor_usage":[16,25],"damage_taken":[{"damage":2,"enemies":"Small Slimes","floor":1,"turns":2},{"damage":5,"enemies":"2 Louse","floor":2,"turns":2},{"damage":6,"enemies":"Jaw Worm","floor":4,"turns":2},{"damage":18,"enemies":"3 Sentries","floor":8,"turns":4},{"damage":4,"enemies":"Blue Slaver","floor":14,"turns":3},{"damage":40,"enemies":"The Guardian","floor":16,"turns":8},{"damage":5,"enemies":"3 Byrds","floor":18,"turns":2},{"damage":0,"enemies":"Spheric Guardian","floor":19,"turns":3},{"damage":7,"enemies":"Chosen and Byrds","floor":20,"turns":3},{"damage":5,"enemies":"Cultist and Chosen","floor":22,"turns":4},{"damage":20,"enemies":"Book of Stabbing","floor":25,"turns":5},{"damage":41,"enemies":"Slavers","floor":28,"turns":4},{"damage":15,"enemies":"Colosseum Slavers","floor":29,"turns":1}],"seed_played":"-619419560711920119","potions_obtained":[{"floor":8,"key":"AttackPotion"},{"floor":19,"key":"Swift Potion"},{"floor":20,"key":"SteroidPotion"},{"floor":22,"key":"FearPotion"}],"is_trial":false,"path_per_floor":["M","M","?","M","$","R","?","E","T","R","?","?","$","M","R","B",null,"M","M","M","?","M","R","?","E","T","R","E","?"],"character_chosen":"DEFECT","items_purchased":["Gremlin Horn"],"campfire_rested":2,"item_purchase_floors":[13],"current_hp_per_floor":[73,68,50,44,44,44,33,15,15,37,62,62,62,58,58,18,75,70,70,63,63,58,58,44,24,24,48,7,0],"gold":320,"neow_bonus":"THREE_RARE_CARDS","is_prod":false,"is_daily":false,"chose_seed":false,"campfire_upgraded":3,"win_rate":0,"timestamp":1544224899,"path_taken":["M","M","?","M","$","R","?","E","T","R","?","?","$","M","R","BOSS","M","M","M","?","M","R","?","E","T","R","E","?"],"build_version":"2018-12-06","purchased_purges":2,"victory":false,"max_hp_per_floor":[75,75,75,75,75,75,75,75,75,75,75,75,75,75,75,75,75,75,75,75,75,75,75,80,80,80,80,80,80],"card_choices":[{"not_picked":["Amplify","Thunder Strike"],"picked":"Biased Cognition","floor":0},{"not_picked":["Cold Snap","Go for the Eyes"],"picked":"Ball Lightning","floor":1},{"not_picked":["Stack","Chill"],"picked":"Hologram","floor":2},{"not_picked":["Reprogram","Streamline","Go for the Eyes"],"picked":"SKIP","floor":4},{"not_picked":["Cold Snap","Compile Driver","Force Field"],"picked":"SKIP","floor":8},{"not_picked":["Redo","Compile Driver"],"picked":"Ball Lightning","floor":14},{"not_picked":["Meteor Strike","All For One"],"picked":"Biased Cognition","floor":16},{"not_picked":["Compile Driver"],"picked":"SKIP","floor":18},{"not_picked":["Go for the Eyes"],"picked":"SKIP","floor":19},{"not_picked":["Blizzard"],"picked":"SKIP","floor":20},{"not_picked":[],"picked":"Leap","floor":22},{"not_picked":[],"picked":"Steam Power","floor":25},{"not_picked":["Gash"],"picked":"SKIP","floor":28}],"player_experience":406396,"relics_obtained":[{"floor":8,"key":"Happy Flower"},{"floor":9,"key":"Boot"},{"floor":25,"key":"Lantern"},{"floor":26,"key":"Ancient Tea Set"},{"floor":28,"key":"WingedGreaves"}],"event_choices":[{"damage_healed":0,"gold_gain":0,"player_choice":"Success","damage_taken":18,"relics_obtained":["Mercury Hourglass"],"max_hp_gain":0,"max_hp_loss":0,"event_name":"Scrap Ooze","floor":3,"gold_loss":0},{"damage_healed":0,"gold_gain":75,"player_choice":"Gather Gold","damage_taken":11,"max_hp_gain":0,"max_hp_loss":0,"event_name":"World of Goop","floor":7,"gold_loss":0},{"damage_healed":25,"gold_gain":0,"player_choice":"Banana","damage_taken":0,"max_hp_gain":0,"max_hp_loss":0,"event_name":"Big Fish","floor":11,"gold_loss":0},{"damage_healed":0,"gold_gain":175,"player_choice":"AGREE","damage_taken":0,"max_hp_gain":0,"max_hp_loss":0,"event_name":"Liars Game","floor":12,"gold_loss":0,"cards_obtained":["Doubt"]},{"damage_healed":0,"gold_gain":0,"player_choice":"Opened","damage_taken":0,"relics_obtained":["Tiny Chest"],"max_hp_gain":0,"max_hp_loss":0,"event_name":"The Mausoleum","floor":21,"gold_loss":0},{"damage_healed":0,"gold_gain":0,"player_choice":"Shed Blood","damage_taken":19,"max_hp_gain":5,"max_hp_loss":0,"event_name":"Forgotten Altar","floor":24,"gold_loss":0},{"damage_healed":0,"gold_gain":0,"player_choice":"Fight","damage_taken":0,"max_hp_gain":0,"max_hp_loss":0,"event_name":"Colosseum","floor":29,"gold_loss":0}],"is_beta":true,"boss_relics":[{"not_picked":["Philosopher\u0027s Stone","Nuclear Battery"],"picked":"Busted Crown"}],"items_purged_floors":[5,13],"is_endless":false,"potions_floor_spawned":[8,19,20,22],"killed_by":"Colosseum Slavers","ascension_level":0}