{"gold_per_floor":[114,114,114,130,22,49,49,76,88,100,112,159,182,206,218,333,345,377,409,440,452,475,487,531,543,555,584,596,623,132,132,132,132],"floor_reached":33,"playtime":1722,"items_purged":["Strike_B","Reprogram+1"],"score":367,"play_id":"1230c713-1e3a-4b83-8a77-11e95b535cb7","local_time":"20190526132453","is_ascension_mode":true,"campfire_choices":[{"floor":7,"key":"REST"},{"floor":10,"key":"REST"},{"floor":15,"key":"REST"},{"data":"Fission","floor":23,"key":"SMITH"},{"data":"Defragment","floor":25,"key":"SMITH"},{"data":"Conserve Battery","floor":32,"key":"SMITH"}],"neow_cost":"NONE","seed_source_timestamp":719773499202300,"circlet_count":0,"master_deck":["Strike_B","Strike_B","Strike_B","Defend_B","Defend_B","Defend_B","Defend_B+1","Zap","Dualcast","Conserve Battery+1","Undo+1","Defragment+1","Conserve Battery","Sweeping Beam","Doom and Gloom","Sweeping Beam","Ball Lightning","Loop+1"],"relics":["Cracked Core","Strawberry","MawBank","Pantograph","War Paint","Snecko Eye","Vajra","Art of War","NlothsMask","Blood Vial","Mercury Hourglass"],"potions_floor_usage":[6,13,20,33,33,33],"damage_taken":[{"damage":0,"enemies":"Small Slimes","floor":1,"turns":3},{"damage":0,"enemies":"2 Louse","floor":4,"turns":2},{"damage":74,"enemies":"Gremlin Nob","floor":6,"turns":7},{"damage":29,"enemies":"Lagavulin","floor":8,"turns":10},{"damage":20,"enemies":"3 Sentries","floor":12,"turns":8},{"damage":0,"enemies":"Cultist","floor":13,"turns":2},{"damage":6,"enemies":"Large Slime","floor":14,"turns":5},{"damage":14,"enemies":"Slime Boss","floor":16,"turns":10},{"damage":28,"enemies":"2 Thieves","floor":18,"turns":5},{"damage":18,"enemies":"Shell Parasite","floor":19,"turns":9},{"damage":35,"enemies":"Shelled Parasite and Fungi","floor":20,"turns":7},{"damage":35,"enemies":"Chosen and Byrds","floor":22,"turns":6},{"damage":16,"enemies":"Gremlin Leader","floor":24,"turns":5},{"damage":1,"enemies":"Snake Plant","floor":27,"turns":4},{"damage":0,"enemies":"Snecko","floor":29,"turns":4},{"damage":102,"enemies":"Collector","floor":33,"turns":7}],"seed_played":"-8776025067552114430","potions_obtained":[{"floor":4,"key":"SpeedPotion"},{"floor":6,"key":"Dexterity Potion"},{"floor":12,"key":"AttackPotion"},{"floor":18,"key":"Energy Potion"},{"floor":20,"key":"Fire Potion"},{"floor":24,"key":"Fire Potion"}],"is_trial":false,"path_per_floor":["M","?","?","M","$","E","R","E","T","R","?","E","M","M","R","B",null,"M","M","M","?","M","R","E","R","T","M","?","M","$","?","R","B"],"character_chosen":"DEFECT","items_purchased":["Defragment","Blood Vial","Mercury Hourglass"],"campfire_rested":3,"item_purchase_floors":[5,30,30],"current_hp_per_floor":[75,60,75,75,75,8,32,3,3,27,27,7,7,1,25,36,82,54,36,1,82,47,47,31,31,31,30,30,30,30,92,92,0],"gold":132,"neow_bonus":"ONE_RANDOM_RARE_CARD","is_prod":false,"is_daily":false,"chose_seed":false,"campfire_upgraded":3,"win_rate":0,"timestamp":1558891493,"path_taken":["M","?","?","?","$","E","R","E","T","R","?","E","M","M","R","BOSS","M","?","M","?","?","R","E","R","T","M","?","M","?","?","R","BOSS"],"build_version":"2019-01-23","purchased_purges":2,"victory":false,"max_hp_per_floor":[75,75,75,75,75,82,82,82,82,82,82,82,82,82,82,82,82,82,82,82,82,82,82,82,82,82,82,82,82,82,92,92,92],"card_choices":[{"not_picked":["Streamline","Steam"],"picked":"Conserve Battery","floor":1},{"not_picked":["Beam Cell","Loop"],"picked":"Undo","floor":4},{"not_picked":["Steam","Thunder Strike"],"picked":"Conserve Battery","floor":6},{"not_picked":["Heatsinks","Streamline"],"picked":"Sweeping Beam","floor":8},{"not_picked":["Hyperbeam","Beam Cell","Aggregate"],"picked":"SKIP","floor":12},{"not_picked":["Streamline","Stack"],"picked":"Doom and Gloom","floor":13},{"not_picked":["Conserve Battery","Genetic Algorithm"],"picked":"Sweeping Beam","floor":14},{"not_picked":["Hyperbeam","Thunder Strike"],"picked":"Fission","floor":16},{"not_picked":["Consume","Conserve Battery+1","Turbo+1"],"picked":"SKIP","floor":18},{"not_picked":["Consume","Conserve Battery+1","Turbo+1"],"picked":"SKIP","floor":18},{"not_picked":["Scrape+1","Auto Shields+1"],"picked":"Ball Lightning","floor":19},{"not_picked":["Chaos","Leap"],"picked":"Loop+1","floor":20},{"not_picked":["Stack+1","Aggregate","Turbo"],"picked":"SKIP","floor":22},{"not_picked":["Stack+1","Aggregate","Turbo"],"picked":"SKIP","floor":22},{"not_picked":["Barrage+1","Hyperbeam","Conserve Battery+1"],"picked":"SKIP","floor":24},{"not_picked":["Rebound","Compile Driver","Ball Lightning"],"picked":"SKIP","floor":27},{"not_picked":["Beam Cell","Compile Driver","Storm+1"],"picked":"SKIP","floor":29}],"player_experience":286558,"relics_obtained":[{"floor":6,"key":"Strawberry"},{"floor":8,"key":"MawBank"},{"floor":9,"key":"Pantograph"},{"floor":12,"key":"War Paint"},{"floor":24,"key":"Vajra"},{"floor":26,"key":"Art of War"}],"event_choices":[{"damage_healed":0,"gold_gain":0,"player_choice":"Entered Light","damage_taken":15,"max_hp_gain":0,"max_hp_loss":0,"event_name":"Shining Light","floor":2,"gold_loss":0,"cards_upgraded":["Amplify","Defend_B"]},{"damage_healed":15,"gold_gain":0,"player_choice":"Full Heal","damage_taken":0,"max_hp_gain":0,"max_hp_loss":0,"event_name":"Wheel of Change","floor":3,"gold_loss":0},{"damage_healed":0,"gold_gain":0,"cards_transformed":["Amplify"],"player_choice":"Transformed","damage_taken":0,"max_hp_gain":0,"max_hp_loss":0,"event_name":"Transmorgrifier","floor":11,"gold_loss":0,"cards_obtained":["Reprogram"]},{"damage_healed":81,"gold_gain":0,"player_choice":"Full Heal","damage_taken":0,"max_hp_gain":0,"max_hp_loss":0,"event_name":"Wheel of Change","floor":21,"gold_loss":0},{"damage_healed":0,"gold_gain":0,"player_choice":"Trade","damage_taken":0,"relics_obtained":["NlothsMask"],"max_hp_gain":0,"max_hp_loss":0,"event_name":"FaceTrader","floor":28,"gold_loss":0},{"cards_removed":["Fission"],"damage_healed":52,"gold_gain":0,"player_choice":"Offered Rare","damage_taken":0,"max_hp_gain":10,"max_hp_loss":0,"event_name":"Bonfire Elementals","floor":31,"gold_loss":0}],"is_beta":false,"boss_relics":[{"not_picked":["Fusion Hammer","Cursed Key"],"picked":"Snecko Eye"}],"items_purged_floors":[5,30],"is_endless":false,"potions_floor_spawned":[4,6,12,18,20,24],"killed_by":"Collector","ascension_level":4}