{"gold_per_floor":[119,119,131,56,67,67,83,139,139,166,183,196,196,231,231,231],"floor_reached":16,"playtime":996,"items_purged":[],"score":196,"play_id":"98ed1561-f841-493c-ba55-3b2f68d9dedd","local_time":"20190426183126","is_ascension_mode":true,"campfire_choices":[{"data":"Inflame","floor":6.0,"key":"SMITH"},{"floor":13,"key":"REST"},{"floor":15,"key":"REST"}],"neow_cost":"NONE","seed_source_timestamp":624407192126380,"circlet_count":0,"master_deck":["AscendersBane","Strike_R","Strike_R","Strike_R","Strike_R","Defend_R","Defend_R","Defend_R","Defend_R","Bash","Headbutt","Inflame+1","Dropkick","Pommel Strike","Dark Embrace","Demon Form","Corruption","Shrug It Off","Headbutt"],"special_seed":0,"relics":["Burning Blood","Turnip","Champion Belt","Thread and Needle","Darkstone Periapt"],"potions_floor_usage":[16],"damage_taken":[{"damage":0.0,"enemies":"Small Slimes","floor":1.0,"turns":3.0},{"damage":18.0,"enemies":"Jaw Worm","floor":3.0,"turns":4.0},{"damage":2.0,"enemies":"2 Louse","floor":5.0,"turns":4.0},{"damage":8.0,"enemies":"Exordium Wildlife","floor":7.0,"turns":5.0},{"damage":21.0,"enemies":"Gremlin Nob","floor":8.0,"turns":4.0},{"damage":40.0,"enemies":"3 Sentries","floor":10.0,"turns":9.0},{"damage":19.0,"enemies":"Exordium Thugs","floor":11.0,"turns":4.0},{"damage":3,"enemies":"3 Louse","floor":12,"turns":4},{"damage":25,"enemies":"Gremlin Nob","floor":14,"turns":5},{"damage":56,"enemies":"The Guardian","floor":16,"turns":9}],"seed_played":"-3716154967904811172","potions_obtained":[{"floor":1.0,"key":"Poison Potion"},{"floor":3.0,"key":"Block Potion"},{"floor":8.0,"key":"Energy Potion"},{"floor":14,"key":"EssenceOfSteel"}],"is_trial":false,"path_per_floor":["M","?","M","?","M","R","M","?","T","E","M","M","R","E","R","B"],"character_chosen":"IRONCLAD","items_purchased":[],"campfire_rested":2,"item_purchase_floors":[],"current_hp_per_floor":[81,86,74,74,78,78,76,61,61,27,14,17,43,24,50,0],"gold":231,"neow_bonus":"TEN_PERCENT_HP_BONUS","is_prod":false,"is_daily":false,"chose_seed":false,"campfire_upgraded":1,"win_rate":0,"timestamp":1556317886,"path_taken":["M","?","M","?","M","R","M","?","T","E","M","M","R","E","R","BOSS"],"build_version":"2019-01-23","purchased_purges":0,"victory":false,"max_hp_per_floor":[82,87,87,87,87,87,87,87,87,87,87,87,87,87,87,87],"card_choices":[{"not_picked":["Wild Strike","Infernal Blade"],"picked":"Headbutt","floor":1.0},{"not_picked":["Sword Boomerang","Warcry"],"picked":"Inflame","floor":3.0},{"not_picked":["Wild Strike","Sever Soul"],"picked":"Dropkick","floor":5.0},{"not_picked":["Body Slam","Power Through"],"picked":"Pommel Strike","floor":7.0},{"not_picked":["Infernal Blade","Iron Wave"],"picked":"Dark Embrace","floor":8.0},{"not_picked":["Warcry","Body Slam"],"picked":"Demon Form","floor":10.0},{"not_picked":["Perfected Strike","Second Wind"],"picked":"Corruption","floor":11.0},{"not_picked":["Warcry","Armaments"],"picked":"Shrug It Off","floor":12},{"not_picked":["Searing Blow","Dropkick"],"picked":"Headbutt","floor":14}],"player_experience":2136800,"relics_obtained":[{"floor":8.0,"key":"Turnip"},{"floor":9.0,"key":"Champion Belt"},{"floor":10.0,"key":"Thread and Needle"},{"floor":14,"key":"Darkstone Periapt"}],"event_choices":[{"damage_healed":0.0,"max_hp_gain":5.0,"max_hp_loss":0.0,"gold_gain":0.0,"event_name":"Big Fish","player_choice":"Donut","floor":2.0,"gold_loss":0.0,"damage_taken":0.0},{"cards_removed":["Strike_R"],"damage_healed":0.0,"max_hp_gain":0.0,"max_hp_loss":0.0,"gold_gain":0.0,"event_name":"The Cleric","player_choice":"Card Removal","floor":4.0,"gold_loss":75.0,"damage_taken":0.0},{"damage_healed":0.0,"max_hp_gain":0.0,"max_hp_loss":0.0,"gold_gain":0.0,"event_name":"Dead Adventurer","player_choice":"Searched \u00271\u0027 times","floor":8.0,"gold_loss":0.0,"damage_taken":0.0}],"is_beta":false,"boss_relics":[],"items_purged_floors":[],"is_endless":false,"potions_floor_spawned":[1,3,8,14],"killed_by":"The Guardian","ascension_level":15}