{"gold_per_floor":[110,74,93,93,111,111,136,136,136,136,148,148,181,200,200,276,276,246,246,31,31,31,31,31,31,31,31,31,31,31,31,31,31],"floor_reached":33,"playtime":1525,"items_purged":[],"score":454,"play_id":"dffc7dd6-3847-4ee4-984b-e83708669484","local_time":"20190208225646","is_ascension_mode":true,"campfire_choices":[{"data":"Neutralize","floor":6.0,"key":"SMITH"},{"data":"Deadly Poison","floor":10.0,"key":"SMITH"},{"floor":12.0,"key":"REST"},{"floor":15.0,"key":"REST"},{"floor":23.0,"key":"REST"},{"data":"Malaise","floor":24.0,"key":"SMITH"},{"floor":29,"key":"REST"},{"floor":32,"key":"REST"}],"neow_cost":"CURSE","seed_source_timestamp":211840849322300,"circlet_count":0,"master_deck":["AscendersBane","Defend_G","Defend_G","Defend_G","Defend_G","Defend_G","Strike_G","Strike_G","Strike_G","Strike_G","Strike_G","Survivor","Neutralize+1","Writhe","Deadly Poison+1","Noxious Fumes","Escape Plan","Dagger Throw","Leg Sweep","Poisoned Stab","Cloak And Dagger","Glass Knife","Malaise+1","Dagger Spray+1","Noxious Fumes","Bouncing Flask"],"special_seed":0,"relics":["Ring of the Snake","WingedGreaves","Boot","Sundial","Gremlin Horn","Ectoplasm","Bag of Preparation","Enchiridion","Tiny Chest","Art of War"],"potions_floor_usage":[28,33],"damage_taken":[{"damage":0.0,"enemies":"2 Louse","floor":1.0,"turns":5.0},{"damage":9.0,"enemies":"Small Slimes","floor":3.0,"turns":4.0},{"damage":0.0,"enemies":"Cultist","floor":5.0,"turns":4.0},{"damage":26.0,"enemies":"3 Sentries","floor":7.0,"turns":11.0},{"damage":1.0,"enemies":"2 Fungi Beasts","floor":11.0,"turns":4.0},{"damage":36.0,"enemies":"Gremlin Nob","floor":13.0,"turns":5.0},{"damage":9.0,"enemies":"Blue Slaver","floor":14.0,"turns":4.0},{"damage":8.0,"enemies":"Hexaghost","floor":16.0,"turns":11.0},{"damage":9.0,"enemies":"2 Thieves","floor":18.0,"turns":2.0},{"damage":10.0,"enemies":"Spheric Guardian","floor":19.0,"turns":4.0},{"damage":25.0,"enemies":"Centurion and Healer","floor":21.0,"turns":7.0},{"damage":11.0,"enemies":"Snake Plant","floor":27.0,"turns":5.0},{"damage":8,"enemies":"Chosen and Byrds","floor":28,"turns":5},{"damage":27,"enemies":"Gremlin Leader","floor":31,"turns":8},{"damage":78,"enemies":"Champ","floor":33,"turns":14}],"seed_played":"8516329559876383794","potions_obtained":[{"floor":3.0,"key":"GamblersBrew"},{"floor":7.0,"key":"Block Potion"},{"floor":8.0,"key":"FairyPotion"},{"floor":16.0,"key":"SkillPotion"},{"floor":18.0,"key":"Strength Potion"},{"floor":28,"key":"Ancient Potion"}],"is_trial":false,"path_per_floor":["M","$","M","?","M","R","E","?","T","R","M","R","E","M","R","B",null,"M","M","$","M","?","R","R","?","T","M","M","R","?","E","R","B"],"character_chosen":"THE_SILENT","items_purchased":["Noxious Fumes","Bag of Preparation","Noxious Fumes"],"campfire_rested":5,"item_purchase_floors":[2,20,20],"current_hp_per_floor":[63,63,54,59,59,59,33,33,33,33,32,54,18,9,31,23,62,53,43,43,18,43,65,65,49,49,38,30,52,52,25,47,0],"gold":31,"neow_bonus":"ONE_RARE_RELIC","is_prod":false,"is_daily":false,"chose_seed":false,"campfire_upgraded":3,"win_rate":0,"timestamp":1549684606,"path_taken":["M","$","M","?","M","R","E","?","T","R","M","R","E","M","R","BOSS","M","?","$","M","?","R","R","?","T","M","M","R","?","E","R","BOSS"],"build_version":"2019-02-06","purchased_purges":0,"victory":false,"max_hp_per_floor":[70,70,70,75,75,75,75,75,75,75,75,75,75,75,75,75,75,75,75,75,75,75,75,75,75,75,75,75,75,75,75,75,75],"card_choices":[{"not_picked":["Deflect","Prepared"],"picked":"Deadly Poison","floor":1.0},{"not_picked":["Flechettes","Expertise"],"picked":"Escape Plan","floor":3.0},{"not_picked":["Tactician","Expertise"],"picked":"Dagger Throw","floor":5.0},{"not_picked":["Setup","Well Laid Plans"],"picked":"Leg Sweep","floor":7.0},{"not_picked":["Accuracy","Backflip"],"picked":"Poisoned Stab","floor":11.0},{"not_picked":["Dagger Throw","Slice"],"picked":"Cloak And Dagger","floor":13.0},{"not_picked":["Flying Knee","Escape Plan"],"picked":"Glass Knife","floor":14.0},{"not_picked":["Tools of the Trade","Grand Finale"],"picked":"Malaise","floor":16.0},{"not_picked":["Prepared","Sucker Punch+1"],"picked":"Dagger Spray+1","floor":18.0},{"not_picked":["Eviscerate","Quick Slash","Dagger Throw"],"picked":"SKIP","floor":19.0},{"not_picked":["Prepared","Expertise","Acrobatics"],"picked":"SKIP","floor":21.0},{"not_picked":["Expertise","All Out Attack","Poisoned Stab"],"picked":"SKIP","floor":27.0},{"not_picked":["Dagger Throw","Dagger Spray","Outmaneuver+1"],"picked":"SKIP","floor":28},{"not_picked":["Predator","Glass Knife"],"picked":"Bouncing Flask","floor":31}],"player_experience":602297,"relics_obtained":[{"floor":7.0,"key":"Boot"},{"floor":9.0,"key":"Sundial"},{"floor":13.0,"key":"Gremlin Horn"},{"floor":25.0,"key":"Enchiridion"},{"floor":26.0,"key":"Tiny Chest"},{"floor":31,"key":"Art of War"}],"event_choices":[{"damage_healed":0.0,"max_hp_gain":5.0,"max_hp_loss":0.0,"gold_gain":0.0,"event_name":"Big Fish","player_choice":"Donut","floor":4.0,"gold_loss":0.0,"damage_taken":0.0},{"damage_healed":0.0,"max_hp_gain":0.0,"max_hp_loss":0.0,"gold_gain":0.0,"event_name":"Lab","player_choice":"Got Potions","floor":8.0,"gold_loss":0.0,"damage_taken":0.0},{"damage_healed":25.0,"max_hp_gain":0.0,"max_hp_loss":0.0,"gold_gain":0.0,"event_name":"The Library","player_choice":"Heal","floor":22.0,"gold_loss":0.0,"damage_taken":0.0},{"damage_healed":0.0,"max_hp_gain":0.0,"max_hp_loss":0.0,"gold_gain":0.0,"event_name":"Cursed Tome","player_choice":"Obtained Book","floor":25.0,"gold_loss":0.0,"damage_taken":16.0},{"damage_healed":0,"gold_gain":100,"player_choice":"Pray","damage_taken":0,"max_hp_gain":0,"max_hp_loss":0,"event_name":"Golden Shrine","floor":30,"gold_loss":0}],"is_beta":true,"boss_relics":[{"not_picked":["White Beast Statue","Cursed Key"],"picked":"Ectoplasm"}],"items_purged_floors":[],"is_endless":false,"potions_floor_spawned":[3,7,16,18,19,28],"killed_by":"Champ","ascension_level":13}