{"gold_per_floor":[119,134,148,148,163,194,207,5,28,28,91,91,91,101,101,200,200,218,235,253,253,284,312,343,355,422,434,446,53,69,84,84,84],"floor_reached":33,"playtime":2352,"items_purged":["Pain","Defend_R"],"score":318,"play_id":"711e9dff-045a-438d-866d-b3a6b1442cfe","local_time":"20190126005444","is_ascension_mode":true,"campfire_choices":[{"floor":10,"key":"REST"},{"floor":12,"key":"RECALL"},{"data":"Inflame","floor":15,"key":"SMITH"},{"floor":25,"key":"REST"},{"data":"Dual Wield","floor":27,"key":"SMITH"},{"data":"J.A.X.","floor":32,"key":"SMITH"}],"neow_cost":"NONE","seed_source_timestamp":10996149660791,"circlet_count":0,"master_deck":["Strike_R","Strike_R","Strike_R","Strike_R","Strike_R","Defend_R","Defend_R","Defend_R","Bash","Shrug It Off","Pommel Strike","Pommel Strike","Thunderclap","Metallicize","Inflame+1","Anger","Dual Wield+1","Disarm","Feed","Disarm+1","Intimidate","Seeing Red","J.A.X.+1","Warcry","Battle Trance"],"special_seed":0,"relics":["Burning Blood","Lantern","WarpedTongs","Pocketwatch","Tiny Chest","Sozu","Nilry\u0027s Codex","Red Mask","MawBank","Orichalcum","Singing Bowl"],"potions_floor_usage":[22,23,24],"damage_taken":[{"damage":5.0,"enemies":"Jaw Worm","floor":1.0,"turns":4.0},{"damage":5,"enemies":"Cultist","floor":2,"turns":4},{"damage":9,"enemies":"2 Louse","floor":3,"turns":3},{"damage":22,"enemies":"Exordium Wildlife","floor":5,"turns":5},{"damage":25,"enemies":"3 Sentries","floor":6,"turns":10},{"damage":26,"enemies":"Gremlin Gang","floor":7,"turns":4},{"damage":12,"enemies":"Gremlin Nob","floor":11,"turns":3},{"damage":14,"enemies":"Blue Slaver","floor":14,"turns":3},{"damage":7,"enemies":"Slime Boss","floor":16,"turns":7},{"damage":17,"enemies":"2 Thieves","floor":18,"turns":4},{"damage":11,"enemies":"Shell Parasite","floor":19,"turns":5},{"damage":11,"enemies":"Shelled Parasite and Fungi","floor":20,"turns":7},{"damage":31,"enemies":"Masked Bandits","floor":22,"turns":4},{"damage":27,"enemies":"Slavers","floor":23,"turns":7},{"damage":13,"enemies":"Centurion and Healer","floor":24,"turns":6},{"damage":1,"enemies":"Cultist and Chosen","floor":30,"turns":6},{"damage":0,"enemies":"Snake Plant","floor":31,"turns":4},{"damage":68,"enemies":"Collector","floor":33,"turns":6}],"seed_played":"-6103871611953560499","potions_obtained":[{"floor":2,"key":"Explosive Potion"},{"floor":3,"key":"EssenceOfSteel"},{"floor":5,"key":"PowerPotion"},{"floor":16,"key":"SkillPotion"}],"is_trial":false,"path_per_floor":["M","M","M","?","M","E","M","$","T","R","E","R","$","M","R","B",null,"M","M","M","?","?","E","M","R","T","R","?","$","M","M","R","B"],"character_chosen":"IRONCLAD","items_purchased":["Inflame","Anger","Singing Bowl","Warcry"],"campfire_rested":2,"item_purchase_floors":[8,8,29,29],"current_hp_per_floor":[80,80,77,77,61,42,22,22,22,46,40,40,40,32,32,31,80,72,70,69,53,31,14,11,41,41,41,41,41,46,54,54,0],"gold":84,"neow_bonus":"RANDOM_COMMON_RELIC","is_prod":false,"is_daily":false,"chose_seed":false,"campfire_upgraded":3,"win_rate":0,"timestamp":1548482084,"path_taken":["M","M","M","?","M","E","?","$","T","R","E","R","$","M","R","BOSS","M","?","M","?","?","E","M","R","T","R","?","$","M","M","R","BOSS"],"build_version":"2019-01-23","purchased_purges":2,"victory":false,"max_hp_per_floor":[80,80,80,80,80,80,80,80,80,80,80,80,80,80,80,80,80,83,86,90,90,93,97,101,101,101,101,101,101,101,103,103,103],"card_choices":[{"not_picked":["Wild Strike","Havoc","Corruption"],"picked":"SKIP","floor":1},{"not_picked":["Perfected Strike","Twin Strike"],"picked":"Shrug It Off","floor":2},{"not_picked":["Combust","Twin Strike"],"picked":"Pommel Strike","floor":3},{"not_picked":["Power Through","Clash"],"picked":"Pommel Strike","floor":5},{"not_picked":["Immolate","Infernal Blade"],"picked":"Thunderclap","floor":6},{"not_picked":["Body Slam","Iron Wave"],"picked":"Metallicize","floor":7},{"not_picked":["Rupture","Iron Wave"],"picked":"Dual Wield","floor":11},{"not_picked":["Intimidate","Thunderclap"],"picked":"Disarm","floor":14},{"not_picked":["Dark Embrace","Impervious"],"picked":"Feed","floor":16},{"not_picked":["Armaments+1","Whirlwind"],"picked":"Disarm+1","floor":18},{"not_picked":["Clothesline","Iron Wave"],"picked":"Intimidate","floor":19},{"not_picked":["Perfected Strike","Body Slam+1"],"picked":"Seeing Red","floor":20},{"not_picked":["Uppercut","Second Wind","Twin Strike"],"picked":"SKIP","floor":23},{"not_picked":["Double Tap","Havoc","Heavy Blade"],"picked":"SKIP","floor":24},{"not_picked":["Clash","Twin Strike"],"picked":"Battle Trance","floor":30},{"not_picked":["Thunderclap","Combust","Armaments+1"],"picked":"Singing Bowl","floor":31}],"player_experience":79823,"relics_obtained":[{"floor":6,"key":"Pocketwatch"},{"floor":11,"key":"Tiny Chest"},{"floor":21,"key":"Nilry\u0027s Codex"},{"floor":22,"key":"Red Mask"},{"floor":23,"key":"MawBank"},{"floor":26,"key":"Orichalcum"}],"event_choices":[{"damage_healed":0,"gold_gain":0,"player_choice":"Rummage","damage_taken":0,"relics_obtained":["WarpedTongs"],"max_hp_gain":0,"max_hp_loss":0,"event_name":"Accursed Blacksmith","floor":4,"gold_loss":0,"cards_obtained":["Pain"]},{"damage_healed":0,"gold_gain":0,"player_choice":"Obtained Book","damage_taken":16,"max_hp_gain":0,"max_hp_loss":0,"event_name":"Cursed Tome","floor":21,"gold_loss":0},{"damage_healed":0,"gold_gain":0,"player_choice":"Fought Bandits","damage_taken":0,"max_hp_gain":0,"max_hp_loss":0,"event_name":"Masked Bandits","floor":22,"gold_loss":0},{"damage_healed":0,"gold_gain":0,"player_choice":"Obtain J.A.X.","damage_taken":0,"max_hp_gain":0,"max_hp_loss":0,"event_name":"Drug Dealer","floor":28,"gold_loss":0,"cards_obtained":["J.A.X."]}],"is_beta":false,"boss_relics":[{"not_picked":["Eternal Feather","Tiny House"],"picked":"Sozu"}],"items_purged_floors":[8,29],"is_endless":false,"potions_floor_spawned":[2,3,5,16,18,19,22,31],"killed_by":"Collector","ascension_level":1}