{"gold_per_floor":[109,59,59,19,19,19,19,54,54,92,104,116,159,184,196,308,320,321,333],"floor_reached":19,"playtime":1418,"items_purged":[],"score":181,"play_id":"8392b318-4712-4460-a60a-3ab5f208dcee","local_time":"20181012164149","is_ascension_mode":false,"campfire_choices":[{"floor":7,"key":"REST"},{"floor":12,"key":"REST"},{"floor":15,"key":"REST"}],"neow_cost":"NONE","seed_source_timestamp":122941952525779,"circlet_count":0,"master_deck":["Defend_G","Defend_G","Defend_G","Defend_G","Defend_G","Strike_G","Strike_G","Neutralize","Blade Dance","Noxious Fumes","Terror","Noxious Fumes","Dodge and Roll","Bullet Time","Outmaneuver"],"relics":["Fusion Hammer","Matryoshka","Pantograph","MawBank","Gremlin Horn","Omamori","Anchor","Empty Cage"],"potions_floor_usage":[10],"damage_taken":[{"damage":2,"enemies":"Jaw Worm","floor":1,"turns":4},{"damage":24,"enemies":"Gremlin Nob","floor":8,"turns":7},{"damage":31,"enemies":"Lagavulin","floor":10,"turns":7},{"damage":27,"enemies":"3 Sentries","floor":13,"turns":8},{"damage":0,"enemies":"Small Slimes","floor":14,"turns":3},{"damage":32,"enemies":"The Guardian","floor":16,"turns":11},{"damage":13,"enemies":"2 Thieves","floor":18,"turns":4},{"damage":0,"enemies":"Colosseum Slavers","floor":19,"turns":1}],"seed_played":"3448877581104942977","potions_obtained":[{"floor":8,"key":"Swift Potion"},{"floor":14,"key":"Swift Potion"},{"floor":16,"key":"Poison Potion"}],"is_trial":false,"path_per_floor":["M","?","?","$","T","?","R","E","T","E","?","R","E","M","R","B",null,"M"],"character_chosen":"THE_SILENT","items_purchased":["Noxious Fumes"],"campfire_rested":3,"item_purchase_floors":[4],"current_hp_per_floor":[68,68,68,68,68,68,70,46,46,15,8,29,2,2,23,16,70,57,57],"gold":333,"neow_bonus":"BOSS_RELIC","is_prod":false,"is_daily":false,"chose_seed":false,"campfire_upgraded":0,"win_rate":0.0,"timestamp":1539351709,"path_taken":["M","?","?","?","?","?","R","E","T","E","?","R","E","M","R","BOSS","M","?"],"build_version":"2018-10-11","purchased_purges":0,"victory":false,"max_hp_per_floor":[70,70,70,70,70,70,70,70,70,70,70,70,70,70,70,70,70,70,70],"card_choices":[{"not_picked":["Sucker Punch","Prepared"],"picked":"Blade Dance","floor":1},{"not_picked":["Blade Dance","PiercingWail"],"picked":"Terror","floor":8},{"not_picked":["Bullet Time","Dagger Throw"],"picked":"Phantasmal Killer","floor":10},{"not_picked":["Tactician","Deadly Poison"],"picked":"Noxious Fumes","floor":13},{"not_picked":["Deflect","Acrobatics"],"picked":"Dodge and Roll","floor":14},{"not_picked":["Corpse Explosion","Glass Knife"],"picked":"Bullet Time","floor":16},{"not_picked":["Heel Hook","Tactician"],"picked":"Outmaneuver","floor":18}],"player_experience":81793,"relics_obtained":[{"floor":5,"key":"Matryoshka"},{"floor":8,"key":"Pantograph"},{"floor":9,"key":"MawBank"},{"floor":9,"key":"Gremlin Horn"},{"floor":10,"key":"Omamori"},{"floor":13,"key":"Anchor"}],"event_choices":[{"event_name":"The Cleric","player_choice":"Card Removal","floor":2,"damage_taken":0},{"event_name":"Living Wall","player_choice":"Change","floor":3,"damage_taken":0},{"event_name":"Bonfire Elementals","player_choice":"BASIC","floor":6,"damage_taken":0},{"event_name":"Golden Wing","player_choice":"Card Removal","floor":11,"damage_taken":0},{"event_name":"Colosseum","player_choice":"Fight","floor":19,"damage_taken":0}],"is_beta":false,"boss_relics":[{"not_picked":["White Beast Statue","Orrery"],"picked":"Empty Cage"}],"items_purged_floors":[],"is_endless":false,"potions_floor_spawned":[8,14,16],"killed_by":"Colosseum Slavers","ascension_level":0}