{"gold_per_floor":[118,135,60,87,87,113,113,144,144,155,55,55,65,65,65,162,162,177,177],"floor_reached":19,"playtime":769,"items_purged":["Strike_R","Defend_R"],"score":230,"play_id":"6d0b21b1-c9f6-490e-b016-f3dd38ef7e89","local_time":"20190502175538","is_ascension_mode":true,"campfire_choices":[{"floor":7,"key":"RECALL"},{"data":"Spot Weakness","floor":15,"key":"SMITH"}],"neow_cost":"NONE","seed_source_timestamp":842461059286900,"circlet_count":0,"master_deck":["Strike_R","Strike_R","Strike_R","Defend_R","Defend_R","Bash","Spot Weakness+1","Evolve","Reaper","Pain","Shrug It Off+1"],"relics":["Burning Blood","NeowsBlessing","Art of War","Juzu Bracelet","Gremlin Horn","WarpedTongs","Runic Cube"],"potions_floor_usage":[8,13,19],"damage_taken":[{"damage":0,"enemies":"Cultist","floor":1,"turns":1},{"damage":0,"enemies":"Jaw Worm","floor":2,"turns":1},{"damage":0,"enemies":"Lagavulin","floor":6,"turns":1},{"damage":43,"enemies":"3 Sentries","floor":8,"turns":10},{"damage":14,"enemies":"Small Slimes","floor":10,"turns":4},{"damage":27,"enemies":"Blue Slaver","floor":13,"turns":5},{"damage":67,"enemies":"Slime Boss","floor":16,"turns":8},{"damage":61,"enemies":"Shell Parasite","floor":18,"turns":7},{"damage":50,"enemies":"Spheric Guardian","floor":19,"turns":9}],"seed_played":"7796856307219886797","potions_obtained":[{"floor":2,"key":"PowerPotion"},{"floor":8,"key":"SteroidPotion"},{"floor":10,"key":"Strength Potion"},{"floor":13,"key":"EssenceOfSteel"},{"floor":16,"key":"SteroidPotion"}],"is_trial":false,"path_per_floor":["M","M","$","T","?","E","R","E","T","M","$","?","M","?","R","B",null,"M","M"],"character_chosen":"IRONCLAD","items_purchased":[],"campfire_rested":0,"item_purchase_floors":[],"current_hp_per_floor":[80,80,80,80,73,79,79,63,63,69,69,69,66,66,66,41,80,46,0],"gold":177,"neow_bonus":"THREE_ENEMY_KILL","is_prod":false,"is_daily":false,"chose_seed":false,"campfire_upgraded":1,"win_rate":0,"timestamp":1556834138,"path_taken":["M","?","$","?","?","E","R","E","T","M","?","?","M","?","R","BOSS","M","M"],"build_version":"2019-01-23","purchased_purges":2,"victory":false,"max_hp_per_floor":[80,80,80,80,80,80,80,80,80,80,80,80,80,80,80,80,80,80,80],"card_choices":[{"not_picked":["Flex","Heavy Blade"],"picked":"Spot Weakness","floor":1},{"not_picked":["Rupture","Clothesline"],"picked":"Evolve","floor":2},{"not_picked":["Cleave","Perfected Strike"],"picked":"Reaper","floor":6},{"not_picked":["Clothesline","Second Wind","Sentinel"],"picked":"SKIP","floor":8},{"not_picked":["Havoc","Iron Wave","Second Wind"],"picked":"SKIP","floor":10},{"not_picked":["Warcry","Power Through","Clothesline"],"picked":"SKIP","floor":13},{"not_picked":["Perfected Strike","Warcry"],"picked":"Shrug It Off+1","floor":18}],"player_experience":226948,"relics_obtained":[{"floor":6,"key":"Art of War"},{"floor":8,"key":"Juzu Bracelet"},{"floor":9,"key":"Gremlin Horn"}],"event_choices":[{"cards_removed":["Strike_R"],"damage_healed":0,"gold_gain":0,"player_choice":"Card Removal","damage_taken":7,"max_hp_gain":0,"max_hp_loss":0,"event_name":"Golden Wing","floor":5,"gold_loss":0},{"cards_removed":["Defend_R"],"damage_healed":0,"gold_gain":0,"player_choice":"Forget","damage_taken":0,"max_hp_gain":0,"max_hp_loss":0,"event_name":"Living Wall","floor":12,"gold_loss":0},{"damage_healed":0,"gold_gain":0,"player_choice":"Rummage","damage_taken":0,"relics_obtained":["WarpedTongs"],"max_hp_gain":0,"max_hp_loss":0,"event_name":"Accursed Blacksmith","floor":14,"gold_loss":0,"cards_obtained":["Pain"]}],"is_beta":false,"boss_relics":[{"not_picked":["Pandora\u0027s Box","Snecko Eye"],"picked":"Runic Cube"}],"items_purged_floors":[3,11],"is_endless":false,"potions_floor_spawned":[2,8,10,13,16,18],"killed_by":"Spheric Guardian","ascension_level":3}