{"gold_per_floor":[18,18,18,33,44,75,94,105,156,156,156,214,294,305,305,410,410,423,221,232,249,249,275,275,275,301,328,328,428,460,474,474,575,575,590,590,17,17,36,36,61,77,102,136,236,254,254,271,271,271],"floor_reached":51,"playtime":4402,"items_purged":[],"score":1182,"play_id":"1d916ef8-377c-40d9-8162-47481de8d9db","local_time":"20190531212811","is_ascension_mode":true,"campfire_choices":[{"floor":10.0,"key":"REST"},{"floor":15.0,"key":"REST"},{"floor":25.0,"key":"REST"},{"data":"Leg Sweep","floor":28.0,"key":"SMITH"},{"data":"Backstab","floor":32.0,"key":"SMITH"},{"floor":40,"key":"REST"},{"data":"Hyperbeam","floor":49,"key":"SMITH"}],"neow_cost":"NO_GOLD","seed_source_timestamp":5813995551367,"circlet_count":0,"master_deck":["Defend_G","Defend_G+1","Defend_G","Defend_G","Strike_G","Strike_G","Survivor","Neutralize+1","Poisoned Stab+1","Backstab+1","Blur+1","Backflip+1","Tools of the Trade","Leg Sweep+1","Deflect","Corpse Explosion","Underhanded Strike","All For One","Tactician","Phantasmal Killer","Burning Pact+1","Venomology","Hyperbeam+1","Footwork","Footwork","Mayhem","Blood for Blood","Uppercut+1","Bouncing Flask"],"special_seed":0,"relics":["Ring of the Serpent","FossilizedHelix","War Paint","Ninja Scroll","Mummified Hand","Snecko Eye","PrismaticShard","Nilry\u0027s Codex","Bag of Preparation","Pen Nib","Boot","Tingsha","Question Card","Bird Faced Urn","Thread and Needle","Toy Ornithopter","PreservedInsect","Bag of Marbles","Regal Pillow","Turnip","Sundial"],"potions_floor_usage":[41,46,50,50,50,50],"damage_taken":[{"damage":7.0,"enemies":"Small Slimes","floor":1.0,"turns":5.0},{"damage":0.0,"enemies":"Jaw Worm","floor":4.0,"turns":5.0},{"damage":0.0,"enemies":"Cultist","floor":5.0,"turns":3.0},{"damage":43.0,"enemies":"Lagavulin","floor":6.0,"turns":8.0},{"damage":0.0,"enemies":"Blue Slaver","floor":7.0,"turns":5.0},{"damage":0.0,"enemies":"3 Louse","floor":8.0,"turns":5.0},{"damage":7.0,"enemies":"3 Sentries","floor":12.0,"turns":12.0},{"damage":0.0,"enemies":"Looter","floor":14.0,"turns":2.0},{"damage":0.0,"enemies":"The Guardian","floor":16.0,"turns":16.0},{"damage":11.0,"enemies":"Spheric Guardian","floor":18.0,"turns":8.0},{"damage":0.0,"enemies":"Shell Parasite","floor":20.0,"turns":5.0},{"damage":0.0,"enemies":"Snake Plant","floor":21.0,"turns":6.0},{"damage":0.0,"enemies":"Gremlin Leader","floor":23.0,"turns":9.0},{"damage":0.0,"enemies":"Slavers","floor":27.0,"turns":2.0},{"damage":0.0,"enemies":"Colosseum Slavers","floor":29.0,"turns":2.0},{"damage":0.0,"enemies":"Colosseum Nobs","floor":29.0,"turns":2.0},{"damage":11.0,"enemies":"Book of Stabbing","floor":30.0,"turns":5.0},{"damage":0.0,"enemies":"3 Cultists","floor":31.0,"turns":2.0},{"damage":42.0,"enemies":"Champ","floor":33.0,"turns":11.0},{"damage":27,"enemies":"3 Darklings","floor":35,"turns":3},{"damage":0,"enemies":"3 Shapes","floor":39,"turns":1},{"damage":0,"enemies":"Reptomancer","floor":41,"turns":5},{"damage":0,"enemies":"Maw","floor":42,"turns":5},{"damage":0,"enemies":"Giant Head","floor":44,"turns":5},{"damage":0,"enemies":"Mind Bloom Boss Battle","floor":45,"turns":1},{"damage":0,"enemies":"3 Darklings","floor":46,"turns":3},{"damage":0,"enemies":"4 Shapes","floor":48,"turns":3},{"damage":15,"enemies":"Donu and Deca","floor":50,"turns":7}],"seed_played":"81591002772920567","potions_obtained":[{"floor":4.0,"key":"SpeedPotion"},{"floor":8.0,"key":"Poison Potion"},{"floor":12.0,"key":"Block Potion"},{"floor":16.0,"key":"SpeedPotion"},{"floor":18.0,"key":"SpeedPotion"},{"floor":21.0,"key":"Explosive Potion"},{"floor":27.0,"key":"SteroidPotion"},{"floor":39,"key":"AttackPotion"},{"floor":41,"key":"Poison Potion"},{"floor":46,"key":"Energy Potion"},{"floor":48,"key":"SpeedPotion"}],"is_trial":false,"path_per_floor":["M","?","?","M","M","E","M","M","T","R","?","?","T","M","R","B",null,"M","$","M","M","?","E","?","R","T","E","R","?","E","M","R","B",null,"M","?","$","?","M","R","E","M","T","E","?","M","?","M","R","B",null],"character_chosen":"THE_SILENT","items_purchased":["PrismaticShard","Footwork","Thread and Needle","Toy Ornithopter"],"campfire_rested":4,"item_purchase_floors":[19,37,37,37],"current_hp_per_floor":[70,63,63,63,63,20,20,20,20,45,28,21,21,21,46,46,75,64,64,64,64,48,48,48,73,73,73,73,73,62,62,62,24,69,44,44,44,44,44,69,84,84,84,84,84,84,84,84,84,73],"gold":271,"neow_bonus":"TWENTY_PERCENT_HP_BONUS","is_prod":false,"is_daily":false,"chose_seed":false,"campfire_upgraded":3,"win_rate":0,"timestamp":1559327291,"path_taken":["M","?","?","M","M","E","?","M","T","R","?","?","?","M","R","BOSS","M","$","M","M","?","E","?","R","T","E","R","?","E","M","R","BOSS","M","?","$","?","M","R","E","M","T","E","?","M","?","?","R","BOSS"],"build_version":"2019-01-23","purchased_purges":0,"victory":true,"max_hp_per_floor":[84,84,84,84,84,84,84,84,84,84,84,84,84,84,84,84,84,84,84,84,84,84,84,84,84,84,84,84,84,84,84,84,84,84,84,84,84,84,84,84,84,84,84,84,84,84,84,84,84,84],"card_choices":[{"not_picked":["Heel Hook","Dodge and Roll"],"picked":"Poisoned Stab","floor":1.0},{"not_picked":["PiercingWail","Dagger Throw"],"picked":"Backstab","floor":4.0},{"not_picked":["Well Laid Plans","Sucker Punch","Poisoned Stab"],"picked":"SKIP","floor":5.0},{"not_picked":["Well Laid Plans","Sucker Punch","Poisoned Stab"],"picked":"SKIP","floor":5.0},{"not_picked":["Reflex","Deflect"],"picked":"Blur","floor":6.0},{"not_picked":["Catalyst","Bane"],"picked":"Backflip","floor":7.0},{"not_picked":["Underhanded Strike","Acrobatics"],"picked":"Tools of the Trade","floor":8.0},{"not_picked":["Dash","Deflect"],"picked":"Leg Sweep","floor":12.0},{"not_picked":["Backflip","Acrobatics"],"picked":"Deflect","floor":14.0},{"not_picked":["Burst","Night Terror"],"picked":"Corpse Explosion","floor":16.0},{"not_picked":["Expertise","Outmaneuver"],"picked":"Underhanded Strike","floor":18.0},{"not_picked":["Turbo","Warcry","Backflip"],"picked":"SKIP","floor":20.0},{"not_picked":["Expertise+1","Reckless Charge","Reflex"],"picked":"SKIP","floor":21.0},{"not_picked":["Sweeping Beam","Infernal Blade+1"],"picked":"All For One","floor":23.0},{"not_picked":["Corruption","Quick Slash+1"],"picked":"Burning Pact+1","floor":27.0},{"not_picked":["Burning Pact+1","Clothesline","Underhanded Strike"],"picked":"Venomology","floor":30.0},{"not_picked":["Beam Cell+1","Heavy Blade","Outmaneuver","Melter"],"picked":"SKIP","floor":31.0},{"not_picked":["Immolate","Glass Knife","Chrysalis"],"picked":"Hyperbeam","floor":33.0},{"not_picked":["Conserve Battery","Sucker Punch","Gash+1"],"picked":"Footwork","floor":35},{"not_picked":["Madness","Flash of Steel","Secret Technique"],"picked":"Mayhem","floor":38},{"not_picked":["Outmaneuver","Conserve Battery+1","Ball Lightning+1"],"picked":"Blood for Blood","floor":39},{"not_picked":["Sword Boomerang+1","Flex","Trip+1"],"picked":"Uppercut+1","floor":41},{"not_picked":["Hologram+1","Acrobatics+1","Sword Boomerang","Dual Wield"],"picked":"SKIP","floor":42},{"not_picked":["Bane+1","Quick Slash","Armaments+1","Redo"],"picked":"SKIP","floor":44},{"not_picked":["Undo","Underhanded Strike","Streamline","Sucker Punch+1"],"picked":"SKIP","floor":46},{"not_picked":["Beam Cell+1","Conserve Battery+1","Die Die Die"],"picked":"Bouncing Flask","floor":48}],"player_experience":856782,"relics_obtained":[{"floor":6.0,"key":"FossilizedHelix"},{"floor":9.0,"key":"War Paint"},{"floor":12.0,"key":"Ninja Scroll"},{"floor":13.0,"key":"Mummified Hand"},{"floor":22.0,"key":"Nilry\u0027s Codex"},{"floor":23.0,"key":"Bag of Preparation"},{"floor":26.0,"key":"Pen Nib"},{"floor":27.0,"key":"Boot"},{"floor":29.0,"key":"Tingsha"},{"floor":29.0,"key":"Question Card"},{"floor":30.0,"key":"Bird Faced Urn"},{"floor":41,"key":"PreservedInsect"},{"floor":43,"key":"Bag of Marbles"},{"floor":44,"key":"Regal Pillow"},{"floor":45,"key":"Turnip"}],"event_choices":[{"cards_removed":["Strike_G"],"damage_healed":0.0,"max_hp_gain":0.0,"max_hp_loss":0.0,"gold_gain":0.0,"event_name":"Golden Wing","player_choice":"Card Removal","floor":2.0,"gold_loss":0.0,"damage_taken":7.0},{"damage_healed":0.0,"max_hp_gain":0.0,"max_hp_loss":0.0,"gold_gain":0.0,"event_name":"Accursed Blacksmith","player_choice":"Forge","floor":3.0,"gold_loss":0.0,"damage_taken":0.0,"cards_upgraded":["Neutralize"]},{"damage_healed":0.0,"max_hp_gain":0.0,"max_hp_loss":0.0,"gold_gain":0.0,"event_name":"Shining Light","player_choice":"Entered Light","floor":11.0,"gold_loss":0.0,"damage_taken":17.0,"cards_upgraded":["Backflip","Poisoned Stab"]},{"damage_healed":0.0,"max_hp_gain":0.0,"max_hp_loss":0.0,"gold_gain":0.0,"event_name":"Dead Adventurer","player_choice":"Searched \u00272\u0027 times","floor":12.0,"gold_loss":0.0,"damage_taken":0.0},{"damage_healed":0.0,"max_hp_gain":0.0,"max_hp_loss":0.0,"gold_gain":0.0,"event_name":"Cursed Tome","player_choice":"Obtained Book","floor":22.0,"gold_loss":0.0,"damage_taken":16.0},{"damage_healed":0.0,"max_hp_gain":0.0,"max_hp_loss":0.0,"gold_gain":0.0,"cards_transformed":["Strike_G","Defend_G"],"event_name":"Drug Dealer","player_choice":"Became Test Subject","floor":24.0,"gold_loss":0.0,"damage_taken":0.0,"cards_obtained":["Tactician","Phantasmal Killer"]},{"damage_healed":0.0,"max_hp_gain":0.0,"max_hp_loss":0.0,"gold_gain":0.0,"event_name":"Colosseum","player_choice":"Fight","floor":29.0,"gold_loss":0.0,"damage_taken":0.0},{"damage_healed":0.0,"max_hp_gain":0.0,"max_hp_loss":0.0,"gold_gain":0.0,"event_name":"Colosseum","player_choice":"Fought Nobs","floor":29.0,"gold_loss":0.0,"damage_taken":0.0},{"cards_removed":["Strike_G"],"damage_healed":0,"gold_gain":0,"player_choice":"Removed Attack","damage_taken":0,"max_hp_gain":0,"max_hp_loss":0,"event_name":"Falling","floor":36,"gold_loss":0},{"damage_healed":0,"gold_gain":0,"player_choice":"Memory 1","damage_taken":0,"max_hp_gain":0,"max_hp_loss":0,"event_name":"SensoryStone","floor":38,"gold_loss":0},{"damage_healed":0,"gold_gain":0,"player_choice":"Fight","damage_taken":0,"max_hp_gain":0,"max_hp_loss":0,"event_name":"MindBloom","floor":45,"gold_loss":0},{"damage_healed":0,"gold_gain":0,"player_choice":"Gave Potion","damage_taken":0,"relics_obtained":["Sundial"],"max_hp_gain":0,"max_hp_loss":0,"event_name":"WeMeetAgain","floor":47,"gold_loss":0}],"is_beta":false,"boss_relics":[{"not_picked":["Empty Cage","Runic Dome"],"picked":"Snecko Eye"},{"not_picked":["Astrolabe","Coffee Dripper"],"picked":"Ring of the Serpent"}],"items_purged_floors":[],"is_endless":false,"potions_floor_spawned":[4,8,12,16,18,21,27,39,41,46,48],"ascension_level":6}