{"gold_per_floor":[110,73,73,89,106,106,126,126,199,210,210,3,64,24,24,24],"floor_reached":16,"playtime":891,"items_purged":[],"score":106,"play_id":"9fd7f975-3fa3-4b84-bacf-f2747458ba21","local_time":"20190417221404","is_ascension_mode":true,"campfire_choices":[{"floor":6,"key":"RECALL"},{"data":"Defend_G","floor":8,"key":"SMITH"},{"floor":15,"key":"REST"}],"neow_cost":"NONE","seed_source_timestamp":2666145057040531,"circlet_count":0,"master_deck":["Defend_G","Defend_G","Defend_G","Defend_G","Defend_G+1","Strike_G","Strike_G","Strike_G+1","Strike_G","Strike_G","Survivor","Neutralize+1","Well Laid Plans","Acrobatics","Tactician","Backflip","Calculated Gamble","Footwork"],"relics":["Ring of the Snake","NeowsBlessing","SsserpentHead","Membership Card"],"potions_floor_usage":[16,16,16,16,16],"damage_taken":[{"damage":0,"enemies":"Cultist","floor":1,"turns":1},{"damage":0,"enemies":"Jaw Worm","floor":4,"turns":1},{"damage":0,"enemies":"2 Louse","floor":5,"turns":1},{"damage":28,"enemies":"Lots of Slimes","floor":7,"turns":6},{"damage":9,"enemies":"Exordium Wildlife","floor":10,"turns":5},{"damage":1,"enemies":"Red Slaver","floor":13,"turns":4},{"damage":39,"enemies":"Hexaghost","floor":16,"turns":19}],"seed_played":"3327693144913887608","potions_obtained":[{"floor":1,"key":"EntropicBrew"},{"floor":5,"key":"GamblersBrew"}],"is_trial":false,"path_per_floor":["M","$","?","M","M","R","M","R","T","M","?","$","M","$","R","B"],"character_chosen":"THE_SILENT","items_purchased":["Well Laid Plans","Membership Card","Footwork"],"campfire_rested":1,"item_purchase_floors":[2,12,14],"current_hp_per_floor":[70,70,56,56,56,56,28,28,28,19,19,19,18,18,39,0],"gold":24,"neow_bonus":"THREE_ENEMY_KILL","is_prod":false,"is_daily":false,"chose_seed":false,"campfire_upgraded":1,"win_rate":0,"timestamp":1555553644,"path_taken":["M","?","?","?","?","R","M","R","T","M","?","$","?","$","R","BOSS"],"build_version":"2019-01-23","purchased_purges":0,"victory":false,"max_hp_per_floor":[70,70,70,70,70,70,70,70,70,70,70,70,70,70,70,70],"card_choices":[{"not_picked":["Caltrops","Predator","Underhanded Strike"],"picked":"SKIP","floor":1},{"not_picked":["Sucker Punch","Heel Hook","Acrobatics"],"picked":"SKIP","floor":4},{"not_picked":["Sucker Punch","Heel Hook"],"picked":"Acrobatics","floor":4},{"not_picked":["PiercingWail","Leg Sweep","Sucker Punch"],"picked":"SKIP","floor":5},{"not_picked":["Masterful Stab","Dagger Throw"],"picked":"Tactician","floor":7},{"not_picked":["Flechettes","Deflect"],"picked":"Backflip","floor":10},{"not_picked":["Deadly Poison","Outmaneuver"],"picked":"Calculated Gamble","floor":13}],"player_experience":203063,"relics_obtained":[],"event_choices":[{"damage_healed":0,"gold_gain":0,"player_choice":"Entered Light","damage_taken":14,"max_hp_gain":0,"max_hp_loss":0,"event_name":"Shining Light","floor":3,"gold_loss":0,"cards_upgraded":["Strike_G","Neutralize"]},{"damage_healed":0,"gold_gain":0,"player_choice":"Trade","damage_taken":0,"relics_obtained":["SsserpentHead"],"max_hp_gain":0,"max_hp_loss":0,"event_name":"FaceTrader","floor":11,"gold_loss":0}],"is_beta":false,"boss_relics":[],"items_purged_floors":[],"is_endless":false,"potions_floor_spawned":[1,5],"killed_by":"Hexaghost","ascension_level":3}