{"gold_per_floor":[114,114,114,125,139,139,173,20,45,78,89,120,120,137,137,236,236,220,220,239,249,266,266],"floor_reached":23,"playtime":1479,"items_purged":["Strike_R"],"score":238,"play_id":"a0ab01f7-0a82-456f-ba0c-fc6cab4beba8","local_time":"20190107161138","is_ascension_mode":false,"campfire_choices":[{"floor":13,"key":"REST"},{"data":"Pommel Strike","floor":15,"key":"SMITH"}],"neow_cost":"CURSE","seed_source_timestamp":178790457152652,"circlet_count":0,"master_deck":["Strike_R","Strike_R","Strike_R","Strike_R+1","Defend_R+1","Defend_R","Defend_R","Defend_R","Bash","Warcry","Armaments","Uppercut+1","Dropkick","Rampage","Warcry","Carnage","Shrug It Off","Pommel Strike+1","Reaper","Cleave+1","Heavy Blade","Pommel Strike","Thunderclap"],"relics":["Burning Blood","Dream Catcher","Red Skull","Vajra","Calipers","Black Star"],"potions_floor_usage":[12,20,22,23,23],"damage_taken":[{"damage":6,"enemies":"Small Slimes","floor":1,"turns":5},{"damage":6,"enemies":"Jaw Worm","floor":4,"turns":3},{"damage":2,"enemies":"Cultist","floor":5,"turns":4},{"damage":54,"enemies":"Lagavulin","floor":7,"turns":7},{"damage":13,"enemies":"3 Sentries","floor":10,"turns":6},{"damage":3,"enemies":"Large Slime","floor":11,"turns":5},{"damage":13,"enemies":"Lagavulin","floor":12,"turns":5},{"damage":0,"enemies":"Blue Slaver","floor":14,"turns":2},{"damage":19,"enemies":"The Guardian","floor":16,"turns":8},{"damage":13,"enemies":"2 Thieves","floor":18,"turns":4},{"damage":6,"enemies":"Chosen","floor":20,"turns":4},{"damage":35,"enemies":"Centurion and Healer","floor":21,"turns":9},{"damage":26,"enemies":"Sentry and Sphere","floor":22,"turns":5},{"damage":69,"enemies":"Slavers","floor":23,"turns":4}],"seed_played":"-5015083621976555239","potions_obtained":[{"floor":7,"key":"Strength Potion"},{"floor":10,"key":"Fire Potion"},{"floor":12,"key":"Poison Potion"},{"floor":14,"key":"LiquidBronze"},{"floor":20,"key":"GamblersBrew"}],"is_trial":false,"path_per_floor":["M","?","?","M","M","?","E","$","T","E","M","E","R","M","R","B",null,"M","?","M","M","M","E"],"character_chosen":"IRONCLAD","items_purchased":["Dropkick"],"campfire_rested":1,"item_purchase_floors":[8],"current_hp_per_floor":[96,77,70,70,74,74,26,26,26,19,22,15,43,49,49,36,96,89,70,77,56,36,0],"gold":266,"neow_bonus":"TWENTY_PERCENT_HP_BONUS","is_prod":false,"is_daily":false,"chose_seed":false,"campfire_upgraded":1,"win_rate":0.0,"timestamp":1546895498,"path_taken":["M","?","?","M","M","?","E","$","T","E","M","E","R","?","R","BOSS","M","?","M","M","M","E"],"build_version":"2019-01-03v4","purchased_purges":1,"victory":false,"max_hp_per_floor":[96,96,96,96,96,96,96,96,96,96,96,96,96,96,96,96,96,96,101,101,101,101,101],"card_choices":[{"not_picked":["Clash","Dropkick"],"picked":"Warcry","floor":1},{"not_picked":["Sword Boomerang","Intimidate"],"picked":"Armaments","floor":4},{"not_picked":["Body Slam","Intimidate"],"picked":"Uppercut","floor":5},{"not_picked":["True Grit","Sever Soul","Juggernaut"],"picked":"SKIP","floor":7},{"not_picked":["Dropkick","Rupture"],"picked":"Rampage","floor":10},{"not_picked":["Headbutt","Body Slam"],"picked":"Warcry","floor":11},{"not_picked":["Armaments","Headbutt"],"picked":"Carnage","floor":12},{"not_picked":["Cleave","Inflame"],"picked":"Shrug It Off","floor":13},{"not_picked":["Heavy Blade","Shrug It Off"],"picked":"Pommel Strike","floor":14},{"not_picked":["Feed","Demon Form"],"picked":"Reaper","floor":16},{"not_picked":["Whirlwind","Clothesline+1"],"picked":"Cleave+1","floor":18},{"not_picked":["Whirlwind","Rampage"],"picked":"Heavy Blade","floor":20},{"not_picked":["Clash","Uppercut"],"picked":"Pommel Strike","floor":21},{"not_picked":["Twin Strike","Iron Wave"],"picked":"Thunderclap","floor":22}],"player_experience":11887,"relics_obtained":[{"floor":7,"key":"Dream Catcher"},{"floor":9,"key":"Red Skull"},{"floor":10,"key":"Vajra"},{"floor":12,"key":"Calipers"}],"event_choices":[{"damage_healed":0,"gold_gain":0,"player_choice":"Entered Light","damage_taken":19,"max_hp_gain":0,"max_hp_loss":0,"event_name":"Shining Light","floor":2,"gold_loss":0,"cards_upgraded":["Strike_R","Defend_R"]},{"cards_removed":["Pain"],"damage_healed":0,"gold_gain":0,"player_choice":"Card Removal","damage_taken":7,"max_hp_gain":0,"max_hp_loss":0,"event_name":"Golden Wing","floor":3,"gold_loss":0},{"damage_healed":0,"gold_gain":0,"player_choice":"Upgraded","damage_taken":0,"max_hp_gain":0,"max_hp_loss":0,"event_name":"Upgrade Shrine","floor":6,"gold_loss":0,"cards_upgraded":["Uppercut"]},{"damage_healed":0,"gold_gain":0,"player_choice":"Shed Blood","damage_taken":24,"max_hp_gain":5,"max_hp_loss":0,"event_name":"Forgotten Altar","floor":19,"gold_loss":0}],"is_beta":false,"boss_relics":[{"not_picked":["Snecko Eye","Black Blood"],"picked":"Black Star"}],"items_purged_floors":[8],"is_endless":false,"potions_floor_spawned":[7,10,12,14,16,20],"killed_by":"Slavers","ascension_level":0}