{"gold_per_floor":[118,67,67,342,359,359,83,96,96,138,170,194,206,233,245,355,367,398,410,347,126,126],"floor_reached":22,"playtime":947,"items_purged":["Regret","Strike_R"],"score":276,"play_id":"e7132f25-5815-41e3-bf9c-c3982dc3f29b","local_time":"20190111184111","is_ascension_mode":true,"campfire_choices":[{"data":"Rampage","floor":6.0,"key":"SMITH"},{"data":"Predator","floor":13.0,"key":"SMITH"},{"data":"Warcry","floor":15.0,"key":"SMITH"}],"neow_cost":"TEN_PERCENT_HP_LOSS","seed_source_timestamp":170649788429999,"circlet_count":0,"master_deck":["AscendersBane","Strike_R","Defend_R","Defend_R","Defend_R","Defend_R","Bash","Rampage+1","Headbutt","Bandage Up","Predator+1","Warcry+1","Seek","Reprogram","Burning Pact"],"special_seed":0,"relics":["Burning Blood","Charon\u0027s Ashes","Unceasing Top","PrismaticShard","MawBank","Bottled Flame","Empty Cage"],"potions_floor_usage":[22,22,22],"damage_taken":[{"damage":3.0,"enemies":"2 Louse","floor":1.0,"turns":3.0},{"damage":9.0,"enemies":"Small Slimes","floor":5.0,"turns":4.0},{"damage":1.0,"enemies":"Cultist","floor":8.0,"turns":3.0},{"damage":20.0,"enemies":"3 Sentries","floor":10.0,"turns":6.0},{"damage":9.0,"enemies":"Red Slaver","floor":11.0,"turns":3.0},{"damage":11.0,"enemies":"Exordium Wildlife","floor":12.0,"turns":5.0},{"damage":16.0,"enemies":"3 Louse","floor":14.0,"turns":3.0},{"damage":31.0,"enemies":"Hexaghost","floor":16.0,"turns":7.0},{"damage":38.0,"enemies":"Shell Parasite","floor":18.0,"turns":6.0},{"damage":37,"enemies":"Colosseum Slavers","floor":22,"turns":4}],"seed_played":"-6365756173996020597","potions_obtained":[{"floor":1.0,"key":"Strength Potion"},{"floor":5.0,"key":"Energy Potion"},{"floor":8.0,"key":"PowerPotion"},{"floor":14.0,"key":"Weak Potion"},{"floor":16.0,"key":"Swift Potion"},{"floor":18.0,"key":"Strength Potion"}],"is_trial":false,"path_per_floor":["M","$","?","?","M","R","$","M","T","E","M","M","R","M","R","B",null,"M","?","?","$","?"],"character_chosen":"IRONCLAD","items_purchased":["Headbutt","PrismaticShard","Burning Pact","Block Potion"],"campfire_rested":0,"item_purchase_floors":[2,7,21,21],"current_hp_per_floor":[72,72,65,65,62,62,62,67,67,57,58,57,57,51,51,30,62,34,21,21,21,0],"gold":126,"neow_bonus":"ONE_RARE_RELIC","is_prod":false,"is_daily":false,"chose_seed":false,"campfire_upgraded":3,"win_rate":0,"timestamp":1547250071,"path_taken":["M","$","?","?","?","R","$","M","T","E","M","M","R","M","R","BOSS","M","?","?","$","?"],"build_version":"2019-01-10","purchased_purges":2,"victory":false,"max_hp_per_floor":[72,72,72,72,72,72,72,72,72,72,72,72,72,72,72,72,72,72,77,77,77,77],"card_choices":[{"not_picked":["Body Slam","Havoc"],"picked":"Rampage","floor":1.0},{"not_picked":["Rupture","Evolve","Thunderclap"],"picked":"SKIP","floor":5.0},{"not_picked":["Flying Knee","Dropkick"],"picked":"Bandage Up","floor":8.0},{"not_picked":["Masterful Stab","Grand Finale","Tactician"],"picked":"SKIP","floor":10.0},{"not_picked":["Bane","Second Wind","Go for the Eyes"],"picked":"SKIP","floor":11.0},{"not_picked":["Anger","Loop"],"picked":"Predator","floor":12.0},{"not_picked":["Chaos","Warcry"],"picked":"Warcry","floor":14.0},{"not_picked":["The Bomb","Chrysalis"],"picked":"Seek","floor":16.0},{"not_picked":["Armaments+1","Barrage"],"picked":"Reprogram","floor":18.0}],"player_experience":496413,"relics_obtained":[{"floor":9.0,"key":"MawBank"},{"floor":10.0,"key":"Bottled Flame"}],"event_choices":[{"damage_healed":0.0,"max_hp_gain":0.0,"max_hp_loss":0.0,"gold_gain":0.0,"event_name":"Scrap Ooze","player_choice":"Success","floor":3.0,"gold_loss":0.0,"damage_taken":7.0,"relics_obtained":["Unceasing Top"]},{"damage_healed":0.0,"max_hp_gain":0.0,"max_hp_loss":0.0,"gold_gain":275.0,"event_name":"Golden Shrine","player_choice":"Desecrate","floor":4.0,"gold_loss":0.0,"damage_taken":0.0,"cards_obtained":["Regret"]},{"damage_healed":0.0,"max_hp_gain":5.0,"max_hp_loss":0.0,"gold_gain":0.0,"event_name":"Forgotten Altar","player_choice":"Shed Blood","floor":19.0,"gold_loss":0.0,"damage_taken":18.0},{"cards_removed":["Strike_R"],"damage_healed":0.0,"max_hp_gain":0.0,"max_hp_loss":0.0,"gold_gain":0.0,"event_name":"Beggar","player_choice":"Gave Gold","floor":20.0,"gold_loss":75.0,"damage_taken":0.0},{"damage_healed":0,"gold_gain":0,"player_choice":"Fight","damage_taken":0,"max_hp_gain":0,"max_hp_loss":0,"event_name":"Colosseum","floor":22,"gold_loss":0}],"is_beta":true,"boss_relics":[{"not_picked":["Velvet Choker","Black Blood"],"picked":"Empty Cage"}],"items_purged_floors":[7,21],"is_endless":false,"potions_floor_spawned":[1,5,8,14,16,18],"killed_by":"Colosseum Slavers","ascension_level":10}