{"gold_per_floor":[113,126,126,144,219,219,258,258,306,344,362,362,397,397,397,516,516,531,456,456,456,472,472,493,493,493,493,514,539,559,579,579,579],"floor_reached":33,"playtime":1115,"items_purged":[],"score":414,"play_id":"a7b7b45c-98d5-4a18-a234-1559198c092d","local_time":"20190126145531","is_ascension_mode":true,"campfire_choices":[{"data":"Hyperbeam","floor":6.0,"key":"SMITH"},{"floor":8.0,"key":"REST"},{"floor":12.0,"key":"REST"},{"floor":15.0,"key":"REST"},{"data":"Zap","floor":23,"key":"SMITH"},{"floor":25,"key":"REST"},{"data":"Gash","floor":27,"key":"SMITH"},{"floor":32,"key":"REST"}],"neow_cost":"NONE","seed_source_timestamp":60505139935800,"circlet_count":0,"master_deck":["AscendersBane","Strike_B","Strike_B","Strike_B","Defend_B","Defend_B+1","Defend_B+1","Zap+1","Dualcast","Hyperbeam+1","Conserve Battery","Scrape","Genetic Algorithm","All For One","Leap+1","Seek","Gash+1","BootSequence","Injury","Beam Cell","Auto Shields+1","Rebound"],"special_seed":0,"relics":["Cracked Core","Golden Idol","Pen Nib","War Paint","Gremlin Horn","Gambling Chip","Cursed Key","Question Card"],"potions_floor_usage":[16,24,33,33],"damage_taken":[{"damage":0.0,"enemies":"Small Slimes","floor":1.0,"turns":1.0},{"damage":2.0,"enemies":"Jaw Worm","floor":2.0,"turns":3.0},{"damage":0.0,"enemies":"2 Louse","floor":4.0,"turns":2.0},{"damage":18.0,"enemies":"Gremlin Nob","floor":7.0,"turns":3.0},{"damage":40.0,"enemies":"Lagavulin","floor":10.0,"turns":7.0},{"damage":0.0,"enemies":"2 Fungi Beasts","floor":11.0,"turns":1.0},{"damage":16.0,"enemies":"Gremlin Nob","floor":13.0,"turns":3.0},{"damage":27,"enemies":"The Guardian","floor":16,"turns":12},{"damage":4,"enemies":"Spheric Guardian","floor":18,"turns":3},{"damage":0,"enemies":"3 Byrds","floor":22,"turns":3},{"damage":18,"enemies":"Shelled Parasite and Fungi","floor":24,"turns":7},{"damage":18,"enemies":"Snake Plant","floor":28,"turns":4},{"damage":13,"enemies":"Centurion and Healer","floor":29,"turns":5},{"damage":0,"enemies":"3 Cultists","floor":30,"turns":3},{"damage":7,"enemies":"Snecko","floor":31,"turns":4},{"damage":49,"enemies":"Champ","floor":33,"turns":10}],"seed_played":"7570643514837254691","potions_obtained":[{"floor":2.0,"key":"SpeedPotion"},{"floor":4.0,"key":"FearPotion"},{"floor":7.0,"key":"FocusPotion"},{"floor":13.0,"key":"Dexterity Potion"},{"floor":18,"key":"GamblersBrew"},{"floor":31,"key":"GamblersBrew"}],"is_trial":false,"path_per_floor":["M","M","?","M","?","R","E","R","T","E","M","R","E","?","R","B",null,"M","?","?","?","M","R","M","R","T","R","M","M","M","M","R","B"],"character_chosen":"DEFECT","items_purchased":[],"campfire_rested":5,"item_purchase_floors":[],"current_hp_per_floor":[68,66,66,66,55,55,37,57,57,17,17,37,21,21,41,14,55,51,51,51,51,51,51,33,53,53,53,35,22,22,15,35,0],"gold":579,"neow_bonus":"ONE_RANDOM_RARE_CARD","is_prod":false,"is_daily":false,"chose_seed":false,"campfire_upgraded":3,"win_rate":0,"timestamp":1548532531,"path_taken":["M","M","?","M","?","R","E","R","T","E","M","R","E","?","R","BOSS","M","?","?","?","?","R","M","R","T","R","M","M","M","?","R","BOSS"],"build_version":"2019-01-23","purchased_purges":0,"victory":false,"max_hp_per_floor":[75,75,69,69,69,69,69,69,69,69,69,69,69,69,69,69,69,69,69,69,69,69,69,69,69,69,69,69,69,69,69,69,69],"card_choices":[{"not_picked":["Sweeping Beam","Ball Lightning"],"picked":"Conserve Battery","floor":1.0},{"not_picked":["Leap","Coolheaded"],"picked":"Scrape","floor":2.0},{"not_picked":["Chaos","Stack","Defragment"],"picked":"SKIP","floor":4.0},{"not_picked":["Sweeping Beam","Chill"],"picked":"Genetic Algorithm","floor":7.0},{"not_picked":["Recycle","Blizzard","Glacier"],"picked":"SKIP","floor":10.0},{"not_picked":["Genetic Algorithm","Scrape"],"picked":"All For One","floor":11.0},{"not_picked":["Sweeping Beam","Conserve Battery"],"picked":"Leap","floor":13.0},{"not_picked":["Thunder Strike","Reboot"],"picked":"Seek","floor":16},{"not_picked":["Go for the Eyes","Barrage"],"picked":"Gash","floor":18},{"not_picked":["Defragment","Stack","Leap"],"picked":"SKIP","floor":22},{"not_picked":["Consume","Go for the Eyes"],"picked":"BootSequence","floor":24},{"not_picked":["BootSequence+1","Ball Lightning","Coolheaded"],"picked":"Beam Cell","floor":28},{"not_picked":["Chaos","Go for the Eyes","Force Field"],"picked":"Auto Shields+1","floor":29},{"not_picked":["Blizzard+1","Consume","Cold Snap"],"picked":"Rebound","floor":30},{"not_picked":["Chaos+1","Compile Driver","Stack","Sweeping Beam"],"picked":"SKIP","floor":31}],"player_experience":533240,"relics_obtained":[{"floor":7.0,"key":"Pen Nib"},{"floor":9.0,"key":"War Paint"},{"floor":10.0,"key":"Gremlin Horn"},{"floor":13.0,"key":"Gambling Chip"},{"floor":26,"key":"Question Card"}],"event_choices":[{"damage_healed":0.0,"max_hp_gain":0.0,"max_hp_loss":6.0,"gold_gain":0.0,"event_name":"Golden Idol","player_choice":"Lose Max HP","floor":3.0,"gold_loss":0.0,"damage_taken":0.0,"relics_obtained":["Golden Idol"]},{"damage_healed":0.0,"max_hp_gain":0.0,"max_hp_loss":0.0,"gold_gain":75.0,"event_name":"World of Goop","player_choice":"Gather Gold","floor":5.0,"gold_loss":0.0,"damage_taken":11.0},{"damage_healed":0.0,"max_hp_gain":0.0,"max_hp_loss":0.0,"gold_gain":0.0,"event_name":"Living Wall","player_choice":"Grow","floor":14.0,"gold_loss":0.0,"damage_taken":0.0,"cards_upgraded":["Leap"]},{"cards_removed":["Defend_B"],"damage_healed":0,"gold_gain":0,"player_choice":"Gave Gold","damage_taken":0,"max_hp_gain":0,"max_hp_loss":0,"event_name":"Beggar","floor":19,"gold_loss":75},{"cards_removed":["Strike_B"],"damage_healed":0,"gold_gain":0,"player_choice":"Elegance","damage_taken":0,"max_hp_gain":0,"max_hp_loss":0,"event_name":"Back to Basics","floor":20,"gold_loss":0},{"damage_healed":0,"gold_gain":0,"player_choice":"Ignored","damage_taken":0,"max_hp_gain":0,"max_hp_loss":0,"event_name":"Ghosts","floor":21,"gold_loss":0}],"is_beta":true,"boss_relics":[{"not_picked":["Fusion Hammer","FrozenCore"],"picked":"Cursed Key"}],"items_purged_floors":[],"is_endless":false,"potions_floor_spawned":[2,4,7,13,18,22,31],"killed_by":"Champ","ascension_level":11}