{"gold_per_floor":[364,364,39,51,64,89,89,118,189,189,189,200,213,226,226,329,329,339,62,80,115,115,146,146,146,193,116,128,141,152,166,166,268,568,580,590,224,243,253,253,353,379,379,12,12,25,6,34,34,34,34,34,9,36,36],"floor_reached":55,"playtime":6943,"items_purged":["Doubt","Strike_G","Shame"],"score":909,"play_id":"c4858c6e-e08d-4899-91b7-1bc48e916ca3","local_time":"20190531201738","is_ascension_mode":false,"campfire_choices":[{"data":"Well Laid Plans","floor":7,"key":"SMITH"},{"floor":11,"key":"REST"},{"data":"Catalyst","floor":15,"key":"SMITH"},{"floor":25,"key":"REST"},{"floor":32,"key":"REST"},{"data":"After Image","floor":40,"key":"SMITH"},{"floor":45,"key":"REST"},{"floor":49,"key":"RECALL"},{"data":"Doppelganger","floor":52,"key":"SMITH"}],"neow_cost":"CURSE","seed_source_timestamp":1155631366941580,"circlet_count":0,"master_deck":["Defend_G","Defend_G","Defend_G","Defend_G","Defend_G","Survivor","Neutralize","Backflip","Glass Knife","Backflip","Poisoned Stab","Catalyst+1","Well Laid Plans+1","PiercingWail","Die Die Die","Bouncing Flask","Venomology","Cloak And Dagger","Terror+1","Caltrops","Bite","Bite","Bite","Bite","Bite","Dodge and Roll+1","After Image+1","Blur+1","Noxious Fumes","Doppelganger+1","Regret","Parasite","Deadly Poison","Deadly Poison","Deadly Poison+1","Night Terror","Bullet Time","Footwork"],"relics":["Ring of the Serpent","CultistMask","Membership Card","Ice Cream","Potion Belt","Darkstone Periapt","Toy Ornithopter","Dodecahedron","Red Mask","Nilry\u0027s Codex","Gambling Chip","Vajra","Regal Pillow","Calling Bell","Anchor","Ornamental Fan","Old Coin","Bottled Tornado","Toolbox","Bag of Preparation","Girya","Paper Crane","ClockworkSouvenir","Boot","Ginger","Centennial Puzzle"],"potions_floor_usage":[6,13,16,21,23,23,29,30,31,31,33,38,42,42,46,48,48,54,54],"damage_taken":[{"damage":0,"enemies":"Cultist","floor":1,"turns":5},{"damage":0,"enemies":"Jaw Worm","floor":4,"turns":4},{"damage":0,"enemies":"Small Slimes","floor":5,"turns":3},{"damage":22,"enemies":"3 Sentries","floor":6,"turns":9},{"damage":29,"enemies":"Lagavulin","floor":8,"turns":8},{"damage":4,"enemies":"3 Louse","floor":12,"turns":3},{"damage":0,"enemies":"Looter","floor":13,"turns":4},{"damage":12,"enemies":"Exordium Thugs","floor":14,"turns":5},{"damage":3,"enemies":"Hexaghost","floor":16,"turns":6},{"damage":2,"enemies":"Shell Parasite","floor":18,"turns":4},{"damage":5,"enemies":"3 Byrds","floor":20,"turns":6},{"damage":32,"enemies":"Masked Bandits","floor":21,"turns":7},{"damage":32,"enemies":"Slavers","floor":23,"turns":7},{"damage":18,"enemies":"Sentry and Sphere","floor":28,"turns":5},{"damage":2,"enemies":"Snake Plant","floor":29,"turns":4},{"damage":2,"enemies":"Cultist and Chosen","floor":30,"turns":5},{"damage":5,"enemies":"Shelled Parasite and Fungi","floor":31,"turns":7},{"damage":0,"enemies":"Champ","floor":33,"turns":11},{"damage":45,"enemies":"3 Darklings","floor":35,"turns":8},{"damage":8,"enemies":"Orb Walker","floor":36,"turns":3},{"damage":5,"enemies":"Jaw Worm Horde","floor":38,"turns":5},{"damage":16,"enemies":"3 Darklings","floor":39,"turns":4},{"damage":14,"enemies":"Giant Head","floor":42,"turns":6},{"damage":36,"enemies":"Writhing Mass","floor":46,"turns":4},{"damage":19,"enemies":"Reptomancer","floor":48,"turns":5},{"damage":35,"enemies":"Time Eater","floor":50,"turns":6},{"damage":44,"enemies":"Shield and Spear","floor":54,"turns":7},{"damage":31,"enemies":"The Heart","floor":55,"turns":5}],"seed_played":"9182931436688682821","potions_obtained":[{"floor":5,"key":"Fire Potion"},{"floor":8,"key":"PowerPotion"},{"floor":13,"key":"Fruit Juice"},{"floor":20,"key":"Poison Potion"},{"floor":23,"key":"FearPotion"},{"floor":28,"key":"GhostInAJar"},{"floor":29,"key":"Fire Potion"},{"floor":31,"key":"GhostInAJar"},{"floor":38,"key":"Energy Potion"},{"floor":42,"key":"Swift Potion"},{"floor":46,"key":"Weak Potion"}],"is_trial":false,"path_per_floor":["M","?","$","M","M","E","R","E","T","?","R","M","M","M","R","B",null,"M","$","M","?","?","E","?","R","T","$","M","M","M","M","R","B",null,"M","M","$","M","M","R","?","E","T","$","R","M","$","E","R","B",null,"R","$","E","B"],"character_chosen":"THE_SILENT","items_purchased":["Membership Card","Glass Knife","Backflip","Toy Ornithopter","Dodecahedron","Regal Pillow","Bottled Tornado","Toolbox","Bag of Preparation","Night Terror","Paper Crane","ClockworkSouvenir","Boot","Footwork","PowerPotion"],"campfire_rested":4,"item_purchase_floors":[3,3,3,19,19,27,37,37,37,44,44,44,44,47,53],"current_hp_per_floor":[70,70,70,70,70,48,48,19,19,12,33,29,34,22,22,19,75,73,73,68,41,25,3,3,18,18,18,10,13,24,37,52,52,70,35,29,29,33,23,23,23,23,23,23,59,34,34,33,33,7,70,70,70,41,10],"gold":36,"neow_bonus":"TWO_FIFTY_GOLD","is_prod":false,"is_daily":false,"chose_seed":false,"campfire_upgraded":4,"win_rate":0,"timestamp":1559359058,"path_taken":["M","?","$","?","M","E","R","E","T","?","R","M","M","M","R","BOSS","M","$","M","?","?","E","?","R","T","$","M","M","M","M","R","BOSS","M","M","$","M","M","R","?","E","T","?","R","M","$","E","R","BOSS","R","$","E","BOSS"],"build_version":"2019-01-23","purchased_purges":3,"victory":false,"max_hp_per_floor":[70,70,70,70,70,70,70,70,70,70,70,70,75,75,75,75,75,75,75,75,75,75,75,52,52,52,52,52,52,52,52,52,52,70,70,70,70,70,70,70,70,70,70,70,70,70,70,70,70,70,70,70,70,70,70],"card_choices":[{"not_picked":["Acrobatics","Dodge and Roll"],"picked":"Backflip","floor":1},{"not_picked":["Blade Dance","Slice"],"picked":"Poisoned Stab","floor":4},{"not_picked":["Bane","Blade Dance"],"picked":"Catalyst","floor":5},{"not_picked":["Dagger Throw","Deadly Poison"],"picked":"Well Laid Plans","floor":6},{"not_picked":["Underhanded Strike","Reflex","Blade Dance"],"picked":"SKIP","floor":8},{"not_picked":["Outmaneuver","Quick Slash"],"picked":"PiercingWail","floor":12},{"not_picked":["Leg Sweep","Terror"],"picked":"Die Die Die","floor":13},{"not_picked":["Well Laid Plans","Endless Agony"],"picked":"Bouncing Flask","floor":14},{"not_picked":["Tools of the Trade","Phantasmal Killer"],"picked":"Venomology","floor":16},{"not_picked":["Poisoned Stab","Blade Dance"],"picked":"Cloak And Dagger","floor":18},{"not_picked":["Choke","Expertise+1","Reflex"],"picked":"SKIP","floor":20},{"not_picked":["Reflex","Quick Slash"],"picked":"Terror+1","floor":21},{"not_picked":["Calculated Gamble","Quick Slash"],"picked":"Caltrops","floor":23},{"not_picked":["Flying Knee","Calculated Gamble"],"picked":"Dodge and Roll+1","floor":28},{"not_picked":["Backflip+1","Outmaneuver"],"picked":"After Image","floor":29},{"not_picked":["Sucker Punch","Caltrops"],"picked":"Blur+1","floor":30},{"not_picked":["Underhanded Strike","Sucker Punch"],"picked":"Noxious Fumes","floor":31},{"not_picked":["Adrenaline","Venomology"],"picked":"Doppelganger","floor":33},{"not_picked":["Finisher+1","Underhanded Strike+1"],"picked":"Deadly Poison","floor":35},{"not_picked":["Underhanded Strike","Expertise"],"picked":"Deadly Poison","floor":36},{"not_picked":["Sucker Punch","Outmaneuver+1","Dagger Throw"],"picked":"SKIP","floor":38},{"not_picked":["Backflip+1","Prepared"],"picked":"Deadly Poison+1","floor":39},{"not_picked":["Underhanded Strike+1","Blade Dance+1","Acrobatics"],"picked":"SKIP","floor":42},{"not_picked":["Poisoned Stab","Deadly Poison"],"picked":"Bullet Time","floor":46},{"not_picked":["Accuracy","Finisher","Backflip"],"picked":"SKIP","floor":48},{"not_picked":["Tactician+1","Acrobatics","PiercingWail+1"],"picked":"SKIP","floor":54}],"player_experience":149022,"relics_obtained":[{"floor":6,"key":"Ice Cream"},{"floor":8,"key":"Potion Belt"},{"floor":9,"key":"Darkstone Periapt"},{"floor":21,"key":"Red Mask"},{"floor":22,"key":"Nilry\u0027s Codex"},{"floor":23,"key":"Gambling Chip"},{"floor":26,"key":"Vajra"},{"floor":34,"key":"Anchor"},{"floor":34,"key":"Ornamental Fan"},{"floor":34,"key":"Old Coin"},{"floor":42,"key":"Girya"},{"floor":48,"key":"Ginger"},{"floor":54,"key":"Centennial Puzzle"}],"event_choices":[{"damage_healed":0,"gold_gain":0,"player_choice":"Trade","damage_taken":0,"relics_obtained":["CultistMask"],"max_hp_gain":0,"max_hp_loss":0,"event_name":"FaceTrader","floor":2,"gold_loss":0},{"cards_removed":["Strike_G"],"damage_healed":0,"gold_gain":0,"player_choice":"Card Removal","damage_taken":7,"max_hp_gain":0,"max_hp_loss":0,"event_name":"Golden Wing","floor":10,"gold_loss":0},{"damage_healed":0,"gold_gain":0,"player_choice":"Fought Bandits","damage_taken":0,"max_hp_gain":0,"max_hp_loss":0,"event_name":"Masked Bandits","floor":21,"gold_loss":0},{"damage_healed":0,"gold_gain":0,"player_choice":"Obtained Book","damage_taken":16,"max_hp_gain":0,"max_hp_loss":0,"event_name":"Cursed Tome","floor":22,"gold_loss":0},{"damage_healed":0,"gold_gain":0,"player_choice":"Became a vampire","damage_taken":0,"max_hp_gain":0,"max_hp_loss":23,"event_name":"Vampires","floor":24,"gold_loss":0,"cards_obtained":["Bite","Bite","Bite","Bite","Bite"]},{"damage_healed":0,"gold_gain":100,"player_choice":"Pray","damage_taken":0,"max_hp_gain":0,"max_hp_loss":0,"event_name":"Golden Shrine","floor":41,"gold_loss":0}],"is_beta":false,"boss_relics":[{"not_picked":["Velvet Choker","Fusion Hammer"],"picked":"Ring of the Serpent"},{"not_picked":["Snecko Eye","Black Star"],"picked":"Calling Bell"}],"items_purged_floors":[3,19,37],"is_endless":false,"potions_floor_spawned":[5,8,13,20,23,28,29,31,38,42,46],"killed_by":"The Heart","ascension_level":0}