{"gold_per_floor":[111,18,18,18,18,18,52,41,64,83,83,100,100,118,118,118],"floor_reached":16,"playtime":628,"items_purged":[],"score":98,"play_id":"606b88da-6ebd-4964-8390-b3b0574fd171","local_time":"20190114235807","is_ascension_mode":false,"campfire_choices":[{"data":"Zap","floor":6,"key":"SMITH"},{"floor":11,"key":"REST"},{"data":"Consume","floor":13,"key":"SMITH"},{"data":"White Noise","floor":15,"key":"SMITH"}],"neow_cost":"NONE","seed_source_timestamp":812430359217875,"circlet_count":0,"master_deck":["Strike_B","Strike_B","Strike_B","Strike_B","Defend_B+1","Defend_B+1","Defend_B","Defend_B","Zap+1","Dualcast","Consume+1","Enlightenment","White Noise+1","Stack","Beam Cell","Leap","Gash"],"relics":["Cracked Core","Ornamental Fan","MawBank","Omamori"],"potions_floor_usage":[16,16],"damage_taken":[{"damage":1,"enemies":"Cultist","floor":1,"turns":3},{"damage":19,"enemies":"3 Sentries","floor":7,"turns":6},{"damage":1,"enemies":"Jaw Worm","floor":10,"turns":4},{"damage":0,"enemies":"Small Slimes","floor":12,"turns":4},{"damage":4,"enemies":"Blue Slaver","floor":14,"turns":3},{"damage":41,"enemies":"Slime Boss","floor":16,"turns":8}],"seed_played":"-6172764803171850813","potions_obtained":[{"floor":1,"key":"PowerPotion"},{"floor":10,"key":"AttackPotion"}],"is_trial":false,"path_per_floor":["M","$","?","$","?","R","E","$","T","M","R","M","R","M","R","B"],"character_chosen":"DEFECT","items_purchased":["Enlightenment","Stack"],"campfire_rested":1,"item_purchase_floors":[2,8],"current_hp_per_floor":[81,81,65,65,40,40,21,21,21,20,44,44,44,40,40,0],"gold":118,"neow_bonus":"TEN_PERCENT_HP_BONUS","is_prod":false,"is_daily":false,"chose_seed":false,"campfire_upgraded":3,"win_rate":0.0,"timestamp":1547528287,"path_taken":["M","?","?","$","?","R","E","?","T","?","R","M","R","M","R","BOSS"],"build_version":"2019-01-10","purchased_purges":0,"victory":false,"max_hp_per_floor":[82,82,82,82,82,82,82,82,82,82,82,82,82,82,82,82],"card_choices":[{"not_picked":["Chill","Go for the Eyes"],"picked":"Consume","floor":1},{"not_picked":["Go for the Eyes","Static Discharge"],"picked":"White Noise","floor":7},{"not_picked":["Hello World","Stack"],"picked":"Beam Cell","floor":10},{"not_picked":["Redo","BootSequence"],"picked":"Leap","floor":12},{"not_picked":["Fission","Rebound"],"picked":"Gash","floor":14}],"player_experience":50822,"relics_obtained":[{"floor":7,"key":"MawBank"},{"floor":9,"key":"Omamori"}],"event_choices":[{"damage_healed":0,"gold_gain":0,"player_choice":"Entered Light","damage_taken":16,"max_hp_gain":0,"max_hp_loss":0,"event_name":"Shining Light","floor":3,"gold_loss":0,"cards_upgraded":["Defend_B","Defend_B"]},{"damage_healed":0,"gold_gain":0,"player_choice":"Success","damage_taken":25,"relics_obtained":["Ornamental Fan"],"max_hp_gain":0,"max_hp_loss":0,"event_name":"Scrap Ooze","floor":5,"gold_loss":0}],"is_beta":false,"boss_relics":[],"items_purged_floors":[],"is_endless":false,"potions_floor_spawned":[1,10],"killed_by":"Slime Boss","ascension_level":0}