{"gold_per_floor":[114,114,25,43,57,92,22,22,22,32,52,52,85,96,96,197,197,216,216,228,0,0,0,0,0,0,17,17,29,43,43,43,43],"floor_reached":33,"playtime":1009,"items_purged":[],"score":321,"play_id":"341d5407-d785-4136-9350-75de40a5ea6b","local_time":"20181208224253","is_ascension_mode":true,"campfire_choices":[{"floor":8,"key":"REST"},{"floor":12,"key":"REST"},{"floor":15,"key":"REST"},{"floor":23,"key":"REST"},{"floor":24,"key":"REST"},{"floor":28,"key":"REST"},{"floor":32,"key":"REST"}],"neow_cost":"NONE","seed_source_timestamp":7682160668910,"circlet_count":0,"master_deck":["Defend_G+1","Defend_G+1","Defend_G+1","Defend_G+1","Defend_G+1","Strike_G+1","Strike_G+1","Strike_G+1","Survivor","Neutralize","Prepared","Infinite Blades","Accuracy","Blade Dance","Terror","Caltrops","Deflect","Choke","Deflect","Corpse Explosion","Slice+1","Crippling Poison","Deflect","Deflect+1","Slice+1"],"relics":["Ring of the Snake","NeowsBlessing","The Specimen","Matryoshka","WingedGreaves","Sozu","Bronze Scales","Bag of Marbles"],"potions_floor_usage":[11,16,20],"damage_taken":[{"damage":0,"enemies":"Cultist","floor":1,"turns":1},{"damage":0,"enemies":"2 Louse","floor":4,"turns":2},{"damage":0,"enemies":"Small Slimes","floor":5,"turns":1},{"damage":17,"enemies":"Lagavulin","floor":6,"turns":6},{"damage":6,"enemies":"Looter","floor":10,"turns":3},{"damage":26,"enemies":"Exordium Thugs","floor":11,"turns":4},{"damage":40,"enemies":"Gremlin Nob","floor":13,"turns":4},{"damage":6,"enemies":"Exordium Wildlife","floor":14,"turns":5},{"damage":22,"enemies":"The Guardian","floor":16,"turns":12},{"damage":46,"enemies":"Shell Parasite","floor":18,"turns":6},{"damage":26,"enemies":"Spheric Guardian","floor":20,"turns":6},{"damage":12,"enemies":"Snake Plant","floor":27,"turns":3},{"damage":9,"enemies":"Snecko","floor":29,"turns":4},{"damage":31,"enemies":"Cultist and Chosen","floor":30,"turns":6},{"damage":41,"enemies":"Champ","floor":33,"turns":8}],"seed_played":"5640849703795190731","potions_obtained":[{"floor":10,"key":"Poison Potion"},{"floor":11,"key":"Energy Potion"},{"floor":14,"key":"Poison Potion"},{"floor":16,"key":"Regen Potion"}],"is_trial":false,"path_per_floor":["M","?","$","M","M","E","$","R","T","M","M","R","E","M","R","B",null,"M","?","M","?","?","R","R","?","T","M","R","M","M","$","R","B"],"character_chosen":"THE_SILENT","items_purchased":["Accuracy","Blade Dance","Choke"],"campfire_rested":7,"item_purchase_floors":[3,3,7],"current_hp_per_floor":[70,70,70,70,70,53,53,70,70,64,38,59,19,13,34,12,70,24,24,7,7,7,28,49,49,49,37,58,49,18,18,39,0],"gold":43,"neow_bonus":"THREE_ENEMY_KILL","is_prod":false,"is_daily":false,"chose_seed":false,"campfire_upgraded":0,"win_rate":0,"timestamp":1544337773,"path_taken":["M","?","?","?","M","E","$","R","T","M","M","R","E","M","R","BOSS","M","?","?","?","?","R","R","?","T","?","R","M","M","$","R","BOSS"],"build_version":"2018-12-06","purchased_purges":0,"victory":false,"max_hp_per_floor":[70,70,70,70,70,70,70,70,70,70,70,70,70,70,70,70,70,70,70,70,70,70,70,70,70,70,70,70,70,70,70,70,70],"card_choices":[{"not_picked":["Deadly Poison","Flying Knee"],"picked":"Prepared","floor":1},{"not_picked":["Bane","Bouncing Flask"],"picked":"Terror","floor":4},{"not_picked":["Quick Slash","Bane"],"picked":"Caltrops","floor":5},{"not_picked":["Backflip","Endless Agony"],"picked":"Deflect","floor":6},{"not_picked":["Distraction","Well Laid Plans","Bane"],"picked":"SKIP","floor":10},{"not_picked":["Quick Slash","Well Laid Plans","Riddle With Holes"],"picked":"SKIP","floor":11},{"not_picked":["Sucker Punch","Doppelganger"],"picked":"Deflect","floor":13},{"not_picked":["Sucker Punch","Quick Slash","Dodge and Roll"],"picked":"SKIP","floor":14},{"not_picked":["Unload","Die Die Die"],"picked":"Corpse Explosion","floor":16},{"not_picked":["Eviscerate+1","Sucker Punch"],"picked":"Slice+1","floor":18},{"not_picked":["Escape Plan","Deadly Poison"],"picked":"Crippling Poison","floor":20},{"not_picked":["Dodge and Roll","Poisoned Stab"],"picked":"Deflect","floor":27},{"not_picked":["Sucker Punch+1","Bouncing Flask+1"],"picked":"Deflect+1","floor":29},{"not_picked":["Prepared","PiercingWail"],"picked":"Slice+1","floor":30}],"player_experience":537472,"relics_obtained":[{"floor":6,"key":"The Specimen"},{"floor":9,"key":"Matryoshka"},{"floor":13,"key":"WingedGreaves"},{"floor":26,"key":"Bronze Scales"},{"floor":26,"key":"Bag of Marbles"}],"event_choices":[{"damage_healed":0,"gold_gain":0,"cards_transformed":["Strike_G"],"player_choice":"Transformed","damage_taken":0,"max_hp_gain":0,"max_hp_loss":0,"event_name":"Transmorgrifier","floor":2,"gold_loss":0,"cards_obtained":["Infinite Blades"]},{"cards_removed":["Strike_G"],"damage_healed":0,"gold_gain":0,"player_choice":"Offered Basic","damage_taken":0,"max_hp_gain":0,"max_hp_loss":0,"event_name":"Bonfire Elementals","floor":19,"gold_loss":0},{"damage_healed":0,"gold_gain":0,"player_choice":"Paid Fearfully","damage_taken":0,"max_hp_gain":0,"max_hp_loss":0,"event_name":"Masked Bandits","floor":21,"gold_loss":228},{"damage_healed":0,"gold_gain":0,"player_choice":"Ignored","damage_taken":0,"max_hp_gain":0,"max_hp_loss":0,"event_name":"Beggar","floor":22,"gold_loss":0},{"damage_healed":0,"gold_gain":0,"player_choice":"Simplicity","damage_taken":0,"max_hp_gain":0,"max_hp_loss":0,"event_name":"Back to Basics","floor":25,"gold_loss":0,"cards_upgraded":["Defend_G","Defend_G","Defend_G","Defend_G","Defend_G","Strike_G","Strike_G","Strike_G"]}],"is_beta":false,"boss_relics":[{"not_picked":["White Beast Statue","Lizard Tail"],"picked":"Sozu"}],"items_purged_floors":[],"is_endless":false,"potions_floor_spawned":[10,11,14,16,18,20,29,30],"killed_by":"Champ","ascension_level":3}