{"gold_per_floor":[13,23,98,98,111,111,142,142,142,152,152,182,30,47,47,142,142,155,49,49,49,68,87,87,87,87,87,37,47,74,74,74,174,174,192,43,43,43,61,77,94,120,120,120,151,151,161,181,181,181],"floor_reached":51,"playtime":2238,"items_purged":[],"score":972,"play_id":"8361e859-919a-4dc7-b6d6-a60a953dd586","local_time":"20181111210613","is_ascension_mode":true,"campfire_choices":[{"data":"Armaments","floor":6,"key":"SMITH"},{"data":"Havoc","floor":8,"key":"SMITH"},{"data":"Corruption","floor":11,"key":"SMITH"},{"data":"Warcry","floor":15,"key":"SMITH"},{"data":"Havoc","floor":24,"key":"SMITH"},{"data":"Corruption","floor":27,"key":"SMITH"},{"data":"Havoc","floor":32,"key":"SMITH"},{"data":"Warcry","floor":44,"key":"SMITH"},{"data":"Infernal Blade","floor":46,"key":"SMITH"},{"floor":49,"key":"REST"}],"neow_cost":"NO_GOLD","seed_source_timestamp":614227795306518,"circlet_count":0,"master_deck":["Strike_R","Strike_R","Defend_R","Defend_R","Defend_R","Defend_R","Bash","Havoc+1","Shockwave","Armaments+1","Infernal Blade+1","Corruption+1","Second Wind","Warcry+1","Havoc+1","Feel No Pain","Swift Strike","Corruption+1","Havoc+1","Exhume","Havoc+1","Havoc+1","Warcry+1","Warcry+1","Feel No Pain+1"],"relics":["Burning Blood","Dead Branch","Meat on the Bone","Paper Frog","Regal Pillow","Bag of Marbles","Sozu","Mercury Hourglass","Smiling Mask","MutagenicStrength","Empty Cage","PreservedInsect","Bronze Scales","Ornamental Fan","Juzu Bracelet"],"potions_floor_usage":[5,12,50],"damage_taken":[{"damage":6,"enemies":"Cultist","floor":1,"turns":3},{"damage":4,"enemies":"Jaw Worm","floor":2,"turns":3},{"damage":1,"enemies":"2 Louse","floor":5,"turns":3},{"damage":14,"enemies":"3 Sentries","floor":7,"turns":6},{"damage":9,"enemies":"Large Slime","floor":10,"turns":5},{"damage":10,"enemies":"Gremlin Nob","floor":12,"turns":4},{"damage":0,"enemies":"Gremlin Gang","floor":14,"turns":1},{"damage":0,"enemies":"The Guardian","floor":16,"turns":8},{"damage":8,"enemies":"Shell Parasite","floor":18,"turns":3},{"damage":5,"enemies":"2 Thieves","floor":22,"turns":2},{"damage":3,"enemies":"Sentry and Sphere","floor":23,"turns":3},{"damage":7,"enemies":"Snake Plant","floor":29,"turns":2},{"damage":18,"enemies":"Champ","floor":33,"turns":4},{"damage":9,"enemies":"3 Darklings","floor":35,"turns":5},{"damage":0,"enemies":"Orb Walker","floor":39,"turns":3},{"damage":0,"enemies":"Sphere and 2 Shapes","floor":40,"turns":1},{"damage":27,"enemies":"3 Darklings","floor":41,"turns":4},{"damage":0,"enemies":"Giant Head","floor":42,"turns":2},{"damage":7,"enemies":"Nemesis","floor":45,"turns":3},{"damage":6,"enemies":"Transient","floor":47,"turns":4},{"damage":0,"enemies":"Spire Growth","floor":48,"turns":3},{"damage":20,"enemies":"Donu and Deca","floor":50,"turns":5}],"seed_played":"-2209960737142048686","potions_obtained":[{"floor":5,"key":"Fruit Juice"},{"floor":10,"key":"Block Potion"},{"floor":14,"key":"Regen Potion"},{"floor":16,"key":"BloodPotion"}],"is_trial":false,"path_per_floor":["M","M","?","?","M","R","E","R","T","M","R","E","$","M","R","B",null,"M","$","?","?","M","M","R","?","T","R","$","M","T","?","R","B",null,"M","$","?","$","M","M","M","E","T","R","E","R","M","M","R","B",null],"character_chosen":"IRONCLAD","items_purchased":["Bag of Marbles","Havoc","Feel No Pain","Havoc","PreservedInsect"],"campfire_rested":1,"item_purchase_floors":[13,19,19,28,36],"current_hp_per_floor":[80,80,69,62,72,72,64,64,64,61,61,57,57,63,63,69,85,83,83,83,83,84,85,85,85,85,85,85,84,84,84,84,72,85,82,82,82,82,85,85,64,70,70,70,69,69,69,75,85,76],"gold":181,"neow_bonus":"ONE_RARE_RELIC","is_prod":false,"is_daily":false,"chose_seed":false,"campfire_upgraded":9,"win_rate":0,"timestamp":1541988373,"path_taken":["M","?","?","?","M","R","E","R","T","M","R","E","$","M","R","BOSS","M","$","?","?","M","?","R","?","T","R","$","?","?","?","R","BOSS","M","$","?","?","M","M","?","E","T","R","E","R","M","M","R","BOSS"],"build_version":"2018-11-08","purchased_purges":0,"victory":true,"max_hp_per_floor":[80,80,80,80,85,85,85,85,85,85,85,85,85,85,85,85,85,85,85,85,85,85,85,85,85,85,85,85,85,85,85,85,85,85,85,85,85,85,85,85,85,85,85,85,85,85,85,85,85,85],"card_choices":[{"not_picked":["Sword Boomerang","Wild Strike"],"picked":"Havoc","floor":1},{"not_picked":["Headbutt","Fire Breathing"],"picked":"Shockwave","floor":2},{"not_picked":["Perfected Strike","Thunderclap"],"picked":"Armaments","floor":5},{"not_picked":["Iron Wave","Clothesline"],"picked":"Infernal Blade","floor":7},{"not_picked":["Sever Soul","Reckless Charge"],"picked":"Corruption","floor":10},{"not_picked":["Reaper","Bloodletting"],"picked":"Second Wind","floor":12},{"not_picked":["Headbutt","Thunderclap"],"picked":"Warcry","floor":14},{"not_picked":["Perfected Strike","Flame Barrier","Heavy Blade"],"picked":"SKIP","floor":18},{"not_picked":["Perfected Strike","Cleave+1","Anger+1"],"picked":"SKIP","floor":22},{"not_picked":["Perfected Strike","Cleave+1","Anger+1"],"picked":"SKIP","floor":22},{"not_picked":["Juggernaut","Flex"],"picked":"Corruption","floor":23},{"not_picked":["Sword Boomerang+1","Twin Strike+1","Pummel"],"picked":"SKIP","floor":29},{"not_picked":["Limit Break","Feed"],"picked":"Exhume","floor":33},{"not_picked":["Flame Barrier","Infernal Blade+1"],"picked":"Havoc+1","floor":35},{"not_picked":["Iron Wave","Seeing Red","Anger"],"picked":"SKIP","floor":39},{"not_picked":["Wild Strike+1","Cleave+1"],"picked":"Havoc+1","floor":40},{"not_picked":["Uppercut","Heavy Blade"],"picked":"Warcry","floor":41},{"not_picked":["Perfected Strike","Spot Weakness+1"],"picked":"Warcry+1","floor":42},{"not_picked":["Dropkick+1","Cleave+1","Rage+1"],"picked":"SKIP","floor":45},{"not_picked":["Evolve","Juggernaut","Twin Strike"],"picked":"SKIP","floor":47},{"not_picked":["Iron Wave","Wild Strike"],"picked":"Feel No Pain+1","floor":48}],"player_experience":362128,"relics_obtained":[{"floor":7,"key":"Meat on the Bone"},{"floor":9,"key":"Paper Frog"},{"floor":12,"key":"Regal Pillow"},{"floor":26,"key":"Mercury Hourglass"},{"floor":30,"key":"Smiling Mask"},{"floor":42,"key":"Bronze Scales"},{"floor":43,"key":"Ornamental Fan"},{"floor":45,"key":"Juzu Bracelet"}],"event_choices":[{"damage_healed":0,"gold_gain":75,"player_choice":"Gather Gold","damage_taken":11,"max_hp_gain":0,"max_hp_loss":0,"event_name":"World of Goop","floor":3,"gold_loss":0},{"cards_removed":["Strike_R"],"damage_healed":0,"gold_gain":0,"player_choice":"Card Removal","damage_taken":7,"max_hp_gain":0,"max_hp_loss":0,"event_name":"Golden Wing","floor":4,"gold_loss":0},{"damage_healed":0,"gold_gain":0,"player_choice":"Ignored","damage_taken":0,"max_hp_gain":0,"max_hp_loss":0,"event_name":"Vampires","floor":20,"gold_loss":0},{"damage_healed":0,"gold_gain":0,"player_choice":"1 cards matched","damage_taken":0,"max_hp_gain":0,"max_hp_loss":0,"event_name":"Match and Keep!","floor":21,"gold_loss":0,"cards_obtained":["Swift Strike"]},{"damage_healed":0,"gold_gain":0,"player_choice":"Bought 0 Potions","damage_taken":0,"max_hp_gain":0,"max_hp_loss":0,"event_name":"The Woman in Blue","floor":25,"gold_loss":0},{"damage_healed":0,"gold_gain":0,"player_choice":"Inject Mutagens","damage_taken":0,"relics_obtained":["MutagenicStrength"],"max_hp_gain":0,"max_hp_loss":0,"event_name":"Drug Dealer","floor":31,"gold_loss":0},{"damage_healed":0,"gold_gain":0,"player_choice":"Ignored","damage_taken":0,"max_hp_gain":0,"max_hp_loss":0,"event_name":"SecretPortal","floor":37,"gold_loss":0}],"is_beta":true,"boss_relics":[{"not_picked":["Runic Cube","Eternal Feather"],"picked":"Sozu"},{"not_picked":["Lizard Tail","Black Blood"],"picked":"Empty Cage"}],"items_purged_floors":[],"is_endless":false,"potions_floor_spawned":[5,10,14,16,18,23,33,41,45,47,48],"ascension_level":2}