{"gold_per_floor":[114,114,131,101,116,146,146,160,160,180,180],"floor_reached":11,"playtime":540,"items_purged":[],"score":98,"play_id":"7a6e1bc2-07bd-49b9-a841-489612e52f62","local_time":"20190331180957","is_ascension_mode":true,"campfire_choices":[{"data":"Setup","floor":7,"key":"SMITH"}],"neow_cost":"NONE","seed_source_timestamp":181072895724949,"circlet_count":0,"master_deck":["Defend_G","Defend_G","Defend_G","Defend_G+1","Defend_G","Strike_G+1","Strike_G","Strike_G","Strike_G","Strike_G","Survivor","Neutralize","Blur","Dodge and Roll","Setup+1","Expertise","Unload+1"],"relics":["Ring of the Snake","Frozen Egg 2","Molten Egg 2"],"potions_floor_usage":[6],"damage_taken":[{"damage":0,"enemies":"2 Louse","floor":1,"turns":2},{"damage":0,"enemies":"Jaw Worm","floor":3,"turns":6},{"damage":0,"enemies":"Cultist","floor":5,"turns":5},{"damage":22,"enemies":"3 Sentries","floor":6,"turns":15},{"damage":1,"enemies":"Blue Slaver","floor":8,"turns":5},{"damage":12,"enemies":"Red Slaver","floor":10,"turns":5},{"damage":23,"enemies":"Lagavulin","floor":11,"turns":5}],"seed_played":"-2555616988722170716","potions_obtained":[{"floor":1,"key":"Strength Potion"},{"floor":4,"key":"Energy Potion"},{"floor":4,"key":"Ancient Potion"},{"floor":10,"key":"GamblersBrew"}],"is_trial":false,"path_per_floor":["M","?","M","?","M","E","R","M","T","M","E"],"character_chosen":"THE_SILENT","items_purchased":[],"campfire_rested":0,"item_purchase_floors":[],"current_hp_per_floor":[70,55,55,55,55,33,33,32,32,20,0],"gold":180,"neow_bonus":"TEN_PERCENT_HP_BONUS","is_prod":false,"is_daily":false,"chose_seed":false,"campfire_upgraded":1,"win_rate":0,"timestamp":1554026997,"path_taken":["M","?","M","?","M","E","R","M","T","?","E"],"build_version":"2019-01-23","purchased_purges":0,"victory":false,"max_hp_per_floor":[77,77,77,77,77,77,77,77,77,77,77],"card_choices":[{"not_picked":["Choke","Sucker Punch"],"picked":"Blur","floor":1},{"not_picked":["Deadly Poison","Skewer"],"picked":"Dodge and Roll","floor":3},{"not_picked":["Slice","Bouncing Flask"],"picked":"Setup","floor":5},{"not_picked":["Quick Slash","Underhanded Strike","Deflect"],"picked":"SKIP","floor":6},{"not_picked":["Backstab","Masterful Stab"],"picked":"Expertise","floor":8},{"not_picked":["Blade Dance","PiercingWail"],"picked":"Unload+1","floor":10}],"player_experience":710100,"relics_obtained":[{"floor":6,"key":"Frozen Egg 2"},{"floor":9,"key":"Molten Egg 2"}],"event_choices":[{"damage_healed":0,"gold_gain":0,"player_choice":"Entered Light","damage_taken":15,"max_hp_gain":0,"max_hp_loss":0,"event_name":"Shining Light","floor":2,"gold_loss":0,"cards_upgraded":["Defend_G","Strike_G"]},{"damage_healed":0,"gold_gain":0,"player_choice":"Bought 2 Potions","damage_taken":0,"max_hp_gain":0,"max_hp_loss":0,"event_name":"The Woman in Blue","floor":4,"gold_loss":0}],"is_beta":false,"boss_relics":[],"items_purged_floors":[],"is_endless":false,"potions_floor_spawned":[1,10],"killed_by":"Lagavulin","ascension_level":6}