{"gold_per_floor":[110,126,136,21,21,51,51,51,51,66,92,105,125,137,137,236,236,255,255,274,274,151,151,167,167,192,192,292,326,340,367,367,463,463,479,479,492,107,123,153,153,187,214,214,225,237,237,237,237,237],"floor_reached":51,"playtime":4381,"items_purged":["Strike_B","Zap","Strike_B"],"score":769,"play_id":"7a5d5acc-7f70-4b37-a1ca-755fb37aa2b3","local_time":"20190209151556","is_ascension_mode":true,"campfire_choices":[{"floor":8.0,"key":"REST"},{"data":"Madness","floor":15.0,"key":"SMITH"},{"data":"Echo Form","floor":23.0,"key":"SMITH"},{"data":"Go for the Eyes","floor":25.0,"key":"SMITH"},{"data":"Dualcast","floor":27.0,"key":"SMITH"},{"data":"Defragment","floor":32.0,"key":"SMITH"},{"data":"Buffer","floor":41.0,"key":"SMITH"},{"floor":44,"key":"REST"},{"data":"Streamline","floor":47,"key":"SMITH"},{"data":"Madness","floor":49,"key":"SMITH"}],"neow_cost":"NONE","seed_source_timestamp":389544107791582,"circlet_count":0,"master_deck":["Strike_B","Defend_B","Defend_B","Defend_B","Defend_B","Dualcast+1","Madness+1","Streamline+1","Coolheaded","Rebound","Glacier","Sweeping Beam","Cold Snap","FTL","Machine Learning","Leap","Echo Form+1","Barrage","Cold Snap","Go for the Eyes+1","Cold Snap+1","Defragment+1","Buffer+1","Self Repair","Blizzard+1","Madness+1","Madness"],"special_seed":0,"relics":["Cracked Core","Thread and Needle","Gambling Chip","Shuriken","Eternal Feather","Strawberry","Potion Belt","Blue Candle","Oddly Smooth Stone","Inserter","Mummified Hand","Dodecahedron","The Courier","Dream Catcher"],"potions_floor_usage":[42,42,50],"damage_taken":[{"damage":1.0,"enemies":"Cultist","floor":1.0,"turns":4.0},{"damage":3.0,"enemies":"Small Slimes","floor":2.0,"turns":3.0},{"damage":13.0,"enemies":"Jaw Worm","floor":3.0,"turns":3.0},{"damage":17.0,"enemies":"Gremlin Nob","floor":6.0,"turns":4.0},{"damage":0.0,"enemies":"Large Slime","floor":10.0,"turns":6.0},{"damage":7.0,"enemies":"3 Sentries","floor":11.0,"turns":5.0},{"damage":1.0,"enemies":"Exordium Thugs","floor":12.0,"turns":5.0},{"damage":5.0,"enemies":"Red Slaver","floor":13.0,"turns":4.0},{"damage":2.0,"enemies":"Large Slime","floor":14.0,"turns":4.0},{"damage":3.0,"enemies":"Hexaghost","floor":16.0,"turns":13.0},{"damage":4.0,"enemies":"3 Byrds","floor":18.0,"turns":8.0},{"damage":4.0,"enemies":"Shell Parasite","floor":20.0,"turns":6.0},{"damage":2.0,"enemies":"Snecko","floor":24.0,"turns":6.0},{"damage":32.0,"enemies":"Slavers","floor":29.0,"turns":8.0},{"damage":1.0,"enemies":"Chosen and Byrds","floor":30.0,"turns":6.0},{"damage":6.0,"enemies":"Book of Stabbing","floor":31.0,"turns":7.0},{"damage":16.0,"enemies":"Automaton","floor":33.0,"turns":8.0},{"damage":10.0,"enemies":"3 Shapes","floor":35.0,"turns":9.0},{"damage":2.0,"enemies":"3 Darklings","floor":37.0,"turns":7.0},{"damage":25.0,"enemies":"Jaw Worm Horde","floor":39.0,"turns":4.0},{"damage":0.0,"enemies":"Nemesis","floor":40.0,"turns":9.0},{"damage":51,"enemies":"Reptomancer","floor":42,"turns":7},{"damage":5,"enemies":"Writhing Mass","floor":45,"turns":8},{"damage":0,"enemies":"Spire Growth","floor":46,"turns":6},{"damage":38,"enemies":"Awakened One","floor":50,"turns":12}],"seed_played":"-3858669888155695935","potions_obtained":[{"floor":1.0,"key":"Strength Potion"},{"floor":6.0,"key":"Block Potion"},{"floor":10.0,"key":"Explosive Potion"},{"floor":11.0,"key":"Poison Potion"},{"floor":12.0,"key":"SpeedPotion"},{"floor":14.0,"key":"Weak Potion"},{"floor":18.0,"key":"Block Potion"},{"floor":24.0,"key":"Regen Potion"},{"floor":36.0,"key":"Swift Potion"},{"floor":36.0,"key":"LiquidBronze"},{"floor":36.0,"key":"FocusPotion"},{"floor":39.0,"key":"Swift Potion"},{"floor":45,"key":"AttackPotion"}],"is_trial":false,"path_per_floor":["M","M","M","$","?","E","?","R","T","M","E","M","M","M","R","B",null,"M","?","M","?","$","R","M","R","T","R","?","E","M","E","R","B",null,"M","?","M","$","M","E","R","E","T","R","M","M","R","?","R","B",null],"character_chosen":"DEFECT","items_purchased":["Glacier","Go for the Eyes","Mummified Hand"],"campfire_rested":2,"item_purchase_floors":[4,22,38],"current_hp_per_floor":[74,71,58,58,51,34,34,56,56,56,49,48,43,41,41,38,75,71,78,74,74,74,82,80,82,82,82,82,65,64,58,70,54,82,72,72,70,70,45,59,71,27,27,66,68,75,82,72,82,51],"gold":237,"neow_bonus":"RANDOM_COLORLESS","is_prod":false,"is_daily":false,"chose_seed":false,"campfire_upgraded":8,"win_rate":0,"timestamp":1549714556,"path_taken":["M","M","M","$","?","E","?","R","T","M","E","M","M","M","R","BOSS","M","?","M","?","$","R","M","R","T","R","?","E","M","E","R","BOSS","M","?","M","$","M","E","R","E","T","R","M","?","R","?","R","BOSS"],"build_version":"2019-01-23","purchased_purges":3,"victory":true,"max_hp_per_floor":[75,75,75,75,75,75,75,75,75,75,75,75,75,75,75,75,75,75,82,82,82,82,82,82,82,82,82,82,82,82,82,82,82,82,82,82,82,82,82,82,82,82,82,82,82,82,82,82,82,82],"card_choices":[{"not_picked":["Conserve Battery","Redo"],"picked":"Streamline","floor":1.0},{"not_picked":["Biased Cognition","BootSequence"],"picked":"Coolheaded","floor":2.0},{"not_picked":["Recycle","Compile Driver"],"picked":"Rebound","floor":3.0},{"not_picked":["BootSequence","Gash"],"picked":"Sweeping Beam","floor":6.0},{"not_picked":["Gash","Chaos"],"picked":"Cold Snap","floor":10.0},{"not_picked":["Hello World","Stack"],"picked":"FTL","floor":11.0},{"not_picked":["Sweeping Beam","Redo"],"picked":"Machine Learning","floor":12.0},{"not_picked":["Conserve Battery","Recycle"],"picked":"Leap","floor":13.0},{"not_picked":["Streamline","Rebound","Turbo"],"picked":"SKIP","floor":14.0},{"not_picked":["Amplify","Electrodynamics"],"picked":"Echo Form","floor":16.0},{"not_picked":["Doom and Gloom","Hologram","Heatsinks"],"picked":"SKIP","floor":18.0},{"not_picked":["Coolheaded+1","Aggregate"],"picked":"Barrage","floor":20.0},{"not_picked":["Gash","Loop"],"picked":"Cold Snap+1","floor":24.0},{"not_picked":["Compile Driver+1","Self Repair"],"picked":"Defragment","floor":29.0},{"not_picked":["Ball Lightning","Fusion","Cold Snap+1"],"picked":"SKIP","floor":30.0},{"not_picked":["Undo","Turbo+1","Doom and Gloom"],"picked":"SKIP","floor":31.0},{"not_picked":["All For One","Fission"],"picked":"Buffer","floor":33.0},{"not_picked":["Undo+1","Lockon","Ball Lightning"],"picked":"SKIP","floor":35.0},{"not_picked":["Go for the Eyes+1","Compile Driver+1","Ball Lightning+1"],"picked":"SKIP","floor":37.0},{"not_picked":["Recycle","Undo"],"picked":"Self Repair","floor":39.0},{"not_picked":["Gash+1","Reinforced Body","Chaos"],"picked":"SKIP","floor":40.0},{"not_picked":["Coolheaded","Reinforced Body+1"],"picked":"Blizzard+1","floor":42},{"not_picked":["Hologram","Cold Snap","Glacier"],"picked":"SKIP","floor":45},{"not_picked":["Turbo+1","Beam Cell","Conserve Battery"],"picked":"SKIP","floor":46}],"player_experience":609941,"relics_obtained":[{"floor":6.0,"key":"Thread and Needle"},{"floor":9.0,"key":"Gambling Chip"},{"floor":11.0,"key":"Shuriken"},{"floor":26.0,"key":"Potion Belt"},{"floor":29.0,"key":"Blue Candle"},{"floor":31.0,"key":"Oddly Smooth Stone"},{"floor":40.0,"key":"Dodecahedron"},{"floor":42,"key":"The Courier"},{"floor":43,"key":"Dream Catcher"}],"event_choices":[{"cards_removed":["Strike_B"],"damage_healed":0.0,"max_hp_gain":0.0,"max_hp_loss":0.0,"gold_gain":0.0,"event_name":"Golden Wing","player_choice":"Card Removal","floor":5.0,"gold_loss":0.0,"damage_taken":7.0},{"damage_healed":0.0,"max_hp_gain":0.0,"max_hp_loss":0.0,"gold_gain":0.0,"event_name":"Dead Adventurer","player_choice":"Searched \u00270\u0027 times","floor":7.0,"gold_loss":0.0,"damage_taken":0.0},{"damage_healed":0.0,"max_hp_gain":0.0,"max_hp_loss":0.0,"gold_gain":0.0,"event_name":"The Mausoleum","player_choice":"Opened","floor":19.0,"gold_loss":0.0,"damage_taken":0.0,"relics_obtained":["Strawberry"]},{"damage_healed":0.0,"max_hp_gain":0.0,"max_hp_loss":0.0,"gold_gain":0.0,"event_name":"The Library","player_choice":"Read","floor":21.0,"gold_loss":0.0,"damage_taken":0.0,"cards_obtained":["Cold Snap"]},{"damage_healed":0.0,"max_hp_gain":0.0,"max_hp_loss":0.0,"gold_gain":100.0,"event_name":"Golden Shrine","player_choice":"Pray","floor":28.0,"gold_loss":0.0,"damage_taken":0.0},{"damage_healed":0.0,"max_hp_gain":0.0,"max_hp_loss":0.0,"gold_gain":0.0,"event_name":"Lab","player_choice":"Got Potions","floor":36.0,"gold_loss":0.0,"damage_taken":0.0},{"damage_healed":0,"gold_gain":0,"player_choice":"Embrace Madness","damage_taken":10,"max_hp_gain":0,"max_hp_loss":0,"event_name":"Winding Halls","floor":48,"gold_loss":0,"cards_obtained":["Madness","Madness"]}],"is_beta":false,"boss_relics":[{"not_picked":["Pandora\u0027s Box","Runic Dome"],"picked":"Eternal Feather"},{"not_picked":["Velvet Choker","Nuclear Battery"],"picked":"Inserter"}],"items_purged_floors":[4,22,38],"is_endless":false,"potions_floor_spawned":[1,6,10,11,12,14,18,24,39,45],"ascension_level":1}