{"gold_per_floor":[117,117,79,89,116,116,134,167,191,191,20,35,35,70,82,168,180,202,234,73,84,84,84,98,98,147,177,191,210,135,151,151,225,225,245,225,244,261,25,25,44,59,82,82,82,82,102,114,114,114],"floor_reached":51,"playtime":2834,"items_purged":[],"score":1161,"play_id":"49a6c2f1-0111-40be-aa57-dface96c1f64","local_time":"20190314203811","is_ascension_mode":true,"campfire_choices":[{"floor":6.0,"key":"REST"},{"data":"Zap","floor":10.0,"key":"SMITH"},{"floor":13.0,"key":"REST"},{"data":"Consume","floor":15.0,"key":"SMITH"},{"data":"Go for the Eyes","floor":23.0,"key":"SMITH"},{"data":"Hologram","floor":25.0,"key":"SMITH"},{"floor":32.0,"key":"REST"},{"floor":40.0,"key":"REST"},{"floor":44,"key":"REST"},{"data":"Capacitor","floor":49,"key":"SMITH"}],"neow_cost":"TEN_PERCENT_HP_LOSS","seed_source_timestamp":458838192154800,"circlet_count":0,"master_deck":["AscendersBane","Defend_B","Defend_B","Zap+1","Dualcast","Rainbow","Go for the Eyes+1","Cold Snap","Self Repair","Leap","Consume+1","Flash of Steel","Steam","All For One","Electrodynamics","Glacier","Coolheaded","Cold Snap+1","Hologram+1","BootSequence+1","Reboot","FTL","Core Surge","Defragment+1","Defragment+1","Meteor Strike+1","Double Energy","Core Surge","Auto Shields","Capacitor+1","Apotheosis","Leap","Skim","White Noise+1"],"special_seed":0,"relics":["Cracked Core","Symbiotic Virus","Strawberry","Question Card","Anchor","MawBank","Philosopher\u0027s Stone","Lantern","Vajra","Regal Pillow","Astrolabe","Art of War","Kunai"],"potions_floor_usage":[50],"damage_taken":[{"damage":3.0,"enemies":"Jaw Worm","floor":1.0,"turns":4.0},{"damage":3.0,"enemies":"2 Louse","floor":4.0,"turns":3.0},{"damage":0.0,"enemies":"Small Slimes","floor":7.0,"turns":3.0},{"damage":17.0,"enemies":"Gremlin Nob","floor":8.0,"turns":4.0},{"damage":0.0,"enemies":"Looter","floor":12.0,"turns":3.0},{"damage":10.0,"enemies":"3 Sentries","floor":14.0,"turns":8.0},{"damage":17.0,"enemies":"Slime Boss","floor":16.0,"turns":9.0},{"damage":0.0,"enemies":"3 Byrds","floor":18.0,"turns":2.0},{"damage":0.0,"enemies":"Chosen","floor":19.0,"turns":4.0},{"damage":7.0,"enemies":"Centurion and Healer","floor":21.0,"turns":5.0},{"damage":4.0,"enemies":"Snecko","floor":24.0,"turns":4.0},{"damage":26.0,"enemies":"Book of Stabbing","floor":27.0,"turns":7.0},{"damage":9.0,"enemies":"Shelled Parasite and Fungi","floor":28.0,"turns":4.0},{"damage":2.0,"enemies":"Snake Plant","floor":29.0,"turns":4.0},{"damage":1.0,"enemies":"Centurion and Healer","floor":31.0,"turns":5.0},{"damage":55.0,"enemies":"Collector","floor":33.0,"turns":17.0},{"damage":22.0,"enemies":"3 Darklings","floor":35.0,"turns":4.0},{"damage":2.0,"enemies":"Orb Walker","floor":37.0,"turns":4.0},{"damage":0.0,"enemies":"4 Shapes","floor":38.0,"turns":5.0},{"damage":38.0,"enemies":"Writhing Mass","floor":41.0,"turns":6.0},{"damage":19,"enemies":"Maw","floor":42,"turns":6},{"damage":0,"enemies":"4 Shapes","floor":47,"turns":3},{"damage":15,"enemies":"Transient","floor":48,"turns":5},{"damage":22,"enemies":"Time Eater","floor":50,"turns":12}],"seed_played":"2453066813761914388","potions_obtained":[{"floor":7.0,"key":"Poison Potion"},{"floor":8.0,"key":"SpeedPotion"},{"floor":12.0,"key":"Poison Potion"},{"floor":14.0,"key":"SteroidPotion"},{"floor":21.0,"key":"Explosive Potion"},{"floor":27.0,"key":"GamblersBrew"},{"floor":31.0,"key":"Strength Potion"},{"floor":36.0,"key":"SteroidPotion"},{"floor":37.0,"key":"SkillPotion"},{"floor":41.0,"key":"FocusPotion"}],"is_trial":false,"path_per_floor":["M","?","?","M","T","R","M","E","T","R","$","M","R","E","R","B",null,"M","M","$","M","?","R","M","R","T","E","M","M","?","M","R","B",null,"M","?","M","M","$","R","M","M","T","R","T","?","M","M","R","B",null],"character_chosen":"DEFECT","items_purchased":["Consume","Flash of Steel","Lantern","Capacitor","Apotheosis"],"campfire_rested":5,"item_purchase_floors":[11,11,20,39,39],"current_hp_per_floor":[61,16,16,13,20,41,41,31,31,31,31,31,52,49,49,39,63,63,70,70,63,63,63,59,59,59,40,31,36,36,42,71,23,59,44,44,49,49,49,71,33,21,21,57,57,57,67,62,62,50],"gold":114,"neow_bonus":"THREE_RARE_CARDS","is_prod":false,"is_daily":false,"chose_seed":false,"campfire_upgraded":5,"win_rate":0,"timestamp":1552610291,"path_taken":["M","?","?","M","?","R","M","E","T","R","?","M","R","E","R","BOSS","M","M","$","M","?","R","?","R","T","E","M","M","?","M","R","BOSS","M","?","?","M","$","R","M","M","T","R","?","?","M","?","R","BOSS"],"build_version":"2019-02-06","purchased_purges":0,"victory":true,"max_hp_per_floor":[64,64,64,64,71,71,71,71,71,71,71,71,71,71,71,71,71,71,71,71,71,71,71,71,71,71,71,71,71,71,71,71,71,71,71,71,71,71,71,71,71,71,71,71,71,71,71,71,71,71],"card_choices":[{"not_picked":["Reboot","Amplify"],"picked":"Rainbow","floor":0.0},{"not_picked":["Streamline","Aggregate"],"picked":"Go for the Eyes","floor":1.0},{"not_picked":["Tempest","Blizzard"],"picked":"Cold Snap","floor":4.0},{"not_picked":["Cold Snap","Consume"],"picked":"Self Repair","floor":7.0},{"not_picked":["Reboot","White Noise"],"picked":"Leap","floor":8.0},{"not_picked":["Barrage","Cold Snap","Leap"],"picked":"Steam","floor":12.0},{"not_picked":["Leap","Steam","Skim"],"picked":"All For One","floor":14.0},{"not_picked":["Reboot","Fission","All For One"],"picked":"Electrodynamics","floor":16.0},{"not_picked":["Force Field+1","Coolheaded+1","Double Energy+1"],"picked":"Glacier","floor":18.0},{"not_picked":["Leap","Beam Cell","Consume"],"picked":"Coolheaded","floor":19.0},{"not_picked":["Hologram","Barrage","Rip and Tear"],"picked":"Cold Snap+1","floor":21.0},{"not_picked":["Storm","Compile Driver","Streamline"],"picked":"Hologram","floor":24.0},{"not_picked":["Redo","Lockon","Electrodynamics","Reprogram"],"picked":"SKIP","floor":27.0},{"not_picked":["Beam Cell","Cold Snap","Hologram"],"picked":"BootSequence+1","floor":28.0},{"not_picked":["Genetic Algorithm","Skim","Leap"],"picked":"Reboot","floor":29.0},{"not_picked":["Ball Lightning","Rip and Tear","Lockon"],"picked":"FTL","floor":31.0},{"not_picked":["Machine Learning","Rainbow","Amplify"],"picked":"Core Surge","floor":33.0},{"not_picked":["Cold Snap","Hologram","Ball Lightning+1"],"picked":"Double Energy","floor":35.0},{"not_picked":["Gash","Leap","Conserve Battery"],"picked":"Core Surge","floor":37.0},{"not_picked":["Gash+1","Beam Cell+1","Hologram"],"picked":"Auto Shields","floor":38.0},{"not_picked":["Chaos","Auto Shields","Redo"],"picked":"Leap","floor":41.0},{"not_picked":["Leap","FTL","Go for the Eyes"],"picked":"Skim","floor":42},{"not_picked":["Redo","Leap","Rip and Tear+1"],"picked":"White Noise+1","floor":47},{"not_picked":["Tempest+1","Gash","Compile Driver","Hologram"],"picked":"SKIP","floor":48}],"player_experience":666954,"relics_obtained":[{"floor":5.0,"key":"Strawberry"},{"floor":8.0,"key":"Question Card"},{"floor":9.0,"key":"Anchor"},{"floor":14.0,"key":"MawBank"},{"floor":26.0,"key":"Vajra"},{"floor":27.0,"key":"Regal Pillow"},{"floor":43,"key":"Art of War"},{"floor":45,"key":"Kunai"}],"event_choices":[{"damage_healed":0.0,"max_hp_gain":0.0,"max_hp_loss":0.0,"gold_gain":0.0,"event_name":"Scrap Ooze","player_choice":"Success","floor":2.0,"gold_loss":0.0,"damage_taken":45.0,"relics_obtained":["Symbiotic Virus"]},{"damage_healed":0.0,"max_hp_gain":0.0,"max_hp_loss":0.0,"gold_gain":0.0,"event_name":"World of Goop","player_choice":"Left Gold","floor":3.0,"gold_loss":38.0,"damage_taken":0.0},{"cards_removed":["Strike_B"],"damage_healed":0.0,"max_hp_gain":0.0,"max_hp_loss":0.0,"gold_gain":0.0,"event_name":"Purifier","player_choice":"Purged","floor":22.0,"gold_loss":0.0,"damage_taken":0.0},{"cards_removed":["Strike_B"],"damage_healed":0.0,"max_hp_gain":0.0,"max_hp_loss":0.0,"gold_gain":0.0,"event_name":"Beggar","player_choice":"Gave Gold","floor":30.0,"gold_loss":75.0,"damage_taken":0.0},{"damage_healed":0.0,"max_hp_gain":0.0,"max_hp_loss":0.0,"gold_gain":0.0,"event_name":"The Woman in Blue","player_choice":"Bought 1 Potion","floor":36.0,"gold_loss":0.0,"damage_taken":0.0},{"cards_removed":["Strike_B"],"damage_healed":0,"gold_gain":0,"player_choice":"Purged","damage_taken":0,"max_hp_gain":0,"max_hp_loss":0,"event_name":"Purifier","floor":46,"gold_loss":0}],"is_beta":true,"boss_relics":[{"not_picked":["Orrery","Ectoplasm"],"picked":"Philosopher\u0027s Stone"},{"not_picked":["Calling Bell","Eternal Feather"],"picked":"Astrolabe"}],"items_purged_floors":[],"is_endless":false,"potions_floor_spawned":[7,8,12,14,19,21,27,31,37,41],"ascension_level":16}