{"gold_per_floor":[115,131,131,131,131,131,131,131,186,198,217,217,249,259,259,362,362,376,387,387,387,405,405,432,442,468,468,468,267,267,296,296,396,396,415,515,535,549,549,581,271,306,354,368,392,392,49,68,68,68,68,68,18,45,45],"floor_reached":56,"playtime":2390,"items_purged":["Strike_R","Strike_R","Defend_R","Strike_R"],"score":1666,"play_id":"afba1d33-f144-4292-b840-6abafad16bc8","local_time":"20181126212839","is_ascension_mode":true,"campfire_choices":[{"data":"Shrug It Off","floor":6,"key":"SMITH"},{"data":"Flex","floor":8,"key":"SMITH"},{"data":"Bash","floor":12,"key":"SMITH"},{"data":"Searing Blow+1","floor":15,"key":"SMITH"},{"data":"Searing Blow+2","floor":23,"key":"SMITH"},{"data":"Searing Blow+3","floor":27,"key":"SMITH"},{"data":"Searing Blow+4","floor":32,"key":"SMITH"},{"floor":46,"key":"RECALL"},{"data":"Searing Blow+5","floor":49,"key":"SMITH"},{"data":"Searing Blow+6","floor":52,"key":"SMITH"}],"neow_cost":"NONE","seed_source_timestamp":955708910711499,"circlet_count":0,"master_deck":["Strike_R","Defend_R","Defend_R","Bash+1","Feed+1","Flex+1","Shrug It Off+1","Inflame","Cleave+1","Searing Blow+7","Reaper+1","Double Tap","Uppercut+1","Warcry+1"],"relics":["Burning Blood","Molten Egg 2","Bag of Preparation","Omamori","Coffee Dripper","Art of War","Necronomicon","Red Skull","Smiling Mask","Blood Vial","Oddly Smooth Stone","Runic Pyramid","Ginger","Dream Catcher","Bottled Flame","Ornamental Fan","Juzu Bracelet","Thread and Needle","Pen Nib"],"potions_floor_usage":[16,31,33,33,42,42],"damage_taken":[{"damage":6,"enemies":"Cultist","floor":1,"turns":4},{"damage":6,"enemies":"2 Louse","floor":2,"turns":3},{"damage":0,"enemies":"Small Slimes","floor":10,"turns":3},{"damage":0,"enemies":"Looter","floor":11,"turns":2},{"damage":30,"enemies":"3 Sentries","floor":13,"turns":7},{"damage":7,"enemies":"Large Slime","floor":14,"turns":4},{"damage":45,"enemies":"The Guardian","floor":16,"turns":10},{"damage":30,"enemies":"2 Thieves","floor":18,"turns":5},{"damage":0,"enemies":"3 Byrds","floor":19,"turns":4},{"damage":10,"enemies":"Snecko","floor":22,"turns":3},{"damage":35,"enemies":"Slavers","floor":24,"turns":3},{"damage":13,"enemies":"Cultist and Chosen","floor":25,"turns":4},{"damage":13,"enemies":"Book of Stabbing","floor":31,"turns":3},{"damage":40,"enemies":"Automaton","floor":33,"turns":6},{"damage":0,"enemies":"Orb Walker","floor":35,"turns":1},{"damage":34,"enemies":"Mind Bloom Boss Battle","floor":36,"turns":4},{"damage":18,"enemies":"3 Shapes","floor":37,"turns":4},{"damage":22,"enemies":"Jaw Worm Horde","floor":38,"turns":3},{"damage":12,"enemies":"Nemesis","floor":40,"turns":3},{"damage":9,"enemies":"Reptomancer","floor":42,"turns":2},{"damage":26,"enemies":"Maw","floor":44,"turns":4},{"damage":0,"enemies":"Sphere and 2 Shapes","floor":48,"turns":3},{"damage":79,"enemies":"Awakened One","floor":50,"turns":9},{"damage":25,"enemies":"Shield and Spear","floor":54,"turns":4},{"damage":118,"enemies":"The Heart","floor":55,"turns":6}],"seed_played":"-4434429996750495777","potions_obtained":[{"floor":10,"key":"Poison Potion"},{"floor":11,"key":"Poison Potion"},{"floor":13,"key":"SpeedPotion"},{"floor":19,"key":"Explosive Potion"},{"floor":24,"key":"Weak Potion"},{"floor":33,"key":"Fire Potion"},{"floor":35,"key":"AttackPotion"},{"floor":36,"key":"FairyPotion"}],"is_trial":false,"path_per_floor":["M","M","?","?","?","R","T","R","T","M","M","R","E","M","R","B",null,"M","M","?","?","M","R","E","M","T","R","?","$","?","E","R","B",null,"M","?","M","M","?","E","$","E","T","M","T","R","$","M","R","B",null,"R","$","E","B",null],"character_chosen":"IRONCLAD","items_purchased":["Blood Vial","Bottled Flame","Thread and Needle"],"campfire_rested":0,"item_purchase_floors":[29,41,47],"current_hp_per_floor":[83,86,79,84,84,84,84,84,84,94,99,99,79,82,82,63,99,91,113,113,97,107,107,110,121,121,121,121,121,121,127,127,121,126,127,129,127,133,132,130,130,133,133,139,139,139,139,144,144,85,129,129,129,133,43],"gold":45,"neow_bonus":"TRANSFORM_CARD","is_prod":false,"is_daily":false,"chose_seed":false,"campfire_upgraded":9,"win_rate":0,"timestamp":1543285719,"path_taken":["M","M","?","?","?","R","?","R","T","M","M","R","E","M","R","BOSS","M","M","?","?","M","R","E","M","T","R","?","$","?","E","R","BOSS","M","?","M","M","?","E","$","E","T","M","?","R","$","M","R","BOSS","R","$","E","BOSS"],"build_version":"2018-11-15","purchased_purges":4,"victory":true,"max_hp_per_floor":[83,86,86,91,91,91,91,91,91,95,99,99,103,107,107,111,111,115,119,119,119,119,119,123,127,127,127,127,127,127,127,127,127,127,127,131,135,139,132,136,136,140,140,144,144,144,144,144,144,144,144,144,144,148,148],"card_choices":[{"not_picked":["Anger","Wild Strike"],"picked":"Flex","floor":1},{"not_picked":["Entrench","Wild Strike"],"picked":"Shrug It Off","floor":2},{"not_picked":["Thunderclap+1","Second Wind"],"picked":"Inflame","floor":10},{"not_picked":["Sentinel","Anger+1"],"picked":"Cleave+1","floor":11},{"not_picked":["Body Slam+1","Havoc"],"picked":"Searing Blow+1","floor":13},{"not_picked":["Body Slam+1","Warcry"],"picked":"Reaper+1","floor":14},{"not_picked":["Immolate+1","Brutality"],"picked":"Double Tap","floor":16},{"not_picked":["Bloodletting+1","Havoc","Sword Boomerang+1"],"picked":"SKIP","floor":18},{"not_picked":["Body Slam+1","Clash+1","Intimidate"],"picked":"SKIP","floor":19},{"not_picked":["Sword Boomerang+1","Twin Strike+1","Havoc"],"picked":"SKIP","floor":22},{"not_picked":["Combust","Fire Breathing+1","Inflame"],"picked":"SKIP","floor":24},{"not_picked":["Intimidate","Sword Boomerang+1","Armaments"],"picked":"SKIP","floor":25},{"not_picked":["Sever Soul+1","Ghostly Armor+1","Juggernaut"],"picked":"SKIP","floor":31},{"not_picked":["Sword Boomerang+1","Shockwave+1","Fire Breathing"],"picked":"SKIP","floor":35},{"not_picked":["Heavy Blade+1","Dropkick+1","Clothesline+1"],"picked":"SKIP","floor":37},{"not_picked":["Heavy Blade+1","Perfected Strike+1"],"picked":"Warcry+1","floor":38},{"not_picked":["Burning Pact","Entrench","Body Slam+1"],"picked":"SKIP","floor":40},{"not_picked":["Pommel Strike+1","Headbutt+1","Twin Strike+1"],"picked":"SKIP","floor":42},{"not_picked":["Twin Strike+1","Ghostly Armor+1","Dual Wield"],"picked":"SKIP","floor":44},{"not_picked":["Cleave+1","Twin Strike+1","Sword Boomerang+1"],"picked":"SKIP","floor":48},{"not_picked":["Blood for Blood+1","Rage","Intimidate+1"],"picked":"SKIP","floor":54}],"player_experience":385243,"relics_obtained":[{"floor":7,"key":"Molten Egg 2"},{"floor":9,"key":"Bag of Preparation"},{"floor":13,"key":"Omamori"},{"floor":21,"key":"Necronomicon"},{"floor":24,"key":"Red Skull"},{"floor":26,"key":"Smiling Mask"},{"floor":31,"key":"Oddly Smooth Stone"},{"floor":36,"key":"Ginger"},{"floor":40,"key":"Dream Catcher"},{"floor":42,"key":"Ornamental Fan"},{"floor":43,"key":"Juzu Bracelet"},{"floor":54,"key":"Pen Nib"}],"event_choices":[{"cards_removed":["Defend_R"],"damage_healed":0,"gold_gain":0,"player_choice":"Card Removal","damage_taken":7,"max_hp_gain":0,"max_hp_loss":0,"event_name":"Golden Wing","floor":3,"gold_loss":0},{"damage_healed":0,"gold_gain":0,"player_choice":"Donut","damage_taken":0,"max_hp_gain":5,"max_hp_loss":0,"event_name":"Big Fish","floor":4,"gold_loss":0},{"damage_healed":0,"gold_gain":0,"player_choice":"Grow","damage_taken":0,"max_hp_gain":0,"max_hp_loss":0,"event_name":"Living Wall","floor":5,"gold_loss":0,"cards_upgraded":["Feed"]},{"damage_healed":0,"gold_gain":0,"player_choice":"Opened","damage_taken":0,"relics_obtained":["Art of War"],"max_hp_gain":0,"max_hp_loss":0,"event_name":"The Mausoleum","floor":20,"gold_loss":0,"cards_obtained":["Writhe"]},{"damage_healed":0,"gold_gain":0,"player_choice":"Obtained Book","damage_taken":16,"max_hp_gain":0,"max_hp_loss":0,"event_name":"Cursed Tome","floor":21,"gold_loss":0},{"damage_healed":0,"gold_gain":0,"player_choice":"Read","damage_taken":0,"max_hp_gain":0,"max_hp_loss":0,"event_name":"The Library","floor":28,"gold_loss":0,"cards_obtained":["Uppercut"]},{"damage_healed":0,"gold_gain":0,"player_choice":"Ignored","damage_taken":0,"max_hp_gain":0,"max_hp_loss":0,"event_name":"Vampires","floor":30,"gold_loss":0},{"damage_healed":0,"gold_gain":0,"player_choice":"Fight","damage_taken":0,"max_hp_gain":0,"max_hp_loss":0,"event_name":"MindBloom","floor":36,"gold_loss":0},{"damage_healed":0,"gold_gain":0,"player_choice":"Max HP","damage_taken":0,"max_hp_gain":0,"max_hp_loss":7,"event_name":"Winding Halls","floor":39,"gold_loss":0}],"is_beta":true,"boss_relics":[{"not_picked":["Pandora\u0027s Box","Calling Bell"],"picked":"Coffee Dripper"},{"not_picked":["Black Blood","Astrolabe"],"picked":"Runic Pyramid"}],"items_purged_floors":[29,41,47,53],"is_endless":false,"potions_floor_spawned":[10,11,13,19,24,25,33,35,36,37],"ascension_level":5}