{"gold_per_floor":[13,13,13,25,35,35,67,67,67,217,217,235,2,35,35,106,106,82,132,152,0,0],"floor_reached":22,"playtime":899,"items_purged":["Doubt","Strike_R"],"score":412,"play_id":"4a167bd8-f6c1-423c-950c-7259b9b22f26","local_time":"20190515130500","is_ascension_mode":true,"campfire_choices":[{"data":"Demon Form","floor":6.0,"key":"SMITH"},{"data":"Heavy Blade","floor":8.0,"key":"SMITH"},{"floor":11.0,"key":"REST"},{"data":"Bash","floor":15.0,"key":"SMITH"}],"neow_cost":"NO_GOLD","seed_source_timestamp":438675969922200,"circlet_count":0,"master_deck":["AscendersBane","Strike_R","Strike_R","Strike_R","Defend_R","Defend_R","Defend_R","Defend_R","Bash+1","Demon Form+1","Heavy Blade+1","Second Wind","Cleave","Flex","Warcry","Flex"],"special_seed":0,"relics":["Burning Blood","Incense Burner","Ice Cream","Anchor","Nunchaku","Velvet Choker"],"potions_floor_usage":[16,20],"damage_taken":[{"damage":11.0,"enemies":"Jaw Worm","floor":1.0,"turns":4.0},{"damage":10.0,"enemies":"Small Slimes","floor":4.0,"turns":4.0},{"damage":2.0,"enemies":"Cultist","floor":5.0,"turns":4.0},{"damage":29.0,"enemies":"Gremlin Nob","floor":7.0,"turns":4.0},{"damage":29.0,"enemies":"Exordium Thugs","floor":12.0,"turns":5.0},{"damage":15.0,"enemies":"Lagavulin","floor":14.0,"turns":5.0},{"damage":28,"enemies":"Slime Boss","floor":16,"turns":4},{"damage":13,"enemies":"2 Thieves","floor":18,"turns":4},{"damage":38,"enemies":"3 Byrds","floor":20,"turns":6},{"damage":12,"enemies":"Shelled Parasite and Fungi","floor":22,"turns":1}],"seed_played":"8738995848785634861","potions_obtained":[{"floor":4.0,"key":"Strength Potion"},{"floor":14.0,"key":"SpeedPotion"},{"floor":18,"key":"Block Potion"}],"is_trial":false,"path_per_floor":["M","?","?","M","M","R","E","R","T","?","R","M","$","E","R","B",null,"M","?","M","$","M"],"character_chosen":"IRONCLAD","items_purchased":["Anchor","Flex"],"campfire_rested":1,"item_purchase_floors":[13,21],"current_hp_per_floor":[63,63,63,59,63,63,40,40,40,40,62,39,39,30,30,8,58,51,44,12,12,0],"gold":0,"neow_bonus":"THREE_RARE_CARDS","is_prod":false,"is_daily":false,"chose_seed":false,"campfire_upgraded":3,"win_rate":0,"timestamp":1557939900,"path_taken":["M","?","?","M","M","R","E","R","T","?","R","M","$","E","R","BOSS","M","?","?","$","M"],"build_version":"2019-05-07","purchased_purges":2,"victory":false,"max_hp_per_floor":[75,75,75,75,75,75,75,75,75,75,75,75,75,75,75,75,75,75,75,75,75,75],"card_choices":[{"not_picked":["Offering","Impervious"],"picked":"Demon Form","floor":0.0},{"not_picked":["Clash","Havoc"],"picked":"Heavy Blade","floor":1.0},{"not_picked":["Body Slam","Fire Breathing","Pommel Strike"],"picked":"SKIP","floor":4.0},{"not_picked":["Iron Wave","Sentinel"],"picked":"Second Wind","floor":5.0},{"not_picked":["Iron Wave","Pommel Strike"],"picked":"Cleave","floor":7.0},{"not_picked":["Carnage","Berserk"],"picked":"Flex","floor":12.0},{"not_picked":["Blood for Blood","Anger","Dropkick"],"picked":"SKIP","floor":14.0},{"not_picked":["Hemokinesis","Shockwave"],"picked":"Warcry","floor":18},{"not_picked":["Anger","Spot Weakness","Infernal Blade"],"picked":"SKIP","floor":20}],"player_experience":690464,"relics_obtained":[{"floor":7.0,"key":"Incense Burner"},{"floor":9.0,"key":"Ice Cream"},{"floor":14.0,"key":"Nunchaku"}],"event_choices":[{"damage_healed":0.0,"max_hp_gain":0.0,"max_hp_loss":0.0,"gold_gain":0.0,"event_name":"Shining Light","player_choice":"Ignored","floor":2.0,"gold_loss":0.0,"damage_taken":0.0},{"cards_removed":["Strike_R"],"damage_healed":0.0,"max_hp_gain":0.0,"max_hp_loss":0.0,"gold_gain":0.0,"event_name":"Living Wall","player_choice":"Forget","floor":3.0,"gold_loss":0.0,"damage_taken":0.0},{"damage_healed":0.0,"max_hp_gain":0.0,"max_hp_loss":0.0,"gold_gain":150.0,"event_name":"Liars Game","player_choice":"AGREE","floor":10.0,"gold_loss":0.0,"damage_taken":0.0,"cards_obtained":["Doubt"]},{"damage_healed":0,"gold_gain":50,"player_choice":"Touch","damage_taken":7,"max_hp_gain":0,"max_hp_loss":0,"event_name":"FaceTrader","floor":19,"gold_loss":0}],"is_beta":true,"boss_relics":[{"not_picked":["Philosopher\u0027s Stone","Fusion Hammer"],"picked":"Velvet Choker"}],"items_purged_floors":[13,21],"is_endless":false,"potions_floor_spawned":[4,14,18],"killed_by":"Shelled Parasite and Fungi","ascension_level":18}