{"gold_per_floor":[110,110,122,142,155,155,184,204,204,102,128,148,148,182,182,253,303,318,347,358,22,35,35],"floor_reached":23,"playtime":2306,"items_purged":["Strike_G","Strike_G"],"score":362,"play_id":"6cd0f2c8-7278-4367-87e0-bdf5943f03c8","local_time":"20190409162545","is_ascension_mode":true,"campfire_choices":[{"data":"Neutralize","floor":6.0,"key":"SMITH"},{"data":"Deadly Poison","floor":15.0,"key":"SMITH"}],"neow_cost":"NONE","seed_source_timestamp":0,"circlet_count":0,"master_deck":["AscendersBane","Defend_G","Defend_G","Defend_G","Defend_G","Defend_G","Strike_G","Strike_G","Strike_G+1","Survivor","Neutralize+1","Poisoned Stab","Backstab","Backflip","Well Laid Plans","Deadly Poison+1","Deflect","PiercingWail","Dodge and Roll","Venomology","Crippling Poison+1","Slice","Envenom","Catalyst","Slice","Malaise"],"special_seed":0,"relics":["Ring of the Snake","Smiling Mask","Meat on the Bone","Ancient Tea Set","Unceasing Top","Tiny House","Red Mask"],"potions_floor_usage":[23,23],"damage_taken":[{"damage":1.0,"enemies":"Jaw Worm","floor":1.0,"turns":8.0},{"damage":0.0,"enemies":"Cultist","floor":3.0,"turns":3.0},{"damage":0.0,"enemies":"Small Slimes","floor":4.0,"turns":3.0},{"damage":0.0,"enemies":"3 Louse","floor":5.0,"turns":4.0},{"damage":22.0,"enemies":"3 Sentries","floor":7.0,"turns":11.0},{"damage":10.0,"enemies":"Gremlin Gang","floor":8.0,"turns":6.0},{"damage":36.0,"enemies":"Gremlin Nob","floor":11.0,"turns":5.0},{"damage":0.0,"enemies":"Red Slaver","floor":12.0,"turns":3.0},{"damage":20.0,"enemies":"Lagavulin","floor":14.0,"turns":8.0},{"damage":8.0,"enemies":"Hexaghost","floor":16.0,"turns":10.0},{"damage":11.0,"enemies":"Shell Parasite","floor":18.0,"turns":6.0},{"damage":21.0,"enemies":"Masked Bandits","floor":19.0,"turns":4.0},{"damage":24.0,"enemies":"3 Byrds","floor":20.0,"turns":5.0},{"damage":9.0,"enemies":"3 Cultists","floor":22.0,"turns":6.0},{"damage":39,"enemies":"Gremlin Leader","floor":23,"turns":10}],"seed_played":"-7918284974478536998","potions_obtained":[{"floor":4.0,"key":"Regen Potion"},{"floor":7.0,"key":"Energy Potion"},{"floor":13.0,"key":"GhostInAJar"},{"floor":17.0,"key":"FearPotion"},{"floor":19.0,"key":"GhostInAJar"}],"is_trial":false,"path_per_floor":["M","?","M","M","M","R","E","M","T","$","E","M","?","E","R","B",null,"M","?","M","$","M","E"],"character_chosen":"THE_SILENT","items_purchased":["Poison Potion","Envenom","Catalyst","Slice"],"campfire_rested":0,"item_purchase_floors":[10,21,21,21],"current_hp_per_floor":[64,64,64,64,64,64,57,47,47,47,23,35,35,27,27,31,67,56,47,35,35,38,0],"gold":35,"neow_bonus":"TEN_PERCENT_HP_BONUS","is_prod":false,"is_daily":false,"chose_seed":false,"campfire_upgraded":2,"win_rate":0,"timestamp":1554841545,"path_taken":["M","?","M","M","M","R","E","M","T","$","E","M","?","E","R","BOSS","M","?","M","$","M","E"],"build_version":"2019-01-23","purchased_purges":2,"victory":false,"max_hp_per_floor":[72,72,72,72,72,72,72,72,72,72,72,72,72,72,72,72,77,77,77,77,77,77,77],"card_choices":[{"not_picked":["Dodge and Roll","Tactician"],"picked":"Poisoned Stab","floor":1.0},{"not_picked":["Backflip","Sucker Punch"],"picked":"Backstab","floor":3.0},{"not_picked":["Dodge and Roll","Blur"],"picked":"Backflip","floor":4.0},{"not_picked":["Backstab","Deadly Poison"],"picked":"Well Laid Plans","floor":5.0},{"not_picked":["PiercingWail","Underhanded Strike"],"picked":"Deadly Poison","floor":7.0},{"not_picked":["Expertise","Acrobatics"],"picked":"Deflect","floor":8.0},{"not_picked":["Predator","Calculated Gamble"],"picked":"PiercingWail","floor":11.0},{"not_picked":["Backflip","Cloak And Dagger"],"picked":"Dodge and Roll","floor":12.0},{"not_picked":["Backflip","Underhanded Strike","Finisher"],"picked":"SKIP","floor":14.0},{"not_picked":["Burst","Phantasmal Killer"],"picked":"Venomology","floor":16.0},{"not_picked":["Blur","Masterful Stab"],"picked":"Crippling Poison+1","floor":18.0},{"not_picked":["Bane","Underhanded Strike"],"picked":"Slice","floor":20.0},{"not_picked":["Backflip","Noxious Fumes"],"picked":"Malaise","floor":22.0}],"player_experience":2100560,"relics_obtained":[{"floor":7.0,"key":"Smiling Mask"},{"floor":9.0,"key":"Meat on the Bone"},{"floor":11.0,"key":"Ancient Tea Set"},{"floor":14.0,"key":"Unceasing Top"},{"floor":19.0,"key":"Red Mask"}],"event_choices":[{"damage_healed":0.0,"max_hp_gain":0.0,"max_hp_loss":0.0,"gold_gain":0.0,"event_name":"Liars Game","player_choice":"Ignored","floor":2.0,"gold_loss":0.0,"damage_taken":0.0},{"damage_healed":0.0,"max_hp_gain":0.0,"max_hp_loss":0.0,"gold_gain":0.0,"event_name":"Lab","player_choice":"Got Potions","floor":13.0,"gold_loss":0.0,"damage_taken":0.0},{"damage_healed":0.0,"max_hp_gain":0.0,"max_hp_loss":0.0,"gold_gain":0.0,"event_name":"Masked Bandits","player_choice":"Fought Bandits","floor":19.0,"gold_loss":0.0,"damage_taken":0.0}],"is_beta":false,"boss_relics":[{"not_picked":["Velvet Choker","Philosopher\u0027s Stone"],"picked":"Tiny House"}],"items_purged_floors":[10,21],"is_endless":false,"potions_floor_spawned":[4,7,11,19],"killed_by":"Gremlin Leader","ascension_level":14}