{"gold_per_floor":[119,119,138,152,129,129,147,147,171,191,191,204,204],"floor_reached":13,"playtime":4045,"items_purged":[],"score":77,"play_id":"6fba29e7-55c4-4033-b7af-87f2e509b2f9","local_time":"20181008225627","is_ascension_mode":false,"campfire_choices":[{"data":"Armaments","floor":6,"key":"SMITH"},{"data":"Strike_R","floor":8,"key":"SMITH"},{"data":"Defend_R","floor":11,"key":"SMITH"}],"neow_cost":"NONE","seed_source_timestamp":406502571418516,"circlet_count":0,"master_deck":["Strike_R+1","Strike_R","Strike_R","Strike_R","Strike_R","Defend_R","Defend_R+1","Defend_R","Defend_R","Bash","Shrug It Off+1","Armaments+1","Shockwave","Perfected Strike","Dual Wield","Second Wind","Sword Boomerang"],"relics":["Sozu","Oddly Smooth Stone"],"potions_floor_usage":[],"damage_taken":[{"damage":0,"enemies":"Cultist","floor":1,"turns":2},{"damage":0,"enemies":"Small Slimes","floor":3,"turns":3},{"damage":8,"enemies":"2 Louse","floor":4,"turns":3},{"damage":5,"enemies":"Looter","floor":7,"turns":3},{"damage":1,"enemies":"Exordium Wildlife","floor":10,"turns":5},{"damage":0,"enemies":"3 Louse","floor":12,"turns":4},{"damage":12,"enemies":"3 Sentries","floor":13,"turns":3}],"seed_played":"7474256642825429868","potions_obtained":[],"is_trial":false,"path_per_floor":["M","?","M","M","$","R","M","R","T","M","R","M"],"character_chosen":"IRONCLAD","items_purchased":["Perfected Strike"],"campfire_rested":0,"item_purchase_floors":[5],"current_hp_per_floor":[80,80,80,72,72,72,67,67,67,66,66,66,54],"gold":204,"neow_bonus":"BOSS_RELIC","is_prod":false,"is_daily":false,"chose_seed":false,"campfire_upgraded":3,"win_rate":0.0,"timestamp":1539028587,"path_taken":["M","?","M","M","$","R","M","R","T","M","R","M","E"],"build_version":"2018-10-04v2","purchased_purges":0,"victory":false,"max_hp_per_floor":[80,80,80,80,80,80,80,80,80,80,80,80,80],"card_choices":[{"not_picked":["True Grit","Feel No Pain"],"picked":"Shrug It Off","floor":1},{"not_picked":["Power Through","Twin Strike"],"picked":"Armaments","floor":3},{"not_picked":["Twin Strike","True Grit"],"picked":"Shockwave","floor":4},{"not_picked":["Clash","Entrench"],"picked":"Dual Wield","floor":7},{"not_picked":["Body Slam","Fire Breathing"],"picked":"Second Wind","floor":10},{"not_picked":["Body Slam","Armaments"],"picked":"Sword Boomerang","floor":12}],"player_experience":26258,"relics_obtained":[{"floor":9,"key":"Oddly Smooth Stone"}],"event_choices":[{"event_name":"Accursed Blacksmith","player_choice":"Forge","floor":2,"damage_taken":0}],"is_beta":false,"boss_relics":[],"items_purged_floors":[],"is_endless":false,"potions_floor_spawned":[3,4,12],"killed_by":"3 Sentries","ascension_level":0}