{"gold_per_floor":[110,60,74,74,84,113,113,145,226,241,241,252,252,285,285,361,361,361,361,361,45,45,45,45,45,45,45,45,45,45,45,45,45],"floor_reached":33,"playtime":2389,"items_purged":["Strike_R"],"score":556,"play_id":"2b4f3ea0-421a-4ce8-bbf2-85839a0c7c5e","local_time":"20190406085946","is_ascension_mode":true,"campfire_choices":[{"floor":7.0,"key":"REST"},{"floor":11.0,"key":"REST"},{"data":"Immolate","floor":15.0,"key":"SMITH"},{"floor":24,"key":"REST"},{"data":"Disarm","floor":30,"key":"SMITH"},{"floor":32,"key":"REST"}],"neow_cost":"CURSE","seed_source_timestamp":0,"circlet_count":0,"master_deck":["AscendersBane","Strike_R","Strike_R","Strike_R","Strike_R","Defend_R","Defend_R","Defend_R","Defend_R","Bash","Thunderclap","Disarm+1","Bash","Headbutt","Uppercut","Metallicize","Carnage","Shrug It Off","Pummel","Parasite","Immolate+1","Brutality","Flame Barrier","Corruption","Thinking Ahead","Disarm","Spot Weakness","Second Wind","Infernal Blade+1"],"special_seed":0,"relics":["Burning Blood","Champion Belt","Du-Vu Doll","Oddly Smooth Stone","Question Card","Vajra","Ectoplasm","Regal Pillow","Matryoshka","Blood Vial","Orichalcum","Ancient Tea Set","Anchor"],"potions_floor_usage":[],"damage_taken":[{"damage":9.0,"enemies":"2 Louse","floor":1.0,"turns":3.0},{"damage":13.0,"enemies":"Small Slimes","floor":3.0,"turns":5.0},{"damage":9.0,"enemies":"Cultist","floor":5.0,"turns":4.0},{"damage":38.0,"enemies":"Gremlin Nob","floor":6.0,"turns":5.0},{"damage":31.0,"enemies":"Lagavulin","floor":8.0,"turns":6.0},{"damage":9.0,"enemies":"Blue Slaver","floor":10.0,"turns":3.0},{"damage":3.0,"enemies":"2 Fungi Beasts","floor":12.0,"turns":3.0},{"damage":12.0,"enemies":"Gremlin Nob","floor":14.0,"turns":3.0},{"damage":26.0,"enemies":"Slime Boss","floor":16.0,"turns":8.0},{"damage":6.0,"enemies":"Spheric Guardian","floor":18.0,"turns":3.0},{"damage":0.0,"enemies":"Shell Parasite","floor":19.0,"turns":4.0},{"damage":13,"enemies":"Snecko","floor":22,"turns":5},{"damage":45,"enemies":"Slavers","floor":23,"turns":4},{"damage":27,"enemies":"Book of Stabbing","floor":25,"turns":6},{"damage":7,"enemies":"Snake Plant","floor":27,"turns":3},{"damage":3,"enemies":"Centurion and Healer","floor":28,"turns":4},{"damage":17,"enemies":"3 Cultists","floor":29,"turns":5},{"damage":38,"enemies":"Gremlin Leader","floor":31,"turns":6},{"damage":53,"enemies":"Collector","floor":33,"turns":6}],"seed_played":"8313456230460241277","potions_obtained":[{"floor":6.0,"key":"PowerPotion"},{"floor":8.0,"key":"SkillPotion"},{"floor":12.0,"key":"AttackPotion"},{"floor":19.0,"key":"Ancient Potion"},{"floor":27,"key":"Strength Potion"}],"is_trial":false,"path_per_floor":["M","?","M","?","M","E","R","E","T","M","R","M","?","E","R","B",null,"M","M","?","$","M","E","R","E","T","M","M","M","R","E","R","B"],"character_chosen":"IRONCLAD","items_purchased":["FearPotion","Thinking Ahead"],"campfire_rested":4,"item_purchase_floors":[21,21],"current_hp_per_floor":[65,65,58,58,55,23,45,20,20,17,39,42,60,54,54,34,65,65,71,71,71,64,25,62,41,41,42,47,38,38,8,45,0],"gold":45,"neow_bonus":"ONE_RARE_RELIC","is_prod":false,"is_daily":false,"chose_seed":false,"campfire_upgraded":2,"win_rate":0,"timestamp":1554555586,"path_taken":["M","?","M","?","M","E","R","E","T","?","R","M","?","E","R","BOSS","M","M","?","$","M","E","R","E","T","M","M","M","R","E","R","BOSS"],"build_version":"2019-01-23","purchased_purges":1,"victory":false,"max_hp_per_floor":[75,75,75,75,75,75,75,75,75,75,75,75,75,75,75,75,75,75,75,75,75,75,75,75,75,75,75,75,75,75,75,75,75],"card_choices":[{"not_picked":["Perfected Strike","Iron Wave"],"picked":"Thunderclap","floor":1.0},{"not_picked":["Blood for Blood","Seeing Red"],"picked":"Disarm","floor":3.0},{"not_picked":["Clothesline","Bloodletting"],"picked":"Uppercut","floor":5.0},{"not_picked":["Body Slam","Bloodletting"],"picked":"Metallicize","floor":6.0},{"not_picked":["Flame Barrier","Thunderclap"],"picked":"Carnage","floor":8.0},{"not_picked":["Body Slam","Fire Breathing","Headbutt"],"picked":"Shrug It Off","floor":10.0},{"not_picked":["Sword Boomerang","Cleave","Sentinel"],"picked":"Pummel","floor":12.0},{"not_picked":["Iron Wave","Perfected Strike","Anger"],"picked":"Immolate","floor":14.0},{"not_picked":["Impervious","Exhume","Barricade"],"picked":"Brutality","floor":16.0},{"not_picked":["Carnage","Cleave+1","Clash"],"picked":"Flame Barrier","floor":18.0},{"not_picked":["Rampage","Clothesline","Pommel Strike"],"picked":"Corruption","floor":19.0},{"not_picked":["Anger","Clash+1","Havoc"],"picked":"Disarm","floor":22},{"not_picked":["Anger","Clash","Wild Strike","True Grit"],"picked":"SKIP","floor":23},{"not_picked":["Whirlwind","Armaments","Metallicize"],"picked":"Spot Weakness","floor":25},{"not_picked":["Searing Blow","Double Tap","Heavy Blade","Clothesline"],"picked":"SKIP","floor":27},{"not_picked":["Anger","Combust","Shrug It Off"],"picked":"Second Wind","floor":28},{"not_picked":["Anger","True Grit","Havoc"],"picked":"Infernal Blade+1","floor":29},{"not_picked":["Brutality","Clash","Iron Wave","True Grit"],"picked":"SKIP","floor":31}],"player_experience":2089464,"relics_obtained":[{"floor":6.0,"key":"Du-Vu Doll"},{"floor":8.0,"key":"Oddly Smooth Stone"},{"floor":9.0,"key":"Question Card"},{"floor":14.0,"key":"Vajra"},{"floor":23,"key":"Matryoshka"},{"floor":25,"key":"Blood Vial"},{"floor":26,"key":"Orichalcum"},{"floor":26,"key":"Ancient Tea Set"},{"floor":31,"key":"Anchor"}],"event_choices":[{"cards_removed":["Pain"],"damage_healed":0.0,"max_hp_gain":0.0,"max_hp_loss":0.0,"gold_gain":0.0,"event_name":"The Cleric","player_choice":"Card Removal","floor":2.0,"gold_loss":50.0,"damage_taken":0.0},{"damage_healed":0.0,"max_hp_gain":0.0,"max_hp_loss":0.0,"gold_gain":0.0,"event_name":"Match and Keep!","player_choice":"2 cards matched","floor":4.0,"gold_loss":0.0,"damage_taken":0.0,"cards_obtained":["Bash","Headbutt"]},{"damage_healed":18.0,"max_hp_gain":0.0,"max_hp_loss":0.0,"gold_gain":0.0,"event_name":"Mushrooms","player_choice":"Healed and dodged fight","floor":13.0,"gold_loss":0.0,"damage_taken":0.0,"cards_obtained":["Parasite"]},{"damage_healed":0.0,"max_hp_gain":0.0,"max_hp_loss":0.0,"gold_gain":0.0,"event_name":"WeMeetAgain","player_choice":"Gave Potion","floor":20.0,"gold_loss":0.0,"damage_taken":0.0,"relics_obtained":["Regal Pillow"]}],"is_beta":false,"boss_relics":[{"not_picked":["Lizard Tail","Tiny House"],"picked":"Ectoplasm"}],"items_purged_floors":[21],"is_endless":false,"potions_floor_spawned":[6,8,12,14,19,23,27,29],"killed_by":"Collector","ascension_level":14}