{"gold_per_floor":[109,109,130,130,130,130,55,80,133,146,146],"floor_reached":11,"playtime":569,"items_purged":["Regret"],"score":72,"play_id":"092cb96a-ec82-4f52-8e73-30ae303ca828","local_time":"20190504143042","is_ascension_mode":true,"campfire_choices":[{"floor":6,"key":"RECALL"}],"neow_cost":"CURSE","seed_source_timestamp":1003166772645900,"circlet_count":0,"master_deck":["Strike_R","Strike_R","Strike_R","Strike_R","Strike_R","Defend_R","Defend_R","Defend_R","Defend_R","Bash","Pommel Strike","Flex"],"relics":["Burning Blood","Bird Faced Urn","Golden Idol","Molten Egg 2","Lantern"],"potions_floor_usage":[11,11],"damage_taken":[{"damage":10,"enemies":"Jaw Worm","floor":1,"turns":5},{"damage":3,"enemies":"2 Louse","floor":3,"turns":2},{"damage":1,"enemies":"Cultist","floor":8,"turns":3},{"damage":17,"enemies":"3 Louse","floor":10,"turns":5},{"damage":28,"enemies":"The Mushroom Lair","floor":11,"turns":3}],"seed_played":"4238672276469551742","potions_obtained":[{"floor":3,"key":"Weak Potion"},{"floor":10,"key":"LiquidBronze"}],"is_trial":false,"path_per_floor":["M","?","M","?","?","R","$","M","T","M","?"],"character_chosen":"IRONCLAD","items_purchased":[],"campfire_rested":0,"item_purchase_floors":[],"current_hp_per_floor":[76,56,59,41,33,33,33,38,38,27,0],"gold":146,"neow_bonus":"ONE_RARE_RELIC","is_prod":false,"is_daily":false,"chose_seed":false,"campfire_upgraded":0,"win_rate":0,"timestamp":1556994642,"path_taken":["M","?","M","?","?","R","$","M","T","?","?"],"build_version":"2019-01-23","purchased_purges":1,"victory":false,"max_hp_per_floor":[80,80,80,80,80,80,80,80,80,80,80],"card_choices":[{"not_picked":["Power Through","Clothesline"],"picked":"Pommel Strike","floor":1},{"not_picked":["Perfected Strike","Havoc","Intimidate"],"picked":"SKIP","floor":3},{"not_picked":["Pummel+1","Thunderclap+1"],"picked":"Flex","floor":8},{"not_picked":["Warcry","Havoc","Body Slam+1"],"picked":"SKIP","floor":10}],"player_experience":240620,"relics_obtained":[{"floor":9,"key":"Lantern"}],"event_choices":[{"damage_healed":0,"gold_gain":0,"player_choice":"Take Damage","damage_taken":20,"relics_obtained":["Golden Idol"],"max_hp_gain":0,"max_hp_loss":0,"event_name":"Golden Idol","floor":2,"gold_loss":0},{"damage_healed":0,"gold_gain":0,"player_choice":"Success","damage_taken":18,"relics_obtained":["Molten Egg 2"],"max_hp_gain":0,"max_hp_loss":0,"event_name":"Scrap Ooze","floor":4,"gold_loss":0},{"damage_healed":0,"gold_gain":0,"player_choice":"Damaged","damage_taken":8,"max_hp_gain":0,"max_hp_loss":0,"event_name":"Wheel of Change","floor":5,"gold_loss":0},{"damage_healed":0,"gold_gain":0,"player_choice":"Fought Mushrooms","damage_taken":0,"max_hp_gain":0,"max_hp_loss":0,"event_name":"Mushrooms","floor":11,"gold_loss":0}],"is_beta":false,"boss_relics":[],"items_purged_floors":[7],"is_endless":false,"potions_floor_spawned":[3,10],"killed_by":"The Mushroom Lair","ascension_level":3}