{"gold_per_floor":[116,116,132,152,170,170,170,203,203,203],"floor_reached":10,"playtime":672,"items_purged":[],"score":75,"play_id":"b5ab6f69-372c-4c8c-b549-caa260df6909","local_time":"20190417211645","is_ascension_mode":true,"campfire_choices":[{"data":"True Grit","floor":6,"key":"SMITH"}],"neow_cost":"NONE","seed_source_timestamp":2662924021324400,"circlet_count":0,"master_deck":["Strike_R","Strike_R","Strike_R","Strike_R","Defend_R","Defend_R","Defend_R","Defend_R","Bash","True Grit+1","Seeing Red","Armaments","Thunderclap"],"special_seed":0,"relics":["Burning Blood","NeowsBlessing","GremlinMask","Shuriken"],"potions_floor_usage":[10],"damage_taken":[{"damage":0.0,"enemies":"2 Louse","floor":1.0,"turns":1.0},{"damage":0.0,"enemies":"Cultist","floor":3.0,"turns":1.0},{"damage":0.0,"enemies":"Small Slimes","floor":4.0,"turns":1.0},{"damage":5.0,"enemies":"Red Slaver","floor":5.0,"turns":6.0},{"damage":57,"enemies":"Lagavulin","floor":8,"turns":11},{"damage":39,"enemies":"Gremlin Nob","floor":10,"turns":5}],"seed_played":"-9154226271134192649","potions_obtained":[{"floor":3.0,"key":"Block Potion"},{"floor":8,"key":"GamblersBrew"}],"is_trial":false,"path_per_floor":["M","?","M","M","M","R","?","E","T","E"],"character_chosen":"IRONCLAD","items_purchased":[],"campfire_rested":0,"item_purchase_floors":[],"current_hp_per_floor":[80,80,80,80,80,80,80,29,29,0],"gold":203,"neow_bonus":"THREE_ENEMY_KILL","is_prod":false,"is_daily":false,"chose_seed":false,"campfire_upgraded":1,"win_rate":0,"timestamp":1555550205,"path_taken":["M","?","?","M","M","R","?","E","T","E"],"build_version":"2019-01-23","purchased_purges":0,"victory":false,"max_hp_per_floor":[80,80,80,80,80,80,80,80,80,80],"card_choices":[{"not_picked":["Twin Strike","Corruption"],"picked":"True Grit","floor":1.0},{"not_picked":["Iron Wave","Reckless Charge","Second Wind"],"picked":"SKIP","floor":3.0},{"not_picked":["Iron Wave","Seeing Red"],"picked":"Armaments","floor":4.0},{"not_picked":["Perfected Strike","Body Slam","Wild Strike"],"picked":"SKIP","floor":5},{"not_picked":["Perfected Strike","Body Slam","Wild Strike"],"picked":"SKIP","floor":5},{"not_picked":["Sever Soul","Wild Strike"],"picked":"Thunderclap","floor":8}],"player_experience":200341,"relics_obtained":[{"floor":8,"key":"Shuriken"}],"event_choices":[{"damage_healed":0.0,"max_hp_gain":0.0,"max_hp_loss":0.0,"gold_gain":0.0,"cards_transformed":["Strike_R"],"event_name":"Transmorgrifier","player_choice":"Transformed","floor":2.0,"gold_loss":0.0,"damage_taken":0.0,"cards_obtained":["Seeing Red"]},{"damage_healed":0,"gold_gain":0,"player_choice":"Trade","damage_taken":0,"relics_obtained":["GremlinMask"],"max_hp_gain":0,"max_hp_loss":0,"event_name":"FaceTrader","floor":7,"gold_loss":0}],"is_beta":false,"boss_relics":[],"items_purged_floors":[],"is_endless":false,"potions_floor_spawned":[3,8],"killed_by":"Gremlin Nob","ascension_level":2}