{"gold_per_floor":[115,131,131,144,144,144,177,196,221,7,7,32,32,52,52,126,126,143,153,185,195,214,214,226,226,226,226,226,244,244,309,309,386,386,400,450,461,611,344,344,374,388,466,466,478,8,58,76,76,76,76],"floor_reached":51,"playtime":2543,"items_purged":["Strike_B","Defend_B","Defend_B"],"score":1328,"play_id":"99cc496a-882e-467b-b83c-7b89739605cb","local_time":"20190529214550","is_ascension_mode":true,"campfire_choices":[{"data":"Zap","floor":6.0,"key":"SMITH"},{"data":"Rip and Tear","floor":11.0,"key":"SMITH"},{"data":"Dualcast","floor":13.0,"key":"SMITH"},{"data":"Conserve Battery","floor":15.0,"key":"SMITH"},{"data":"Chill","floor":23.0,"key":"SMITH"},{"floor":25.0,"key":"REST"},{"data":"Barrage","floor":30.0,"key":"SMITH"},{"data":"Hologram","floor":32.0,"key":"SMITH"},{"data":"Fission","floor":40.0,"key":"SMITH"},{"data":"Auto Shields","floor":44.0,"key":"SMITH"},{"data":"Cold Snap","floor":49,"key":"SMITH"}],"neow_cost":"PERCENT_DAMAGE","seed_source_timestamp":170748517035300,"circlet_count":0,"master_deck":["AscendersBane","Defend_B","Zap+1","Dualcast+1","Cold Snap+1","Rip and Tear+1","Buffer+1","Conserve Battery+1","Auto Shields+1","Cold Snap","Biased Cognition+1","Barrage+1","Cold Snap","Chill+1","Go for the Eyes+1","Hologram+1","Fission+1","Storm+1","Buffer+1","Static Discharge+1","Loop+1"],"special_seed":0,"relics":["Cracked Core","Frozen Egg 2","Smiling Mask","Blood Vial","Vajra","Pantograph","Inserter","Red Mask","Mercury Hourglass","SsserpentHead","Busted Crown","Prayer Wheel","DollysMirror","Ancient Tea Set","Molten Egg 2","Membership Card","Mango"],"potions_floor_usage":[50],"damage_taken":[{"damage":1.0,"enemies":"Cultist","floor":1.0,"turns":3.0},{"damage":2.0,"enemies":"Jaw Worm","floor":2.0,"turns":4.0},{"damage":0.0,"enemies":"Small Slimes","floor":4.0,"turns":4.0},{"damage":10.0,"enemies":"Lagavulin","floor":7.0,"turns":5.0},{"damage":3.0,"enemies":"3 Louse","floor":8.0,"turns":3.0},{"damage":0.0,"enemies":"Gremlin Nob","floor":12.0,"turns":4.0},{"damage":2.0,"enemies":"Red Slaver","floor":14.0,"turns":3.0},{"damage":8.0,"enemies":"Slime Boss","floor":16.0,"turns":13.0},{"damage":1.0,"enemies":"Chosen","floor":18.0,"turns":5.0},{"damage":8.0,"enemies":"Spheric Guardian","floor":19.0,"turns":4.0},{"damage":31.0,"enemies":"Masked Bandits","floor":20.0,"turns":6.0},{"damage":14.0,"enemies":"Shelled Parasite and Fungi","floor":21.0,"turns":5.0},{"damage":0.0,"enemies":"Snake Plant","floor":22.0,"turns":6.0},{"damage":4.0,"enemies":"Centurion and Healer","floor":24.0,"turns":7.0},{"damage":0.0,"enemies":"3 Cultists","floor":29.0,"turns":5.0},{"damage":0.0,"enemies":"Snake Plant","floor":31.0,"turns":4.0},{"damage":11.0,"enemies":"Collector","floor":33.0,"turns":14.0},{"damage":4.0,"enemies":"3 Darklings","floor":35.0,"turns":6.0},{"damage":0.0,"enemies":"Orb Walker","floor":37.0,"turns":4.0},{"damage":0.0,"enemies":"Mind Bloom Boss Battle","floor":38.0,"turns":8.0},{"damage":1.0,"enemies":"Reptomancer","floor":41.0,"turns":6.0},{"damage":0.0,"enemies":"Writhing Mass","floor":42.0,"turns":7.0},{"damage":0.0,"enemies":"Spire Growth","floor":45.0,"turns":4.0},{"damage":8,"enemies":"3 Darklings","floor":48,"turns":4},{"damage":75,"enemies":"Donu and Deca","floor":50,"turns":9},{"damage":49,"enemies":"Time Eater","floor":51,"turns":12}],"seed_played":"8337166029805122924","potions_obtained":[{"floor":4.0,"key":"Energy Potion"},{"floor":7.0,"key":"SteroidPotion"},{"floor":8.0,"key":"FocusPotion"},{"floor":14.0,"key":"Strength Potion"},{"floor":16.0,"key":"Dexterity Potion"},{"floor":21.0,"key":"Ancient Potion"},{"floor":29.0,"key":"SneckoOil"},{"floor":31.0,"key":"FairyPotion"},{"floor":33.0,"key":"Explosive Potion"},{"floor":45.0,"key":"Explosive Potion"}],"is_trial":false,"path_per_floor":["M","M","T","M","?","R","E","M","T","$","R","E","R","M","R","B",null,"M","M","?","M","M","R","M","R","T","?","?","M","R","M","R","B",null,"M","?","M","?","$","R","E","M","T","R","M","$","?","M","R","B","B"],"character_chosen":"DEFECT","items_purchased":["Vajra","DollysMirror","Loop+1","Membership Card","Mango"],"campfire_rested":1,"item_purchase_floors":[10,39,46,46,46],"current_hp_per_floor":[45,43,43,43,43,43,33,30,30,30,30,32,32,32,32,51,66,67,61,32,20,22,22,20,41,41,41,41,43,43,45,45,60,68,66,66,68,71,71,71,70,71,71,71,71,85,81,73,73,6,0],"gold":76,"neow_bonus":"REMOVE_TWO","is_prod":false,"is_daily":false,"chose_seed":false,"campfire_upgraded":10,"win_rate":0,"timestamp":1559180750,"path_taken":["M","?","?","?","?","R","E","M","T","$","R","E","R","M","R","BOSS","M","M","?","M","M","R","M","R","T","?","?","M","R","?","R","BOSS","M","?","M","?","$","R","E","M","T","R","M","$","?","M","R","BOSS","BOSS"],"build_version":"2019-05-28","purchased_purges":3,"victory":false,"max_hp_per_floor":[71,71,71,71,71,71,71,71,71,71,71,71,71,71,71,71,71,71,71,71,71,71,71,71,71,71,71,71,71,71,71,71,71,71,71,71,71,71,71,71,71,71,71,71,71,85,81,81,81,81,81],"card_choices":[{"not_picked":["Turbo","Leap"],"picked":"Cold Snap","floor":1.0},{"not_picked":["Stack","Redo"],"picked":"Steam","floor":2.0},{"not_picked":["Go for the Eyes","Barrage"],"picked":"Rip and Tear","floor":4.0},{"not_picked":["Compile Driver","Undo"],"picked":"Buffer+1","floor":7.0},{"not_picked":["Streamline","Turbo"],"picked":"Conserve Battery","floor":8.0},{"not_picked":["Leap","Sunder"],"picked":"Auto Shields","floor":12.0},{"not_picked":["Conserve Battery","Ball Lightning"],"picked":"Cold Snap","floor":14.0},{"not_picked":["Core Surge","Meteor Strike"],"picked":"Biased Cognition+1","floor":16.0},{"not_picked":["Redo","Gash"],"picked":"Barrage","floor":18.0},{"not_picked":["Beam Cell","Capacitor+1","Redo"],"picked":"SKIP","floor":19.0},{"not_picked":["Rip and Tear","Conserve Battery"],"picked":"Cold Snap","floor":20.0},{"not_picked":["Compile Driver","Leap"],"picked":"Chill","floor":21.0},{"not_picked":["Cold Snap","Ball Lightning"],"picked":"Go for the Eyes+1","floor":22.0},{"not_picked":["Barrage","Streamline","Chaos"],"picked":"SKIP","floor":24.0},{"not_picked":["Compile Driver","All For One","Steam"],"picked":"SKIP","floor":29.0},{"not_picked":["Gash+1","Tempest"],"picked":"Hologram","floor":31.0},{"not_picked":["Meteor Strike","All For One"],"picked":"Fission","floor":33.0},{"not_picked":["Ball Lightning"],"picked":"SKIP","floor":35.0},{"not_picked":["Chaos"],"picked":"SKIP","floor":37.0},{"not_picked":[],"picked":"Storm+1","floor":38.0},{"not_picked":["Beam Cell"],"picked":"SKIP","floor":41.0},{"not_picked":["Melter+1"],"picked":"SKIP","floor":42.0},{"not_picked":["Steam"],"picked":"SKIP","floor":42.0},{"not_picked":[],"picked":"Static Discharge+1","floor":45.0},{"not_picked":["Turbo"],"picked":"SKIP","floor":45.0},{"not_picked":["Sweeping Beam+1"],"picked":"SKIP","floor":48},{"not_picked":["Turbo"],"picked":"SKIP","floor":48}],"player_experience":727973,"relics_obtained":[{"floor":3.0,"key":"Frozen Egg 2"},{"floor":7.0,"key":"Smiling Mask"},{"floor":9.0,"key":"Blood Vial"},{"floor":12.0,"key":"Pantograph"},{"floor":20.0,"key":"Red Mask"},{"floor":26.0,"key":"Mercury Hourglass"},{"floor":38.0,"key":"Prayer Wheel"},{"floor":41.0,"key":"Ancient Tea Set"},{"floor":43.0,"key":"Molten Egg 2"}],"event_choices":[{"cards_removed":["Strike_B"],"damage_healed":0.0,"max_hp_gain":0.0,"max_hp_loss":0.0,"gold_gain":0.0,"event_name":"Living Wall","player_choice":"Forget","floor":5.0,"gold_loss":0.0,"damage_taken":0.0},{"damage_healed":0.0,"max_hp_gain":0.0,"max_hp_loss":0.0,"gold_gain":0.0,"event_name":"Masked Bandits","player_choice":"Fought Bandits","floor":20.0,"gold_loss":0.0,"damage_taken":0.0},{"cards_removed":["Strike_B"],"damage_healed":0.0,"max_hp_gain":0.0,"max_hp_loss":0.0,"gold_gain":0.0,"event_name":"Back to Basics","player_choice":"Elegance","floor":27.0,"gold_loss":0.0,"damage_taken":0.0},{"damage_healed":0.0,"max_hp_gain":0.0,"max_hp_loss":0.0,"gold_gain":0.0,"event_name":"FaceTrader","player_choice":"Trade","floor":28.0,"gold_loss":0.0,"damage_taken":0.0,"relics_obtained":["SsserpentHead"]},{"cards_removed":["Steam"],"damage_healed":0.0,"max_hp_gain":0.0,"max_hp_loss":0.0,"gold_gain":0.0,"event_name":"Falling","player_choice":"Removed Skill","floor":36.0,"gold_loss":0.0,"damage_taken":0.0},{"damage_healed":0.0,"max_hp_gain":0.0,"max_hp_loss":0.0,"gold_gain":0.0,"event_name":"MindBloom","player_choice":"Fight","floor":38.0,"gold_loss":0.0,"damage_taken":0.0},{"damage_healed":0.0,"max_hp_gain":0.0,"max_hp_loss":4.0,"gold_gain":0.0,"event_name":"Winding Halls","player_choice":"Max HP","floor":47.0,"gold_loss":0.0,"damage_taken":0.0}],"is_beta":true,"boss_relics":[{"not_picked":["Sozu","Runic Pyramid"],"picked":"Inserter"},{"not_picked":["Pandora\u0027s Box","Calling Bell"],"picked":"Busted Crown"}],"items_purged_floors":[10,39,46],"is_endless":false,"potions_floor_spawned":[4,7,8,14,16,19,21,29,31,33,37,45],"killed_by":"Time Eater","ascension_level":20}