{"gold_per_floor":[110,80,99,99,99,115,115,126,126,126,140,155,169,169,169,265,265,285,300,300,300,300,300,316,316],"floor_reached":25,"playtime":963,"items_purged":[],"score":273,"play_id":"631921a5-6337-470b-b014-233cdb543c6d","local_time":"20190601123243","is_ascension_mode":true,"campfire_choices":[{"data":"Neutralize","floor":7,"key":"SMITH"},{"data":"Setup","floor":15,"key":"SMITH"},{"data":"Envenom","floor":23,"key":"SMITH"}],"neow_cost":"NONE","seed_source_timestamp":256768744073345,"circlet_count":0,"master_deck":["Defend_G","Defend_G","Defend_G","Defend_G","Defend_G","Strike_G","Strike_G","Strike_G","Survivor","Neutralize+1","Dagger Throw","Dagger Spray","Backstab","Setup+1","Infinite Blades","Blade Dance","Prepared","Bullet Time","Underhanded Strike+1","Backflip+1","Envenom+1","Catalyst","PiercingWail"],"relics":["Ring of the Snake","Turnip","Sozu"],"potions_floor_usage":[8,16,16,16],"damage_taken":[{"damage":0,"enemies":"Cultist","floor":1,"turns":5},{"damage":0,"enemies":"Jaw Worm","floor":3,"turns":4},{"damage":4,"enemies":"2 Louse","floor":6,"turns":3},{"damage":1,"enemies":"Gremlin Gang","floor":8,"turns":3},{"damage":0,"enemies":"2 Fungi Beasts","floor":11,"turns":3},{"damage":3,"enemies":"Looter","floor":12,"turns":3},{"damage":7,"enemies":"3 Louse","floor":13,"turns":6},{"damage":51,"enemies":"Hexaghost","floor":16,"turns":11},{"damage":14,"enemies":"Shell Parasite","floor":18,"turns":7},{"damage":19,"enemies":"Chosen","floor":19,"turns":6},{"damage":27,"enemies":"Snake Plant","floor":24,"turns":4},{"damage":24,"enemies":"3 Cultists","floor":25,"turns":5}],"seed_played":"-5289115761556041604","potions_obtained":[{"floor":1,"key":"Fire Potion"},{"floor":2,"key":"Strength Potion"},{"floor":2,"key":"AttackPotion"},{"floor":6,"key":"Dexterity Potion"},{"floor":8,"key":"GamblersBrew"}],"is_trial":false,"path_per_floor":["M","?","M","$","?","M","R","M","T","?","M","M","M","$","R","B",null,"M","M","?","?","?","R","M","M"],"character_chosen":"THE_SILENT","items_purchased":[],"campfire_rested":0,"item_purchase_floors":[],"current_hp_per_floor":[63,63,63,63,68,64,64,63,63,63,63,60,53,53,53,2,57,43,24,49,49,49,49,22,0],"gold":316,"neow_bonus":"THREE_CARDS","is_prod":false,"is_daily":false,"chose_seed":false,"campfire_upgraded":3,"win_rate":0,"timestamp":1559363563,"path_taken":["M","?","?","$","?","M","R","M","T","?","?","?","M","$","R","BOSS","M","M","?","?","?","R","M","M"],"build_version":"2019-01-23","purchased_purges":0,"victory":false,"max_hp_per_floor":[70,70,70,70,75,75,75,75,75,75,75,75,75,75,75,75,75,75,75,75,75,75,75,75,75],"card_choices":[{"not_picked":["Flechettes","Acrobatics"],"picked":"Dagger Throw","floor":0},{"not_picked":["Reflex","Sucker Punch"],"picked":"Dagger Spray","floor":1},{"not_picked":["Acrobatics","Deflect","Calculated Gamble"],"picked":"SKIP","floor":3},{"not_picked":["Slice","Sucker Punch"],"picked":"Backstab","floor":6},{"not_picked":["Leg Sweep","Predator"],"picked":"Setup","floor":8},{"not_picked":["Deadly Poison","Masterful Stab"],"picked":"Infinite Blades","floor":11},{"not_picked":["Crippling Poison","Concentrate"],"picked":"Blade Dance","floor":12},{"not_picked":["Dagger Throw","Eviscerate"],"picked":"Prepared","floor":13},{"not_picked":["Unload","Venomology"],"picked":"Bullet Time","floor":16},{"not_picked":["Predator+1","Blade Dance"],"picked":"Underhanded Strike+1","floor":18},{"not_picked":["Eviscerate+1","Dodge and Roll"],"picked":"Backflip+1","floor":19},{"not_picked":["Calculated Gamble","Flying Knee"],"picked":"PiercingWail","floor":24}],"player_experience":937892,"relics_obtained":[{"floor":9,"key":"Turnip"}],"event_choices":[{"damage_healed":0,"gold_gain":0,"player_choice":"Bought 2 Potions","damage_taken":0,"max_hp_gain":0,"max_hp_loss":0,"event_name":"The Woman in Blue","floor":2,"gold_loss":0},{"damage_healed":0,"gold_gain":0,"player_choice":"Donut","damage_taken":0,"max_hp_gain":5,"max_hp_loss":0,"event_name":"Big Fish","floor":5,"gold_loss":0},{"damage_healed":0,"gold_gain":0,"player_choice":"0 cards matched","damage_taken":0,"max_hp_gain":0,"max_hp_loss":0,"event_name":"Match and Keep!","floor":10,"gold_loss":0,"cards_obtained":[]},{"damage_healed":25,"gold_gain":0,"player_choice":"Heal","damage_taken":0,"max_hp_gain":0,"max_hp_loss":0,"event_name":"The Library","floor":20,"gold_loss":0},{"damage_healed":0,"gold_gain":0,"player_choice":"Ignored","damage_taken":0,"max_hp_gain":0,"max_hp_loss":0,"event_name":"Vampires","floor":21,"gold_loss":0},{"damage_healed":0,"gold_gain":0,"cards_transformed":["Strike_G","Strike_G"],"player_choice":"Became Test Subject","damage_taken":0,"max_hp_gain":0,"max_hp_loss":0,"event_name":"Drug Dealer","floor":22,"gold_loss":0,"cards_obtained":["Envenom","Catalyst"]}],"is_beta":false,"boss_relics":[{"not_picked":["Astrolabe","Runic Dome"],"picked":"Sozu"}],"items_purged_floors":[],"is_endless":false,"potions_floor_spawned":[1,6,8,13,19],"killed_by":"3 Cultists","ascension_level":8}