{"path_per_floor":["M","$","?","M","M","R","M","R","T","R","$","M","M","M","R","B",null,"M","$","M","?","$","R","M","M","T","M","?","?","R","T","R"],"character_chosen":"DEFECT","items_purchased":["Capacitor","Buffer","Bottled Lightning"],"gold_per_floor":[115,16,16,32,48,48,67,67,90,90,52,75,94,119,119,244,244,263,2,21,21,21,21,41,61,61,78,78,3,3,54,54,54],"floor_reached":33,"campfire_rested":3,"playtime":1592,"current_hp_per_floor":[66,66,66,51,46,46,46,68,68,68,68,61,51,49,72,23,79,68,68,60,60,60,60,24,41,41,41,41,41,67,72,72,0],"items_purged":["Strike_B"],"gold":54,"score":239,"play_id":"20fe3f77-f228-42b1-a3a9-b9641370f5ee","local_time":"20180430194357","is_prod":false,"is_daily":false,"chose_seed":false,"is_ascension_mode":false,"campfire_upgraded":4,"timestamp":1525131837,"path_taken":["M","?","?","M","M","R","M","R","T","R","?","?","M","M","R","BOSS","M","$","?","?","?","R","M","M","T","M","?","?","R","?","R","BOSS"],"build_version":"2018-04-27v3","seed_source_timestamp":6599159160583,"purchased_purges":1,"victory":false,"master_deck":["Strike_B","Strike_B","Strike_B","Defend_B","Defend_B","Defend_B","Defend_B","Zap+1","Dualcast","Capacitor","Reinforced Body+1","Capacitor","Genetic Algorithm+1","Sunder+1","Buffer+1","Machine Learning","Creative AI+1","Self Repair+1"],"max_hp_per_floor":[75,75,75,75,75,75,75,75,75,75,75,77,79,79,79,79,79,81,81,81,81,81,81,83,85,85,87,87,87,87,87,87,87],"relics":["Cracked Core","Bloody Idol","Singing Bowl","Snecko Eye","Bottled Lightning","War Paint","Ancient Tea Set"],"card_choices":[{"not_picked":["Hologram","Sweeping Beam"],"picked":"Capacitor","floor":0},{"not_picked":["Streamline","Rebound"],"picked":"Reinforced Body","floor":1},{"not_picked":["FTL","Skim"],"picked":"Genetic Algorithm","floor":4},{"not_picked":["Capacitor","Hello World"],"picked":"Sunder","floor":5},{"not_picked":["Skim","Turbo"],"picked":"Machine Learning","floor":14},{"not_picked":["Redo","Thunder Strike"],"picked":"Creative AI","floor":16},{"not_picked":["Capacitor","Darkness"],"picked":"Self Repair","floor":20}],"player_experience":221572,"potions_floor_usage":[7,18,24,33,33],"damage_taken":[{"damage":9,"enemies":"Cultist","floor":1,"turns":4},{"damage":15,"enemies":"Small Slimes","floor":4,"turns":5},{"damage":5,"enemies":"Jaw Worm","floor":5,"turns":5},{"damage":0,"enemies":"Large Slime","floor":7,"turns":4},{"damage":9,"enemies":"Exordium Wildlife","floor":12,"turns":5},{"damage":12,"enemies":"Gremlin Gang","floor":13,"turns":6},{"damage":2,"enemies":"2 Fungi Beasts","floor":14,"turns":4},{"damage":49,"enemies":"Slime Boss","floor":16,"turns":12},{"damage":13,"enemies":"2 Thieves","floor":18,"turns":4},{"damage":8,"enemies":"Shell Parasite","floor":20,"turns":5},{"damage":68,"enemies":"Chosen and Byrds","floor":24,"turns":8},{"damage":0,"enemies":"Snake Plant","floor":25,"turns":5},{"damage":17,"enemies":"Centurion and Healer","floor":27,"turns":6},{"damage":74,"enemies":"Champ","floor":33,"turns":14}],"event_choices":[{"event_name":"Golden Idol","player_choice":"Take Wound","floor":3,"damage_taken":0},{"event_name":"Forgotten Altar","player_choice":"Gave Idol","floor":21,"damage_taken":0},{"event_name":"Addict","player_choice":"Ignored","floor":28,"damage_taken":0},{"event_name":"Beggar","player_choice":"Gave Gold","floor":29,"damage_taken":0}],"boss_relics":[{"not_picked":["Velvet Choker","Sozu"],"picked":"Snecko Eye"}],"potions_floor_spawned":[1,5,14,16,18,20],"seed_played":"-5461412791286745526","killed_by":"Champ","ascension_level":0,"is_trial":false}