{"gold_per_floor":[115,125,125,142,161,192,192,219,219,233,233,259,271,289,289,289],"floor_reached":16,"playtime":1137,"items_purged":[],"score":211,"play_id":"16727b6d-ac6e-4331-972a-3cf77d15dabc","local_time":"20190409174953","is_ascension_mode":true,"campfire_choices":[{"data":"Crippling Poison","floor":7.0,"key":"SMITH"},{"floor":11.0,"key":"REST"},{"data":"Adrenaline","floor":15.0,"key":"SMITH"}],"neow_cost":"NONE","seed_source_timestamp":677654782320545,"circlet_count":0,"master_deck":["AscendersBane","Defend_G","Defend_G","Defend_G","Defend_G","Defend_G","Strike_G","Strike_G","Strike_G","Strike_G","Strike_G","Survivor","Neutralize+1","Crippling Poison+1","Dagger Spray","Adrenaline+1","Endless Agony","Backflip","Dash","Crippling Poison","Backstab"],"special_seed":0,"relics":["Ring of the Snake","Du-Vu Doll","Matryoshka","Juzu Bracelet","Bottled Lightning","FossilizedHelix"],"potions_floor_usage":[16],"damage_taken":[{"damage":0.0,"enemies":"Jaw Worm","floor":1.0,"turns":7.0},{"damage":0.0,"enemies":"Cultist","floor":2.0,"turns":5.0},{"damage":0.0,"enemies":"2 Louse","floor":4.0,"turns":3.0},{"damage":2.0,"enemies":"Blue Slaver","floor":5.0,"turns":4.0},{"damage":32.0,"enemies":"Gremlin Nob","floor":6.0,"turns":5.0},{"damage":14.0,"enemies":"3 Sentries","floor":8.0,"turns":5.0},{"damage":5.0,"enemies":"Exordium Thugs","floor":10.0,"turns":5.0},{"damage":18.0,"enemies":"Gremlin Nob","floor":12.0,"turns":4.0},{"damage":0.0,"enemies":"Looter","floor":13.0,"turns":3.0},{"damage":0.0,"enemies":"Large Slime","floor":14.0,"turns":4.0},{"damage":22,"enemies":"Hexaghost","floor":16,"turns":10}],"seed_played":"3849988721787970752","potions_obtained":[{"floor":1.0,"key":"Block Potion"},{"floor":2.0,"key":"Regen Potion"},{"floor":3.0,"key":"Fruit Juice"},{"floor":3.0,"key":"Fruit Juice"},{"floor":6.0,"key":"PowerPotion"},{"floor":10.0,"key":"Strength Potion"},{"floor":14.0,"key":"Explosive Potion"}],"is_trial":false,"path_per_floor":["M","M","?","M","M","E","R","E","T","M","R","E","M","M","R","B"],"character_chosen":"THE_SILENT","items_purchased":[],"campfire_rested":1,"item_purchase_floors":[],"current_hp_per_floor":[59,59,59,59,57,30,30,16,16,11,38,20,20,20,20,0],"gold":289,"neow_bonus":"UPGRADE_CARD","is_prod":false,"is_daily":false,"chose_seed":false,"campfire_upgraded":2,"win_rate":0,"timestamp":1554846593,"path_taken":["M","M","?","M","M","E","R","E","T","M","R","E","M","M","R","BOSS"],"build_version":"2019-01-23","purchased_purges":0,"victory":false,"max_hp_per_floor":[66,66,66,66,66,71,71,71,71,71,76,76,76,76,76,76],"card_choices":[{"not_picked":["Outmaneuver","Sucker Punch"],"picked":"Crippling Poison","floor":1.0},{"not_picked":["Calculated Gamble","Catalyst"],"picked":"Dagger Spray","floor":2.0},{"not_picked":["Acrobatics","Blade Dance"],"picked":"Adrenaline","floor":4.0},{"not_picked":["Acrobatics","Escape Plan"],"picked":"Endless Agony","floor":5.0},{"not_picked":["Tactician","Acrobatics","Reflex"],"picked":"SKIP","floor":6.0},{"not_picked":["Dagger Throw","Sucker Punch","Tactician"],"picked":"SKIP","floor":8.0},{"not_picked":["All Out Attack","Sucker Punch"],"picked":"Backflip","floor":10.0},{"not_picked":["Die Die Die","Terror"],"picked":"Dash","floor":12.0},{"not_picked":["Backflip","Acrobatics"],"picked":"Crippling Poison","floor":13.0},{"not_picked":["Flechettes","Backflip"],"picked":"Backstab","floor":14.0}],"player_experience":2102866,"relics_obtained":[{"floor":6.0,"key":"Du-Vu Doll"},{"floor":8.0,"key":"Matryoshka"},{"floor":9.0,"key":"Juzu Bracelet"},{"floor":9.0,"key":"Bottled Lightning"},{"floor":12.0,"key":"FossilizedHelix"}],"event_choices":[{"damage_healed":0.0,"max_hp_gain":0.0,"max_hp_loss":0.0,"gold_gain":0.0,"event_name":"Lab","player_choice":"Got Potions","floor":3.0,"gold_loss":0.0,"damage_taken":0.0}],"is_beta":false,"boss_relics":[],"items_purged_floors":[],"is_endless":false,"potions_floor_spawned":[1,2,5,6,10,14],"killed_by":"Hexaghost","ascension_level":14}