{"gold_per_floor":[368,368,382,36,4,4,35,35,91,91,102,132,44,44,44,141,141,157,177,193,193,204,204,231,231],"floor_reached":25,"playtime":1437,"items_purged":[],"score":309,"play_id":"92f5fe26-fad8-441e-add3-2e8d232e2da2","local_time":"20190601011715","is_ascension_mode":true,"campfire_choices":[{"floor":6.0,"key":"REST"},{"data":"Neutralize","floor":8.0,"key":"SMITH"},{"floor":10.0,"key":"REST"},{"floor":15.0,"key":"REST"},{"floor":23,"key":"REST"}],"neow_cost":"PERCENT_DAMAGE","seed_source_timestamp":22532878598536,"circlet_count":0,"master_deck":["Defend_G","Defend_G","Defend_G","Defend_G","Defend_G","Strike_G","Strike_G","Strike_G","Strike_G","Survivor","Neutralize+1","Flechettes","Caltrops","Dagger Spray","Backstab","Adrenaline","Bouncing Flask","Footwork","PiercingWail"],"special_seed":0,"relics":["Ring of the Snake","TwistedFunnel","Blood Vial","Pear","Tiny Chest","Gambling Chip","StoneCalendar","Black Star","MutagenicStrength","Orichalcum","Shuriken"],"potions_floor_usage":[22],"damage_taken":[{"damage":0.0,"enemies":"2 Louse","floor":1.0,"turns":3.0},{"damage":2.0,"enemies":"Jaw Worm","floor":3.0,"turns":5.0},{"damage":31.0,"enemies":"Lagavulin","floor":7.0,"turns":7.0},{"damage":1.0,"enemies":"Small Slimes","floor":11.0,"turns":4.0},{"damage":41.0,"enemies":"Gremlin Nob","floor":12.0,"turns":6.0},{"damage":21.0,"enemies":"Slime Boss","floor":16.0,"turns":9.0},{"damage":22.0,"enemies":"Spheric Guardian","floor":18.0,"turns":4.0},{"damage":0.0,"enemies":"3 Byrds","floor":19.0,"turns":3.0},{"damage":13.0,"enemies":"Snecko","floor":20.0,"turns":5.0},{"damage":8,"enemies":"Centurion and Healer","floor":22,"turns":7},{"damage":55,"enemies":"Gremlin Leader","floor":24,"turns":7},{"damage":20,"enemies":"Sentry and Sphere","floor":25,"turns":3}],"seed_played":"7228631645783264728","potions_obtained":[{"floor":1.0,"key":"EssenceOfSteel"},{"floor":3.0,"key":"Swift Potion"},{"floor":7.0,"key":"EssenceOfSteel"},{"floor":18.0,"key":"FairyPotion"},{"floor":19.0,"key":"FearPotion"},{"floor":20.0,"key":"SpeedPotion"},{"floor":24,"key":"GamblersBrew"}],"is_trial":false,"path_per_floor":["M","?","M","$","?","R","E","R","T","R","M","E","$","T","R","B",null,"M","M","M","?","M","R","E","M"],"character_chosen":"THE_SILENT","items_purchased":["TwistedFunnel","Blood Vial","Backstab","Swift Potion"],"campfire_rested":4,"item_purchase_floors":[4,4,13,13],"current_hp_per_floor":[45,38,36,36,36,57,38,38,38,62,63,24,24,24,48,29,67,47,49,38,38,32,56,3,0],"gold":231,"neow_bonus":"TWO_FIFTY_GOLD","is_prod":false,"is_daily":false,"chose_seed":false,"campfire_upgraded":1,"win_rate":0,"timestamp":1559341035,"path_taken":["M","?","M","$","?","R","E","R","T","R","M","E","?","?","R","BOSS","M","M","M","?","M","R","E","M"],"build_version":"2019-01-23","purchased_purges":0,"victory":false,"max_hp_per_floor":[70,70,70,70,70,70,80,80,80,80,80,80,80,80,80,80,80,80,80,80,80,80,80,80,80],"card_choices":[{"not_picked":["Dodge and Roll","Infinite Blades"],"picked":"Flechettes","floor":1.0},{"not_picked":["Quick Slash","Flying Knee"],"picked":"Caltrops","floor":3.0},{"not_picked":["Tactician","Prepared","Tools of the Trade"],"picked":"SKIP","floor":7.0},{"not_picked":["Masterful Stab","Quick Slash"],"picked":"Dagger Spray","floor":11.0},{"not_picked":["Accuracy","Deadly Poison","Concentrate"],"picked":"SKIP","floor":12.0},{"not_picked":["Wraith Form v2","Unload"],"picked":"Adrenaline","floor":16.0},{"not_picked":["Sucker Punch","Backflip"],"picked":"Bouncing Flask","floor":18.0},{"not_picked":["Blur","Blade Dance","Deadly Poison"],"picked":"SKIP","floor":19.0},{"not_picked":["Dagger Throw","Dagger Spray"],"picked":"Footwork","floor":20.0},{"not_picked":["Outmaneuver+1","Concentrate","Blur"],"picked":"SKIP","floor":22},{"not_picked":["Terror","Acrobatics+1"],"picked":"PiercingWail","floor":24}],"player_experience":861184,"relics_obtained":[{"floor":7.0,"key":"Pear"},{"floor":9.0,"key":"Tiny Chest"},{"floor":12.0,"key":"Gambling Chip"},{"floor":14.0,"key":"StoneCalendar"},{"floor":24,"key":"Orichalcum"},{"floor":24,"key":"Shuriken"}],"event_choices":[{"cards_removed":["Strike_G"],"damage_healed":0.0,"max_hp_gain":0.0,"max_hp_loss":0.0,"gold_gain":0.0,"event_name":"Golden Wing","player_choice":"Card Removal","floor":2.0,"gold_loss":0.0,"damage_taken":7.0},{"damage_healed":0.0,"max_hp_gain":0.0,"max_hp_loss":0.0,"gold_gain":0.0,"event_name":"World of Goop","player_choice":"Left Gold","floor":5.0,"gold_loss":32.0,"damage_taken":0.0},{"damage_healed":0,"gold_gain":0,"player_choice":"Inject Mutagens","damage_taken":0,"relics_obtained":["MutagenicStrength"],"max_hp_gain":0,"max_hp_loss":0,"event_name":"Drug Dealer","floor":21,"gold_loss":0}],"is_beta":false,"boss_relics":[{"not_picked":["Ectoplasm","Velvet Choker"],"picked":"Black Star"}],"items_purged_floors":[],"is_endless":false,"potions_floor_spawned":[1,3,7,18,19,20,24],"killed_by":"Sentry and Sphere","ascension_level":7}