{"gold_per_floor":[364,382,19,19,31,31,45,60,83,83,94,127,127,137,137,236,236,249,249,79,89,89],"floor_reached":22,"playtime":1385,"items_purged":["Strike_B"],"score":282,"play_id":"d5b3bf31-68f0-4e93-bdb2-a98f557005fc","local_time":"20190111195454","is_ascension_mode":true,"campfire_choices":[{"data":"Buffer","floor":6,"key":"SMITH"},{"data":"Loop","floor":10,"key":"SMITH"},{"data":"Zap","floor":13,"key":"SMITH"},{"data":"Capacitor","floor":15,"key":"SMITH"}],"neow_cost":"PERCENT_DAMAGE","seed_source_timestamp":174864621432779,"circlet_count":0,"master_deck":["AscendersBane","Strike_B","Strike_B","Defend_B","Defend_B","Defend_B","Defend_B","Zap+1","Dualcast","Cold Snap","Coolheaded","Loop+1","Buffer+1","Steam","Capacitor+1","Cold Snap","Core Surge","Electrodynamics","Conserve Battery+1"],"relics":["Cracked Core","Membership Card","Matryoshka","Smiling Mask","Vajra","Strawberry","Inserter","Gremlin Horn"],"potions_floor_usage":[12,12,18],"damage_taken":[{"damage":2,"enemies":"Jaw Worm","floor":1,"turns":3},{"damage":0,"enemies":"Cultist","floor":2,"turns":3},{"damage":0,"enemies":"Small Slimes","floor":5,"turns":3},{"damage":11,"enemies":"2 Fungi Beasts","floor":7,"turns":5},{"damage":0,"enemies":"Large Slime","floor":8,"turns":6},{"damage":0,"enemies":"Blue Slaver","floor":11,"turns":4},{"damage":7,"enemies":"Gremlin Nob","floor":12,"turns":5},{"damage":3,"enemies":"Lots of Slimes","floor":14,"turns":6},{"damage":19,"enemies":"Slime Boss","floor":16,"turns":18},{"damage":20,"enemies":"3 Byrds","floor":18,"turns":3},{"damage":21,"enemies":"Colosseum Slavers","floor":19,"turns":6},{"damage":27,"enemies":"2 Thieves","floor":21,"turns":4},{"damage":10,"enemies":"3 Cultists","floor":22,"turns":3}],"seed_played":"-1159034250129899767","potions_obtained":[{"floor":2,"key":"Energy Potion"},{"floor":7,"key":"Regen Potion"},{"floor":16,"key":"Block Potion"}],"is_trial":false,"path_per_floor":["M","M","$","?","M","R","M","M","T","R","M","E","R","M","R","B",null,"M","?","$","M","M"],"character_chosen":"DEFECT","items_purchased":["Membership Card","Loop","Matryoshka","Gremlin Horn"],"campfire_rested":0,"item_purchase_floors":[3,3,3,20],"current_hp_per_floor":[48,48,48,48,48,48,37,37,37,37,37,51,51,48,48,29,69,49,28,28,1,0],"gold":89,"neow_bonus":"TWO_FIFTY_GOLD","is_prod":false,"is_daily":false,"chose_seed":false,"campfire_upgraded":4,"win_rate":0,"timestamp":1547254494,"path_taken":["M","M","$","?","M","R","M","M","T","R","?","E","R","M","R","BOSS","M","?","$","M","M"],"build_version":"2019-01-10","purchased_purges":1,"victory":false,"max_hp_per_floor":[75,75,75,75,75,75,75,75,75,75,75,82,82,82,82,82,82,82,82,82,82,82],"card_choices":[{"not_picked":["Gash","Compile Driver"],"picked":"Cold Snap","floor":1},{"not_picked":["Stack","Blizzard"],"picked":"Coolheaded","floor":2},{"not_picked":["Streamline","Hello World"],"picked":"Steam","floor":5},{"not_picked":["Turbo","Redo"],"picked":"Capacitor","floor":7},{"not_picked":["Stack","Heatsinks"],"picked":"Cold Snap","floor":8},{"not_picked":["Gash","Steam Power"],"picked":"Core Surge","floor":11},{"not_picked":["Conserve Battery","Steam","Compile Driver"],"picked":"SKIP","floor":12},{"not_picked":["Ball Lightning","Compile Driver","Steam"],"picked":"SKIP","floor":14},{"not_picked":["Thunder Strike","Rainbow"],"picked":"Electrodynamics","floor":16},{"not_picked":["Aggregate","Streamline+1"],"picked":"Conserve Battery+1","floor":18},{"not_picked":["Heatsinks","Doom and Gloom+1","Reprogram"],"picked":"SKIP","floor":21}],"player_experience":499863,"relics_obtained":[{"floor":9,"key":"Smiling Mask"},{"floor":9,"key":"Vajra"},{"floor":12,"key":"Strawberry"}],"event_choices":[{"damage_healed":0,"gold_gain":0,"cards_transformed":["Strike_B"],"player_choice":"Transformed","damage_taken":0,"max_hp_gain":0,"max_hp_loss":0,"event_name":"Transmorgrifier","floor":4,"gold_loss":0,"cards_obtained":["Buffer"]},{"damage_healed":0,"gold_gain":0,"player_choice":"Fight","damage_taken":0,"max_hp_gain":0,"max_hp_loss":0,"event_name":"Colosseum","floor":19,"gold_loss":0},{"damage_healed":0,"gold_gain":0,"player_choice":"Fled From Nobs","damage_taken":0,"max_hp_gain":0,"max_hp_loss":0,"event_name":"Colosseum","floor":19,"gold_loss":0}],"is_beta":true,"boss_relics":[{"not_picked":["Velvet Choker","Ectoplasm"],"picked":"Inserter"}],"items_purged_floors":[20],"is_endless":false,"potions_floor_spawned":[2,7,16,19],"killed_by":"3 Cultists","ascension_level":10}