{"gold_per_floor":[117,117,117,4,23,23,51,51,51,51,76,76,92,102,102,200,200,218,244,256,356,383,383,383,396,696,696,715,734,768,768,768,871,871,883,883,133,149,169,169,196,196,196,206,220,220,233,233,233,233],"floor_reached":51,"playtime":2385,"items_purged":["Strike_R"],"score":730,"play_id":"6dc2b833-7fb0-455b-ac20-c34c20a3b0f9","local_time":"20190329132817","is_ascension_mode":false,"campfire_choices":[{"data":"Infernal Blade","floor":8.0,"key":"SMITH"},{"data":"Inflame","floor":12.0,"key":"SMITH"},{"data":"Bash","floor":15.0,"key":"SMITH"},{"data":"Dark Embrace","floor":23,"key":"SMITH"},{"data":"Double Tap","floor":27,"key":"SMITH"},{"data":"Warcry","floor":32,"key":"SMITH"},{"data":"Limit Break","floor":40,"key":"SMITH"},{"data":"Exhume","floor":42,"key":"SMITH"},{"data":"Combust","floor":46,"key":"SMITH"},{"data":"Anger","floor":49,"key":"SMITH"}],"neow_cost":"NONE","seed_source_timestamp":71802093556400,"circlet_count":0,"master_deck":["Strike_R","Strike_R","Defend_R","Defend_R","Defend_R","Defend_R","Bash+1","Fiend Fire+1","Anger+1","Reckless Charge","Ghostly Armor","Infernal Blade+1","Inflame+1","Thunderclap","Exhume+1","Dark Embrace+1","Warcry+1","Shrug It Off+1","Combust+1","Double Tap+1","Metallicize+1","Inflame+1","Limit Break+1","Cleave+1","Metallicize+1","Berserk+1","Regret","Feel No Pain+1","Metallicize+1","Shockwave+1"],"special_seed":0,"relics":["Burning Blood","StoneCalendar","Magic Flower","Torii","Runic Pyramid","Red Mask","Bird Faced Urn","Frozen Egg 2","Bag of Preparation","Old Coin","Singing Bowl","Cursed Key","Vajra","Self Forming Clay","OrangePellets","Pen Nib","Oddly Smooth Stone"],"potions_floor_usage":[19,20,21,21,29,39,47,50],"damage_taken":[{"damage":5.0,"enemies":"2 Louse","floor":1.0,"turns":3.0},{"damage":0.0,"enemies":"Small Slimes","floor":5.0,"turns":2.0},{"damage":6.0,"enemies":"Gremlin Nob","floor":7.0,"turns":3.0},{"damage":13.0,"enemies":"3 Sentries","floor":11.0,"turns":5.0},{"damage":0.0,"enemies":"Cultist","floor":13.0,"turns":2.0},{"damage":0.0,"enemies":"Large Slime","floor":14.0,"turns":5.0},{"damage":59.0,"enemies":"Hexaghost","floor":16.0,"turns":7.0},{"damage":12.0,"enemies":"Shell Parasite","floor":18.0,"turns":3.0},{"damage":3,"enemies":"Masked Bandits","floor":19,"turns":3},{"damage":18,"enemies":"2 Thieves","floor":20,"turns":4},{"damage":6,"enemies":"Colosseum Slavers","floor":21,"turns":3},{"damage":15,"enemies":"Colosseum Nobs","floor":21,"turns":4},{"damage":17,"enemies":"3 Cultists","floor":25,"turns":5},{"damage":0,"enemies":"Snecko","floor":28,"turns":2},{"damage":13,"enemies":"Shelled Parasite and Fungi","floor":29,"turns":4},{"damage":26,"enemies":"Book of Stabbing","floor":30,"turns":5},{"damage":51,"enemies":"Automaton","floor":33,"turns":5},{"damage":19,"enemies":"3 Shapes","floor":35,"turns":4},{"damage":4,"enemies":"3 Darklings","floor":38,"turns":3},{"damage":4,"enemies":"4 Shapes","floor":39,"turns":1},{"damage":1,"enemies":"Giant Head","floor":41,"turns":4},{"damage":0,"enemies":"Spire Growth","floor":44,"turns":3},{"damage":3,"enemies":"Transient","floor":45,"turns":5},{"damage":37,"enemies":"Sphere and 2 Shapes","floor":47,"turns":5},{"damage":23,"enemies":"Donu and Deca","floor":50,"turns":6}],"seed_played":"-3733909904403373579","potions_obtained":[{"floor":1.0,"key":"FearPotion"},{"floor":7.0,"key":"BloodPotion"},{"floor":16.0,"key":"SteroidPotion"},{"floor":19,"key":"LiquidBronze"},{"floor":20,"key":"Block Potion"},{"floor":25,"key":"Block Potion"},{"floor":30,"key":"SkillPotion"},{"floor":35,"key":"Explosive Potion"},{"floor":36,"key":"EntropicBrew"},{"floor":36,"key":"Explosive Potion"},{"floor":44,"key":"AttackPotion"},{"floor":47,"key":"PowerPotion"}],"is_trial":false,"path_per_floor":["M","?","?","$","M","?","E","R","T","?","E","R","M","M","R","B",null,"M","?","M","?","T","R","?","M","T","R","M","M","E","?","R","B",null,"M","?","$","M","M","R","E","R","T","M","M","R","M","?","R","B",null],"character_chosen":"IRONCLAD","items_purchased":["Reckless Charge","Ghostly Armor","Vajra","Metallicize+1","Self Forming Clay","OrangePellets"],"campfire_rested":0,"item_purchase_floors":[4,4,37,37,37,37],"current_hp_per_floor":[80,80,80,80,80,80,80,80,80,85,85,85,85,85,85,35,85,82,85,76,73,73,73,73,71,71,71,83,82,71,71,71,32,85,75,75,75,87,89,89,89,89,89,89,89,89,77,77,77,87],"gold":233,"neow_bonus":"ONE_RANDOM_RARE_CARD","is_prod":false,"is_daily":false,"chose_seed":false,"campfire_upgraded":10,"win_rate":0,"timestamp":1553880497,"path_taken":["M","?","?","$","?","?","E","R","T","?","E","R","M","M","R","BOSS","M","?","M","?","?","R","?","M","T","R","M","M","E","?","R","BOSS","M","?","$","?","M","R","E","R","T","M","M","R","M","?","R","BOSS"],"build_version":"2019-03-15","purchased_purges":1,"victory":true,"max_hp_per_floor":[80,80,80,80,80,80,80,80,80,85,85,85,85,85,85,85,85,85,85,85,85,85,85,85,85,85,85,85,85,85,85,85,85,85,85,85,85,87,89,89,89,89,89,89,89,89,89,89,89,89],"card_choices":[{"not_picked":["Pummel","Heavy Blade"],"picked":"Anger","floor":1.0},{"not_picked":["Perfected Strike","Ghostly Armor"],"picked":"Infernal Blade","floor":5.0},{"not_picked":["Infernal Blade","Wild Strike"],"picked":"Inflame","floor":7.0},{"not_picked":["Corruption","True Grit","Second Wind"],"picked":"SKIP","floor":11.0},{"not_picked":["Havoc","Heavy Blade"],"picked":"Thunderclap","floor":13.0},{"not_picked":["Body Slam","Armaments"],"picked":"Exhume","floor":14.0},{"not_picked":["Fiend Fire","Brutality"],"picked":"Dark Embrace","floor":16.0},{"not_picked":["Iron Wave","Twin Strike"],"picked":"Warcry","floor":18.0},{"not_picked":["Cleave","True Grit"],"picked":"Shrug It Off+1","floor":19},{"not_picked":["Thunderclap","Clash"],"picked":"Combust","floor":20},{"not_picked":["Iron Wave","Combust"],"picked":"Double Tap","floor":21},{"not_picked":["Headbutt+1","True Grit","Wild Strike+1"],"picked":"SKIP","floor":25},{"not_picked":["Perfected Strike","Cleave","Heavy Blade+1"],"picked":"SKIP","floor":28},{"not_picked":["Searing Blow","Ghostly Armor"],"picked":"Metallicize+1","floor":29},{"not_picked":["Cleave","Sentinel"],"picked":"Inflame+1","floor":30},{"not_picked":["Fiend Fire","Offering"],"picked":"Limit Break","floor":33},{"not_picked":["Perfected Strike+1","Iron Wave"],"picked":"Cleave+1","floor":35},{"not_picked":["Blood for Blood","Warcry","Perfected Strike+1"],"picked":"Singing Bowl","floor":38},{"not_picked":["Thunderclap","Heavy Blade","Evolve+1"],"picked":"Singing Bowl","floor":39},{"not_picked":["Dark Embrace+1","Metallicize+1"],"picked":"Berserk+1","floor":41},{"not_picked":["True Grit+1","Sentinel"],"picked":"Feel No Pain+1","floor":44},{"not_picked":["Flex+1","Infernal Blade+1"],"picked":"Metallicize+1","floor":45},{"not_picked":["Seeing Red","Headbutt+1"],"picked":"Shockwave+1","floor":47}],"player_experience":672626,"relics_obtained":[{"floor":7.0,"key":"StoneCalendar"},{"floor":9.0,"key":"Magic Flower"},{"floor":11.0,"key":"Torii"},{"floor":19,"key":"Red Mask"},{"floor":21,"key":"Bird Faced Urn"},{"floor":21,"key":"Frozen Egg 2"},{"floor":22,"key":"Bag of Preparation"},{"floor":26,"key":"Old Coin"},{"floor":30,"key":"Singing Bowl"},{"floor":41,"key":"Pen Nib"},{"floor":43,"key":"Oddly Smooth Stone"}],"event_choices":[{"damage_healed":0.0,"max_hp_gain":0.0,"max_hp_loss":0.0,"gold_gain":0.0,"event_name":"Living Wall","player_choice":"Grow","floor":2.0,"gold_loss":0.0,"damage_taken":0.0,"cards_upgraded":["Fiend Fire"]},{"damage_healed":0.0,"max_hp_gain":0.0,"max_hp_loss":0.0,"gold_gain":0.0,"event_name":"NoteForYourself","player_choice":"Ignored","floor":3.0,"gold_loss":0.0,"damage_taken":0.0},{"damage_healed":0.0,"max_hp_gain":0.0,"max_hp_loss":0.0,"gold_gain":0.0,"event_name":"The Cleric","player_choice":"Leave","floor":6.0,"gold_loss":0.0,"damage_taken":0.0},{"damage_healed":0.0,"max_hp_gain":5.0,"max_hp_loss":0.0,"gold_gain":0.0,"event_name":"Big Fish","player_choice":"Donut","floor":10.0,"gold_loss":0.0,"damage_taken":0.0},{"damage_healed":0,"gold_gain":0,"player_choice":"Fought Bandits","damage_taken":0,"max_hp_gain":0,"max_hp_loss":0,"event_name":"Masked Bandits","floor":19,"gold_loss":0},{"damage_healed":0,"gold_gain":0,"player_choice":"Fight","damage_taken":0,"max_hp_gain":0,"max_hp_loss":0,"event_name":"Colosseum","floor":21,"gold_loss":0},{"damage_healed":0,"gold_gain":0,"player_choice":"Fought Nobs","damage_taken":0,"max_hp_gain":0,"max_hp_loss":0,"event_name":"Colosseum","floor":21,"gold_loss":0},{"damage_healed":0,"gold_gain":0,"player_choice":"Ignored","damage_taken":0,"max_hp_gain":0,"max_hp_loss":0,"event_name":"Ghosts","floor":24,"gold_loss":0},{"cards_removed":["Strike_R"],"damage_healed":0,"gold_gain":0,"player_choice":"Purged","damage_taken":0,"max_hp_gain":0,"max_hp_loss":0,"event_name":"Purifier","floor":31,"gold_loss":0},{"damage_healed":0,"gold_gain":0,"player_choice":"Got Potions","damage_taken":0,"max_hp_gain":0,"max_hp_loss":0,"event_name":"Lab","floor":36,"gold_loss":0},{"cards_removed":["Strike_R"],"damage_healed":0,"gold_gain":0,"player_choice":"Removed Attack","damage_taken":0,"max_hp_gain":0,"max_hp_loss":0,"event_name":"Falling","floor":48,"gold_loss":0}],"is_beta":true,"boss_relics":[{"not_picked":["Orrery","Runic Dome"],"picked":"Runic Pyramid"},{"not_picked":["Astrolabe","Busted Crown"],"picked":"Cursed Key"}],"items_purged_floors":[37],"is_endless":false,"potions_floor_spawned":[1,7,16,19,20,21,25,30,35,38,44,47],"ascension_level":0}