{"gold_per_floor":[111,129,40,40,60,60,93,93,176,194,229,308,308,12,12,108,108,122,122,37,119,119,119,147,147,173,173,173,193,220,220,220,321,321,341,367,377,377,388,388,388,398,398,423,122,222,232,0,0,0],"floor_reached":51,"playtime":1994,"items_purged":["Strike_G","Writhe"],"score":1102,"play_id":"86e4270a-5a99-4181-ba72-892f7fb28a93","local_time":"20190111170136","is_ascension_mode":true,"campfire_choices":[{"data":"Crippling Poison","floor":6,"key":"SMITH"},{"data":"Neutralize","floor":8,"key":"SMITH"},{"floor":15,"key":"REST"},{"data":"Catalyst","floor":23,"key":"SMITH"},{"data":"Catalyst","floor":25,"key":"SMITH"},{"floor":27,"key":"REST"},{"data":"Footwork","floor":32,"key":"SMITH"},{"data":"Catalyst","floor":40,"key":"SMITH"},{"data":"Catalyst","floor":49,"key":"SMITH"}],"neow_cost":"NONE","seed_source_timestamp":163851981405799,"circlet_count":0,"master_deck":["Survivor","Neutralize+1","Dagger Throw+1","Deadly Poison","Backflip","Panacea","Crippling Poison+1","Catalyst+1","Catalyst+1","Bouncing Flask","Tools of the Trade","Masterful Stab+1","Eviscerate+1","Well Laid Plans","Dagger Throw+1","Prepared","Eviscerate+1","Setup","Infinite Blades","Catalyst+1","Prepared+1","Footwork+1","Leg Sweep","Catalyst+1","Bouncing Flask+1","Crippling Poison+1","Catalyst+1","Noxious Fumes"],"relics":["Ring of the Snake","Centennial Puzzle","Tiny Chest","Molten Egg 2","Ornamental Fan","Anchor","Pandora\u0027s Box","Smiling Mask","Bottled Lightning","Boot","Thread and Needle","Happy Flower","Strawberry","Sozu","Whetstone","Singing Bowl","Question Card","Incense Burner","Pantograph","Ginger","Red Mask"],"potions_floor_usage":[16,30,50,50],"damage_taken":[{"damage":0,"enemies":"Cultist","floor":1,"turns":4},{"damage":1,"enemies":"Jaw Worm","floor":2,"turns":3},{"damage":2,"enemies":"2 Louse","floor":5,"turns":3},{"damage":29,"enemies":"3 Sentries","floor":7,"turns":14},{"damage":0,"enemies":"2 Fungi Beasts","floor":10,"turns":3},{"damage":6,"enemies":"Gremlin Nob","floor":11,"turns":3},{"damage":21,"enemies":"The Guardian","floor":16,"turns":7},{"damage":13,"enemies":"3 Byrds","floor":18,"turns":3},{"damage":10,"enemies":"Book of Stabbing","floor":24,"turns":3},{"damage":0,"enemies":"Chosen","floor":29,"turns":3},{"damage":0,"enemies":"Gremlin Leader","floor":30,"turns":3},{"damage":1,"enemies":"Champ","floor":33,"turns":3},{"damage":0,"enemies":"3 Shapes","floor":35,"turns":4},{"damage":17,"enemies":"3 Darklings","floor":37,"turns":3},{"damage":4,"enemies":"Spire Growth","floor":39,"turns":2},{"damage":4,"enemies":"Sphere and 2 Shapes","floor":42,"turns":3},{"damage":0,"enemies":"Giant Head","floor":44,"turns":3},{"damage":0,"enemies":"Mind Bloom Boss Battle","floor":46,"turns":4},{"damage":0,"enemies":"Jaw Worm Horde","floor":47,"turns":3},{"damage":64,"enemies":"Awakened One","floor":50,"turns":8}],"seed_played":"-6120411608098745403","potions_obtained":[{"floor":2,"key":"Energy Potion"},{"floor":5,"key":"SneckoOil"},{"floor":7,"key":"Fire Potion"},{"floor":24,"key":"Swift Potion"}],"is_trial":false,"path_per_floor":["M","M","$","?","M","R","E","R","T","M","E","T","?","$","R","B",null,"M","?","?","T","?","R","E","R","T","R","?","M","E","?","R","B",null,"M","T","M","?","M","R","T","M","T","E","$","?","M","?","R","B",null],"character_chosen":"THE_SILENT","items_purchased":["Panacea","Anchor","Bouncing Flask","Pantograph"],"campfire_rested":2,"item_purchase_floors":[3,14,14,45],"current_hp_per_floor":[63,62,62,67,65,65,36,36,36,36,30,30,15,15,37,16,60,47,47,47,47,47,47,37,37,37,59,59,59,66,66,66,65,78,78,78,61,61,57,57,57,53,53,53,53,80,82,82,82,18],"gold":0,"neow_bonus":"TRANSFORM_CARD","is_prod":false,"is_daily":false,"chose_seed":false,"campfire_upgraded":7,"win_rate":0,"timestamp":1547244096,"path_taken":["M","M","$","?","M","R","E","R","T","M","E","?","?","$","R","BOSS","M","?","?","?","?","R","E","R","T","R","?","?","E","?","R","BOSS","M","?","M","?","M","R","?","?","T","E","$","?","M","?","R","BOSS"],"build_version":"2019-01-10","purchased_purges":2,"victory":true,"max_hp_per_floor":[70,70,70,75,75,75,75,75,75,75,75,75,75,75,75,75,75,75,75,75,75,75,75,75,75,75,75,75,75,82,82,82,82,82,82,82,82,78,78,78,78,78,78,78,78,80,82,82,82,82],"card_choices":[{"not_picked":["Cloak And Dagger","Setup"],"picked":"Deadly Poison","floor":1},{"not_picked":["Dagger Spray","Deflect"],"picked":"Backflip","floor":2},{"not_picked":["Leg Sweep","Acrobatics"],"picked":"Crippling Poison","floor":5},{"not_picked":["Flechettes","Underhanded Strike"],"picked":"Catalyst","floor":7},{"not_picked":["Backstab","Sucker Punch"],"picked":"Catalyst","floor":10},{"not_picked":["Expertise","Backstab","Riddle With Holes"],"picked":"SKIP","floor":11},{"not_picked":["Die Die Die+1","Venomology"],"picked":"Tools of the Trade","floor":16},{"not_picked":["Sucker Punch+1","Slice+1","Bane+1"],"picked":"SKIP","floor":18},{"not_picked":["Bouncing Flask","Predator+1","Prepared"],"picked":"SKIP","floor":24},{"not_picked":["Bane+1","Blade Dance"],"picked":"Prepared+1","floor":29},{"not_picked":["Calculated Gamble+1","Acrobatics"],"picked":"Footwork","floor":30},{"not_picked":["Prepared+1","Deadly Poison+1"],"picked":"Catalyst","floor":35},{"not_picked":["Heel Hook+1","Deflect+1"],"picked":"Bouncing Flask+1","floor":37},{"not_picked":["Deadly Poison","Outmaneuver"],"picked":"Crippling Poison+1","floor":39},{"not_picked":["Underhanded Strike+1","Backflip+1"],"picked":"Catalyst","floor":42},{"not_picked":["PiercingWail+1","Flechettes+1","All Out Attack+1"],"picked":"Noxious Fumes","floor":44},{"not_picked":["Dagger Throw+1","Corpse Explosion","PiercingWail+1","Deflect"],"picked":"Singing Bowl","floor":46},{"not_picked":["Quick Slash+1","Footwork","Slice+1","Sucker Punch+1"],"picked":"Singing Bowl","floor":47}],"player_experience":493894,"relics_obtained":[{"floor":7,"key":"Centennial Puzzle"},{"floor":9,"key":"Tiny Chest"},{"floor":11,"key":"Molten Egg 2"},{"floor":12,"key":"Ornamental Fan"},{"floor":21,"key":"Bottled Lightning"},{"floor":24,"key":"Thread and Needle"},{"floor":26,"key":"Happy Flower"},{"floor":30,"key":"Strawberry"},{"floor":36,"key":"Whetstone"},{"floor":41,"key":"Singing Bowl"},{"floor":43,"key":"Question Card"},{"floor":44,"key":"Incense Burner"},{"floor":46,"key":"Ginger"}],"event_choices":[{"damage_healed":0,"gold_gain":0,"player_choice":"Donut","damage_taken":0,"max_hp_gain":5,"max_hp_loss":0,"event_name":"Big Fish","floor":4,"gold_loss":0},{"damage_healed":0,"gold_gain":0,"player_choice":"Entered Light","damage_taken":15,"max_hp_gain":0,"max_hp_loss":0,"event_name":"Shining Light","floor":13,"gold_loss":0,"cards_upgraded":["Dagger Throw","Defend_G"]},{"damage_healed":0,"gold_gain":0,"player_choice":"Ignored","damage_taken":0,"max_hp_gain":0,"max_hp_loss":0,"event_name":"Vampires","floor":19,"gold_loss":0},{"damage_healed":0,"gold_gain":0,"player_choice":"Obtained Relic","damage_taken":0,"relics_obtained":["Smiling Mask"],"max_hp_gain":0,"max_hp_loss":0,"event_name":"Addict","floor":20,"gold_loss":85},{"damage_healed":0,"gold_gain":0,"player_choice":"Opened","damage_taken":0,"relics_obtained":["Boot"],"max_hp_gain":0,"max_hp_loss":0,"event_name":"The Mausoleum","floor":22,"gold_loss":0,"cards_obtained":["Writhe"]},{"damage_healed":0,"gold_gain":0,"player_choice":"Copied","damage_taken":0,"max_hp_gain":0,"max_hp_loss":0,"event_name":"Duplicator","floor":28,"gold_loss":0,"cards_obtained":["Catalyst"]},{"damage_healed":0,"gold_gain":0,"player_choice":"1 cards matched","damage_taken":0,"max_hp_gain":0,"max_hp_loss":0,"event_name":"Match and Keep!","floor":31,"gold_loss":0,"cards_obtained":["Leg Sweep"]},{"damage_healed":0,"gold_gain":0,"player_choice":"Max HP","damage_taken":0,"max_hp_gain":0,"max_hp_loss":4,"event_name":"Winding Halls","floor":38,"gold_loss":0},{"damage_healed":0,"gold_gain":0,"player_choice":"Fight","damage_taken":0,"max_hp_gain":0,"max_hp_loss":0,"event_name":"MindBloom","floor":46,"gold_loss":0},{"damage_healed":0,"gold_gain":0,"player_choice":"Paid","damage_taken":0,"relics_obtained":["Red Mask"],"max_hp_gain":0,"max_hp_loss":0,"event_name":"Tomb of Lord Red Mask","floor":48,"gold_loss":232}],"is_beta":true,"boss_relics":[{"not_picked":["Eternal Feather","Astrolabe"],"picked":"Pandora\u0027s Box"},{"not_picked":["Black Star","White Beast Statue"],"picked":"Sozu"}],"items_purged_floors":[14,45],"is_endless":false,"potions_floor_spawned":[2,5,7,24,35,37,39],"ascension_level":7}