{"gold_per_floor":[118,118,49,65,83,108,127,155,180,205,205,205,235,246,246,345,345,357,372,372,20,35,68,68,101,125,155,155,174,124,137,137,137],"floor_reached":33,"playtime":3533,"items_purged":["Defend_R","Defend_R"],"score":369,"play_id":"775307ea-3dd2-463f-a317-85d74b782ef4","local_time":"20190308022132","is_ascension_mode":true,"campfire_choices":[{"floor":12,"key":"REST"},{"floor":15,"key":"REST"},{"floor":24,"key":"RECALL"},{"floor":28,"key":"REST"},{"floor":32,"key":"REST"}],"neow_cost":"NONE","seed_source_timestamp":972841871215014,"circlet_count":0,"master_deck":["Strike_R","Strike_R","Strike_R","Strike_R","Defend_R","Defend_R","Bash","Immolate","Inflame","Metallicize","Heavy Blade","Intimidate","Inflame","Flame Barrier","Armaments","Flame Barrier","Feed","Shrug It Off","Iron Wave","Ghostly Armor","Evolve+1","Shrug It Off","Ghostly Armor"],"relics":["Burning Blood","Dodecahedron","Strawberry","Bag of Marbles","Charon\u0027s Ashes","Regal Pillow","Philosopher\u0027s Stone","Gremlin Horn","Anchor","Blue Candle","Bag of Preparation","Smiling Mask"],"potions_floor_usage":[14,23,23,25],"damage_taken":[{"damage":12,"enemies":"Jaw Worm","floor":1,"turns":3},{"damage":3,"enemies":"Cultist","floor":4,"turns":4},{"damage":0,"enemies":"2 Louse","floor":5,"turns":2},{"damage":23,"enemies":"Gremlin Nob","floor":6,"turns":4},{"damage":20,"enemies":"2 Fungi Beasts","floor":7,"turns":4},{"damage":20,"enemies":"Lagavulin","floor":8,"turns":6},{"damage":11,"enemies":"Gremlin Nob","floor":10,"turns":4},{"damage":26,"enemies":"Lagavulin","floor":13,"turns":6},{"damage":14,"enemies":"Lots of Slimes","floor":14,"turns":2},{"damage":36,"enemies":"The Guardian","floor":16,"turns":14},{"damage":34,"enemies":"2 Thieves","floor":18,"turns":4},{"damage":8,"enemies":"3 Byrds","floor":19,"turns":1},{"damage":15,"enemies":"Snake Plant","floor":22,"turns":3},{"damage":6,"enemies":"Slavers","floor":23,"turns":5},{"damage":32,"enemies":"Book of Stabbing","floor":25,"turns":8},{"damage":33,"enemies":"Gremlin Leader","floor":27,"turns":5},{"damage":24,"enemies":"Cultist and Chosen","floor":29,"turns":6},{"damage":22,"enemies":"Chosen and Byrds","floor":31,"turns":5},{"damage":71,"enemies":"Collector","floor":33,"turns":10}],"seed_played":"-7283929839350456875","potions_obtained":[{"floor":4,"key":"SkillPotion"},{"floor":5,"key":"SkillPotion"},{"floor":8,"key":"PowerPotion"},{"floor":13,"key":"BloodPotion"},{"floor":16,"key":"BloodPotion"},{"floor":27,"key":"GamblersBrew"}],"is_trial":false,"path_per_floor":["M","?","$","M","M","E","M","E","T","E","?","R","E","M","R","B",null,"M","M","?","$","M","E","R","E","T","E","R","M","$","M","R","B"],"character_chosen":"IRONCLAD","items_purchased":["Metallicize","Gremlin Horn","Shrug It Off"],"campfire_rested":4,"item_purchase_floors":[3,21,21],"current_hp_per_floor":[74,74,74,77,80,63,49,42,42,37,19,45,25,25,66,36,87,62,60,60,60,51,51,51,34,34,7,49,34,34,18,60,0],"gold":137,"neow_bonus":"ONE_RANDOM_RARE_CARD","is_prod":false,"is_daily":false,"chose_seed":false,"campfire_upgraded":0,"win_rate":0,"timestamp":1552029692,"path_taken":["M","?","$","M","?","E","M","E","T","E","?","R","E","M","R","BOSS","M","M","?","$","?","E","R","E","T","E","R","M","$","M","R","BOSS"],"build_version":"2019-01-23","purchased_purges":2,"victory":false,"max_hp_per_floor":[80,80,80,80,80,80,80,87,87,87,87,87,87,87,87,87,87,90,90,90,90,90,90,90,90,90,90,90,93,93,93,93,93],"card_choices":[{"not_picked":["Anger","Iron Wave"],"picked":"Inflame","floor":1},{"not_picked":["Searing Blow","Havoc"],"picked":"Heavy Blade","floor":4},{"not_picked":["True Grit","Iron Wave"],"picked":"Intimidate","floor":5},{"not_picked":["Iron Wave","Brutality"],"picked":"Inflame","floor":6},{"not_picked":["Cleave","Sword Boomerang"],"picked":"Flame Barrier","floor":7},{"not_picked":["Clothesline","Anger"],"picked":"Armaments","floor":8},{"not_picked":["Combust","Headbutt","Twin Strike"],"picked":"SKIP","floor":10},{"not_picked":["Body Slam","Juggernaut","Headbutt"],"picked":"SKIP","floor":13},{"not_picked":["Flex","Anger"],"picked":"Flame Barrier","floor":14},{"not_picked":["Impervious","Immolate"],"picked":"Feed","floor":16},{"not_picked":["True Grit","Armaments","Clash"],"picked":"SKIP","floor":18},{"not_picked":["Sword Boomerang","Heavy Blade","Clash"],"picked":"SKIP","floor":19},{"not_picked":["Dropkick","Body Slam"],"picked":"Iron Wave","floor":22},{"not_picked":["Twin Strike","Sword Boomerang","Clothesline"],"picked":"SKIP","floor":23},{"not_picked":["Sword Boomerang","Flame Barrier"],"picked":"Ghostly Armor","floor":25},{"not_picked":["Flex+1","Headbutt"],"picked":"Evolve+1","floor":27},{"not_picked":["Feel No Pain","Twin Strike+1"],"picked":"Shrug It Off","floor":29},{"not_picked":["Iron Wave","Twin Strike"],"picked":"Ghostly Armor","floor":31}],"player_experience":153923,"relics_obtained":[{"floor":6,"key":"Dodecahedron"},{"floor":8,"key":"Strawberry"},{"floor":10,"key":"Bag of Marbles"},{"floor":13,"key":"Regal Pillow"},{"floor":23,"key":"Anchor"},{"floor":25,"key":"Blue Candle"},{"floor":26,"key":"Bag of Preparation"},{"floor":27,"key":"Smiling Mask"}],"event_choices":[{"cards_removed":["Strike_R"],"damage_healed":0,"gold_gain":0,"player_choice":"Purged","damage_taken":0,"max_hp_gain":0,"max_hp_loss":0,"event_name":"Purifier","floor":2,"gold_loss":0},{"damage_healed":0,"gold_gain":0,"player_choice":"Success","damage_taken":18,"relics_obtained":["Charon\u0027s Ashes"],"max_hp_gain":0,"max_hp_loss":0,"event_name":"Scrap Ooze","floor":11,"gold_loss":0},{"damage_healed":0,"gold_gain":0,"player_choice":"Got Potions","damage_taken":0,"max_hp_gain":0,"max_hp_loss":0,"event_name":"Lab","floor":20,"gold_loss":0}],"is_beta":false,"boss_relics":[{"not_picked":["Snecko Eye","Coffee Dripper"],"picked":"Philosopher\u0027s Stone"}],"items_purged_floors":[21,30],"is_endless":false,"potions_floor_spawned":[4,5,8,13,16,19,27],"killed_by":"Collector","ascension_level":2}