{"gold_per_floor":[116,127,13,13,32,57,76,176,200,229,243,243,243,266,266,390,390,405,425,460,57,81,81,81,81,81,81],"floor_reached":27,"playtime":3990,"items_purged":["Defend_R"],"score":281,"play_id":"461e8d1a-08d0-40bd-bec5-a59b83c82bb2","local_time":"20190511235318","is_ascension_mode":true,"campfire_choices":[{"floor":15,"key":"REST"},{"data":"Armaments","floor":23,"key":"SMITH"}],"neow_cost":"PERCENT_DAMAGE","seed_source_timestamp":93843139565700,"circlet_count":0,"master_deck":["Defend_R","Defend_R","Defend_R","Bash","Battle Trance","Whirlwind","Uppercut","Anger","Armaments+1","Shrug It Off","Flame Barrier","Flex","Feed","Heavy Blade","Double Tap","Bite","Bite","Bite","Bite","Bite"],"relics":["Burning Blood","Regal Pillow","Vajra","Anchor","Golden Idol","Runic Cube","Red Mask","Singing Bowl","Paper Frog"],"potions_floor_usage":[11,20,20,22],"damage_taken":[{"damage":10,"enemies":"Small Slimes","floor":1,"turns":3},{"damage":6,"enemies":"Cultist","floor":2,"turns":3},{"damage":6,"enemies":"2 Louse","floor":5,"turns":2},{"damage":45,"enemies":"3 Sentries","floor":6,"turns":6},{"damage":6,"enemies":"Looter","floor":7,"turns":2},{"damage":25,"enemies":"Lagavulin","floor":10,"turns":5},{"damage":0,"enemies":"Exordium Wildlife","floor":11,"turns":2},{"damage":2,"enemies":"Exordium Thugs","floor":14,"turns":3},{"damage":25,"enemies":"Slime Boss","floor":16,"turns":8},{"damage":0,"enemies":"3 Byrds","floor":18,"turns":3},{"damage":17,"enemies":"Shell Parasite","floor":19,"turns":5},{"damage":52,"enemies":"Masked Bandits","floor":20,"turns":4},{"damage":10,"enemies":"Snake Plant","floor":22,"turns":4},{"damage":65,"enemies":"Gremlin Leader","floor":27,"turns":4}],"seed_played":"-820074970172526939","potions_obtained":[{"floor":5,"key":"Swift Potion"},{"floor":7,"key":"Fire Potion"},{"floor":11,"key":"LiquidBronze"},{"floor":16,"key":"Weak Potion"}],"is_trial":false,"path_per_floor":["M","M","$","?","M","E","M","?","T","E","M","?","?","M","R","B",null,"M","M","?","$","M","R","?","$","T","E"],"character_chosen":"IRONCLAD","items_purchased":["Uppercut","Singing Bowl","Double Tap"],"campfire_rested":1,"item_purchase_floors":[3,21,21],"current_hp_per_floor":[68,68,68,68,68,29,29,29,29,10,16,16,21,25,68,49,94,97,86,44,44,42,42,42,42,42,0],"gold":81,"neow_bonus":"TWENTY_PERCENT_HP_BONUS","is_prod":false,"is_daily":false,"chose_seed":false,"campfire_upgraded":1,"win_rate":0,"timestamp":1557633198,"path_taken":["M","M","$","?","M","E","M","?","T","E","?","?","?","M","R","BOSS","M","M","?","$","M","R","?","?","T","E"],"build_version":"2019-01-23","purchased_purges":1,"victory":false,"max_hp_per_floor":[96,96,96,96,96,96,96,96,96,96,96,89,94,94,94,94,94,97,97,101,101,103,103,72,72,72,72],"card_choices":[{"not_picked":["Thunderclap","Warcry"],"picked":"Battle Trance","floor":1},{"not_picked":["Cleave","Rupture"],"picked":"Whirlwind","floor":2},{"not_picked":["Wild Strike","Rage"],"picked":"Anger","floor":5},{"not_picked":["Clash","Dual Wield"],"picked":"Armaments","floor":6},{"not_picked":["Berserk","Clash","Shockwave"],"picked":"SKIP","floor":7},{"not_picked":["Heavy Blade","Wild Strike"],"picked":"Shrug It Off","floor":10},{"not_picked":["Shrug It Off","Evolve"],"picked":"Flame Barrier","floor":11},{"not_picked":["Body Slam","Cleave"],"picked":"Flex","floor":14},{"not_picked":["Barricade","Impervious"],"picked":"Feed","floor":16},{"not_picked":["Sentinel","Burning Pact+1"],"picked":"Heavy Blade","floor":18},{"not_picked":["Thunderclap+1","Body Slam","Havoc"],"picked":"SKIP","floor":19},{"not_picked":["Intimidate","Heavy Blade","Iron Wave+1"],"picked":"Singing Bowl","floor":22}],"player_experience":267619,"relics_obtained":[{"floor":6,"key":"Regal Pillow"},{"floor":9,"key":"Vajra"},{"floor":10,"key":"Anchor"},{"floor":20,"key":"Red Mask"},{"floor":26,"key":"Paper Frog"}],"event_choices":[{"damage_healed":0,"gold_gain":0,"player_choice":"Leave","damage_taken":0,"max_hp_gain":0,"max_hp_loss":0,"event_name":"The Cleric","floor":4,"gold_loss":0},{"damage_healed":0,"gold_gain":100,"player_choice":"Pray","damage_taken":0,"max_hp_gain":0,"max_hp_loss":0,"event_name":"Golden Shrine","floor":8,"gold_loss":0},{"damage_healed":0,"gold_gain":0,"player_choice":"Lose Max HP","damage_taken":0,"relics_obtained":["Golden Idol"],"max_hp_gain":0,"max_hp_loss":7,"event_name":"Golden Idol","floor":12,"gold_loss":0},{"damage_healed":0,"gold_gain":0,"player_choice":"Donut","damage_taken":0,"max_hp_gain":5,"max_hp_loss":0,"event_name":"Big Fish","floor":13,"gold_loss":0},{"damage_healed":0,"gold_gain":0,"player_choice":"Fought Bandits","damage_taken":0,"max_hp_gain":0,"max_hp_loss":0,"event_name":"Masked Bandits","floor":20,"gold_loss":0},{"damage_healed":0,"gold_gain":0,"player_choice":"Became a vampire","damage_taken":0,"max_hp_gain":0,"max_hp_loss":31,"event_name":"Vampires","floor":24,"gold_loss":0,"cards_obtained":["Bite","Bite","Bite","Bite","Bite"]}],"is_beta":false,"boss_relics":[{"not_picked":["Ectoplasm","Cursed Key"],"picked":"Runic Cube"}],"items_purged_floors":[3],"is_endless":false,"potions_floor_spawned":[5,7,11,16,19],"killed_by":"Gremlin Leader","ascension_level":3}