{"gold_per_floor":[117,128,203,203,220,220,41,41,93,93,106,106,131,150,150,253,253,268,268,51,51,151,151,164,181,206,219,219,248,266,85,85,85],"floor_reached":33,"playtime":1377,"items_purged":["Defend_R","Defend_R"],"score":255,"play_id":"ee3fcab6-fc9e-40fb-8046-0de9067277ff","local_time":"20181208230634","is_ascension_mode":false,"campfire_choices":[{"data":"Perfected Strike","floor":6,"key":"SMITH"},{"data":"Spot Weakness","floor":8,"key":"SMITH"},{"data":"Bash","floor":10,"key":"SMITH"},{"data":"Infernal Blade","floor":15,"key":"SMITH"},{"floor":23,"key":"REST"},{"data":"Uppercut","floor":28,"key":"SMITH"},{"data":"Flex","floor":32,"key":"SMITH"}],"neow_cost":"CURSE","seed_source_timestamp":464366529458732,"circlet_count":0,"master_deck":["Strike_R","Strike_R","Strike_R","Strike_R","Defend_R","Bash+1","Cleave","Perfected Strike+1","Battle Trance","Spot Weakness+1","Infernal Blade+1","Flex+1","Reaper","Cleave+1","Swift Strike","Shrug It Off","Twin Strike","Uppercut+1","Twin Strike+1","Dark Shackles"],"relics":["Burning Blood","Ice Cream","MawBank","Odd Mushroom","Empty Cage","Thread and Needle","Meat on the Bone","Ancient Tea Set","Happy Flower"],"potions_floor_usage":[13,16,22,29,30,33],"damage_taken":[{"damage":3,"enemies":"Jaw Worm","floor":1,"turns":4},{"damage":0,"enemies":"2 Louse","floor":2,"turns":3},{"damage":1,"enemies":"Cultist","floor":5,"turns":3},{"damage":14,"enemies":"Blue Slaver","floor":11,"turns":3},{"damage":20,"enemies":"The Mushroom Lair","floor":13,"turns":4},{"damage":5,"enemies":"Looter","floor":14,"turns":3},{"damage":49,"enemies":"Hexaghost","floor":16,"turns":9},{"damage":37,"enemies":"Shell Parasite","floor":18,"turns":4},{"damage":25,"enemies":"Colosseum Slavers","floor":22,"turns":3},{"damage":40,"enemies":"Colosseum Nobs","floor":22,"turns":5},{"damage":6,"enemies":"Chosen","floor":24,"turns":4},{"damage":16,"enemies":"Sentry and Sphere","floor":25,"turns":4},{"damage":12,"enemies":"Chosen and Byrds","floor":27,"turns":5},{"damage":38,"enemies":"Book of Stabbing","floor":29,"turns":5},{"damage":20,"enemies":"Cultist and Chosen","floor":30,"turns":5},{"damage":67,"enemies":"Automaton","floor":33,"turns":6}],"seed_played":"-3246275294577664869","potions_obtained":[{"floor":1,"key":"Swift Potion"},{"floor":2,"key":"GamblersBrew"},{"floor":18,"key":"SkillPotion"},{"floor":27,"key":"SkillPotion"},{"floor":29,"key":"Swift Potion"},{"floor":30,"key":"EssenceOfSteel"}],"is_trial":false,"path_per_floor":["M","M","?","?","M","R","$","R","T","R","M","?","?","M","R","B",null,"M","?","$","?","?","R","M","M","T","M","R","E","M","$","R","B"],"character_chosen":"IRONCLAD","items_purchased":["MawBank","Spot Weakness","Swift Strike","Shrug It Off","Dark Shackles"],"campfire_rested":1,"item_purchase_floors":[7,7,20,20,31],"current_hp_per_floor":[80,80,69,69,74,74,74,74,74,74,66,66,52,53,53,10,80,49,34,34,62,29,54,54,56,56,70,70,59,65,65,65,0],"gold":85,"neow_bonus":"ONE_RARE_RELIC","is_prod":false,"is_daily":false,"chose_seed":false,"campfire_upgraded":6,"win_rate":0,"timestamp":1544328394,"path_taken":["M","M","?","?","?","R","$","R","T","R","M","?","?","M","R","BOSS","M","?","$","?","?","R","M","M","T","M","R","E","M","$","R","BOSS"],"build_version":"2018-12-06","purchased_purges":2,"victory":false,"max_hp_per_floor":[80,80,80,80,80,80,80,80,80,80,80,80,80,80,80,80,80,80,85,85,85,85,85,85,85,85,85,85,85,85,85,85,85],"card_choices":[{"not_picked":["Havoc","Sentinel"],"picked":"Cleave","floor":1},{"not_picked":["Sever Soul","Second Wind"],"picked":"Perfected Strike","floor":2},{"not_picked":["Clothesline","Headbutt","Warcry"],"picked":"SKIP","floor":5},{"not_picked":["Thunderclap","Anger","Sword Boomerang"],"picked":"SKIP","floor":11},{"not_picked":["Havoc","True Grit"],"picked":"Infernal Blade","floor":13},{"not_picked":["Combust","Fire Breathing"],"picked":"Flex","floor":14},{"not_picked":["Brutality","Offering"],"picked":"Reaper","floor":16},{"not_picked":["Wild Strike+1","Headbutt"],"picked":"Cleave+1","floor":18},{"not_picked":["Blood for Blood","Second Wind","Thunderclap"],"picked":"SKIP","floor":24},{"not_picked":["Body Slam","Thunderclap"],"picked":"Twin Strike","floor":25},{"not_picked":["True Grit+1","Heavy Blade"],"picked":"Uppercut","floor":27},{"not_picked":["Searing Blow+1","Havoc"],"picked":"Twin Strike+1","floor":29},{"not_picked":["Hemokinesis","Thunderclap","Bludgeon"],"picked":"SKIP","floor":30}],"player_experience":418370,"relics_obtained":[{"floor":13,"key":"Odd Mushroom"},{"floor":22,"key":"Thread and Needle"},{"floor":22,"key":"Meat on the Bone"},{"floor":26,"key":"Ancient Tea Set"},{"floor":29,"key":"Happy Flower"}],"event_choices":[{"damage_healed":0,"gold_gain":75,"player_choice":"Gather Gold","damage_taken":11,"max_hp_gain":0,"max_hp_loss":0,"event_name":"World of Goop","floor":3,"gold_loss":0},{"damage_healed":0,"gold_gain":0,"player_choice":"1 cards matched","damage_taken":0,"max_hp_gain":0,"max_hp_loss":0,"event_name":"Match and Keep!","floor":4,"gold_loss":0,"cards_obtained":["Battle Trance"]},{"cards_removed":["Injury"],"damage_healed":0,"gold_gain":0,"player_choice":"Forget","damage_taken":0,"max_hp_gain":0,"max_hp_loss":0,"event_name":"Living Wall","floor":12,"gold_loss":0},{"damage_healed":0,"gold_gain":0,"player_choice":"Fought Mushrooms","damage_taken":0,"max_hp_gain":0,"max_hp_loss":0,"event_name":"Mushrooms","floor":13,"gold_loss":0},{"damage_healed":0,"gold_gain":0,"player_choice":"Shed Blood","damage_taken":20,"max_hp_gain":5,"max_hp_loss":0,"event_name":"Forgotten Altar","floor":19,"gold_loss":0},{"damage_healed":28,"gold_gain":0,"player_choice":"Heal","damage_taken":0,"max_hp_gain":0,"max_hp_loss":0,"event_name":"The Library","floor":21,"gold_loss":0},{"damage_healed":0,"gold_gain":0,"player_choice":"Fight","damage_taken":0,"max_hp_gain":0,"max_hp_loss":0,"event_name":"Colosseum","floor":22,"gold_loss":0},{"damage_healed":0,"gold_gain":0,"player_choice":"Fought Nobs","damage_taken":0,"max_hp_gain":0,"max_hp_loss":0,"event_name":"Colosseum","floor":22,"gold_loss":0}],"is_beta":true,"boss_relics":[{"not_picked":["Orrery","Runic Pyramid"],"picked":"Empty Cage"}],"items_purged_floors":[20,31],"is_endless":false,"potions_floor_spawned":[1,2,18,27,29,30],"killed_by":"Automaton","ascension_level":0}