{"gold_per_floor":[17,29,43,58,28,28,55,66,91,110,110],"floor_reached":11,"playtime":661,"items_purged":[],"score":100,"play_id":"3a4824a8-b262-4f2f-bef9-3b8686817d45","local_time":"20190403173558","is_ascension_mode":true,"campfire_choices":[{"data":"Dagger Spray","floor":6,"key":"SMITH"}],"neow_cost":"NO_GOLD","seed_source_timestamp":438110963847144,"circlet_count":0,"master_deck":["Defend_G","Defend_G","Defend_G","Defend_G","Defend_G","Strike_G","Strike_G","Strike_G","Survivor","Neutralize","Well Laid Plans","Footwork","Dagger Spray+1","Cloak And Dagger","Tools of the Trade"],"relics":["Ring of the Snake","Dream Catcher","Bronze Scales"],"potions_floor_usage":[],"damage_taken":[{"damage":0,"enemies":"Small Slimes","floor":1,"turns":4},{"damage":1,"enemies":"Cultist","floor":2,"turns":5},{"damage":3,"enemies":"Jaw Worm","floor":3,"turns":7},{"damage":6,"enemies":"Gremlin Gang","floor":4,"turns":8},{"damage":8,"enemies":"Looter","floor":5,"turns":4},{"damage":13,"enemies":"3 Sentries","floor":7,"turns":6},{"damage":10,"enemies":"Lots of Slimes","floor":8,"turns":4},{"damage":4,"enemies":"Blue Slaver","floor":10,"turns":4},{"damage":22,"enemies":"Gremlin Gang","floor":11,"turns":3}],"seed_played":"-2302436855822979600","potions_obtained":[{"floor":3,"key":"FearPotion"},{"floor":4,"key":"Poison Potion"}],"is_trial":false,"path_per_floor":["M","M","M","M","M","R","E","M","T","M","M"],"character_chosen":"THE_SILENT","items_purchased":[],"campfire_rested":0,"item_purchase_floors":[],"current_hp_per_floor":[63,62,59,53,45,45,32,22,22,18,0],"gold":110,"neow_bonus":"REMOVE_TWO","is_prod":false,"is_daily":false,"chose_seed":false,"campfire_upgraded":1,"win_rate":0,"timestamp":1554284158,"path_taken":["M","M","M","M","M","R","E","M","T","M","M"],"build_version":"2019-01-23","purchased_purges":0,"victory":false,"max_hp_per_floor":[70,70,70,70,70,70,70,70,70,70,70],"card_choices":[{"not_picked":["Acrobatics","Masterful Stab","Sucker Punch"],"picked":"SKIP","floor":1},{"not_picked":["Quick Slash","Flying Knee"],"picked":"Well Laid Plans","floor":2},{"not_picked":["Riddle With Holes","Sucker Punch","Masterful Stab"],"picked":"SKIP","floor":3},{"not_picked":["Dodge and Roll","Escape Plan"],"picked":"Footwork","floor":4},{"not_picked":["Deadly Poison","Poisoned Stab"],"picked":"Dagger Spray","floor":5},{"not_picked":["Slice","Dagger Throw"],"picked":"Cloak And Dagger","floor":7},{"not_picked":["PiercingWail","Reflex"],"picked":"Tools of the Trade","floor":8},{"not_picked":["Sucker Punch","Eviscerate","Dash"],"picked":"SKIP","floor":10}],"player_experience":721156,"relics_obtained":[{"floor":7,"key":"Dream Catcher"},{"floor":9,"key":"Bronze Scales"}],"event_choices":[],"is_beta":false,"boss_relics":[],"items_purged_floors":[],"is_endless":false,"potions_floor_spawned":[3,4],"killed_by":"Gremlin Gang","ascension_level":6}