{"path_per_floor":["M","M","?","M","?","R","M","M","T","M","M","R","$","T","R","B",null,"M","?","$","M","T","R","M","R","T","M","M","$","M","M","R"],"character_chosen":"DEFECT","items_purchased":["Glacier","Ancient Tea Set","Tempest"],"gold_per_floor":[113,130,80,98,98,98,112,129,176,191,211,211,100,100,100,195,195,210,210,53,67,67,67,85,85,140,150,169,94,111,125,125,125],"floor_reached":33,"campfire_rested":1,"playtime":1916,"current_hp_per_floor":[68,61,61,61,66,66,65,63,63,58,58,58,58,58,58,46,80,69,69,69,65,65,65,63,63,63,63,63,63,54,33,57,0],"items_purged":["Defend_B"],"gold":125,"score":243,"play_id":"77ce85b5-4945-4659-91ba-4ec14d42e9d6","local_time":"20180430210712","is_prod":false,"is_daily":false,"chose_seed":false,"is_ascension_mode":false,"campfire_upgraded":5,"timestamp":1525136832,"path_taken":["M","M","?","M","?","R","M","M","T","M","M","R","$","?","R","BOSS","M","?","$","M","?","R","M","R","T","?","M","?","M","M","R","BOSS"],"build_version":"2018-04-27v3","seed_source_timestamp":11270398266786,"purchased_purges":2,"victory":false,"master_deck":["Strike_B+1","Strike_B+1","Defend_B","Zap+1","Dualcast","Double Energy","Auto Shields","Impulse+1","Auto Shields","Beam Cell+1","Glacier+1","Thunder Strike+1","Redo+1","Undo+1","Skim+1","FTL+1","Tempest"],"max_hp_per_floor":[75,75,75,75,80,80,80,80,80,80,80,80,80,80,80,80,80,80,80,80,80,80,80,80,80,80,80,80,80,80,80,80,80],"relics":["Cracked Core","Omamori","Whetstone","Bottled Flame","Astrolabe","Ancient Tea Set","Darkstone Periapt","Happy Flower"],"card_choices":[{"not_picked":["Leap","Turbo"],"picked":"Double Energy","floor":1},{"not_picked":["Go for the Eyes","Sweeping Beam"],"picked":"Auto Shields","floor":2},{"not_picked":["Hello World","Streamline"],"picked":"Impulse","floor":4},{"not_picked":["Leap","Coolheaded"],"picked":"Auto Shields","floor":7},{"not_picked":["Ball Lightning","Darkness"],"picked":"Beam Cell","floor":11},{"not_picked":["Multi-Cast","Echo Form"],"picked":"Thunder Strike","floor":16},{"not_picked":["Cold Snap","Sweeping Beam"],"picked":"FTL","floor":27}],"player_experience":225996,"potions_floor_usage":[16,24,31,33,33],"damage_taken":[{"damage":7,"enemies":"2 Louse","floor":1,"turns":3},{"damage":7,"enemies":"Jaw Worm","floor":2,"turns":5},{"damage":0,"enemies":"Small Slimes","floor":4,"turns":4},{"damage":1,"enemies":"Looter","floor":7,"turns":4},{"damage":2,"enemies":"Blue Slaver","floor":8,"turns":4},{"damage":5,"enemies":"Exordium Thugs","floor":10,"turns":5},{"damage":0,"enemies":"Looter","floor":11,"turns":4},{"damage":12,"enemies":"The Guardian","floor":16,"turns":16},{"damage":11,"enemies":"Chosen","floor":18,"turns":4},{"damage":4,"enemies":"Spheric Guardian","floor":21,"turns":4},{"damage":2,"enemies":"Centurion and Healer","floor":24,"turns":6},{"damage":0,"enemies":"Snake Plant","floor":27,"turns":4},{"damage":0,"enemies":"Snecko","floor":28,"turns":4},{"damage":19,"enemies":"Centurion and Healer","floor":30,"turns":8},{"damage":33,"enemies":"Slaver and Parasite","floor":31,"turns":6},{"damage":78,"enemies":"Collector","floor":33,"turns":9}],"event_choices":[{"event_name":"The Cleric","player_choice":"Card Removal","floor":3,"damage_taken":0},{"event_name":"Big Fish","player_choice":"Donut","floor":5,"damage_taken":0},{"event_name":"Forgotten Altar","player_choice":"Smashed Altar","floor":19,"damage_taken":0}],"boss_relics":[{"not_picked":["White Beast Statue","Black Star"],"picked":"Astrolabe"}],"potions_floor_spawned":[4,7,8,11,27,28,30],"seed_played":"7869611846112830902","killed_by":"Collector","ascension_level":0,"is_trial":false}