{"gold_per_floor":[115,134,144,1,1,33,51,51,51,69,95,15,32,44,44,139,139,150,163,181,196,96,96,96],"floor_reached":24,"playtime":1180,"items_purged":["Defend_R","Strike_R","Strike_R"],"score":244,"play_id":"be1632cd-ec49-432e-a104-b709160825e1","local_time":"20190430122142","is_ascension_mode":true,"campfire_choices":[{"data":"Rage","floor":8,"key":"SMITH"},{"data":"Body Slam","floor":15,"key":"SMITH"},{"floor":23,"key":"REST"}],"neow_cost":"NONE","seed_source_timestamp":649211765688500,"circlet_count":0,"master_deck":["Strike_R","Strike_R","Strike_R","Defend_R","Defend_R","Defend_R","Bash","Inflame","Rage+1","Cleave","Inflame","Metallicize","Spot Weakness","Metallicize","Body Slam+1","Demon Form","Shrug It Off","Pommel Strike"],"relics":["Burning Blood","NeowsBlessing","Vajra","Bird Faced Urn","The Courier","Black Star"],"potions_floor_usage":[16,24],"damage_taken":[{"damage":0,"enemies":"Cultist","floor":1,"turns":1},{"damage":0,"enemies":"Jaw Worm","floor":2,"turns":1},{"damage":0,"enemies":"Small Slimes","floor":3,"turns":1},{"damage":42,"enemies":"3 Sentries","floor":6,"turns":6},{"damage":6,"enemies":"Looter","floor":7,"turns":3},{"damage":11,"enemies":"Large Slime","floor":10,"turns":7},{"damage":32,"enemies":"Lagavulin","floor":11,"turns":5},{"damage":0,"enemies":"3 Louse","floor":13,"turns":3},{"damage":12,"enemies":"Exordium Wildlife","floor":14,"turns":5},{"damage":41,"enemies":"The Guardian","floor":16,"turns":10},{"damage":11,"enemies":"Spheric Guardian","floor":18,"turns":5},{"damage":19,"enemies":"Chosen","floor":19,"turns":6},{"damage":45,"enemies":"Shelled Parasite and Fungi","floor":20,"turns":8},{"damage":44,"enemies":"Snecko","floor":21,"turns":8},{"damage":50,"enemies":"Book of Stabbing","floor":24,"turns":5}],"seed_played":"-187347795884460889","potions_obtained":[{"floor":1,"key":"LiquidBronze"},{"floor":3,"key":"Dexterity Potion"},{"floor":7,"key":"Regen Potion"},{"floor":16,"key":"Dexterity Potion"},{"floor":19,"key":"Dexterity Potion"}],"is_trial":false,"path_per_floor":["M","M","M","$","?","E","M","R","T","M","E","$","M","M","R","B",null,"M","M","M","M","$","R","E"],"character_chosen":"IRONCLAD","items_purchased":["Inflame"],"campfire_rested":1,"item_purchase_floors":[4],"current_hp_per_floor":[80,80,80,80,80,44,48,48,48,49,29,29,41,43,43,25,80,77,74,43,15,15,39,0],"gold":96,"neow_bonus":"THREE_ENEMY_KILL","is_prod":false,"is_daily":false,"chose_seed":false,"campfire_upgraded":2,"win_rate":0,"timestamp":1556641302,"path_taken":["M","?","?","?","?","E","M","R","T","?","E","$","M","M","R","BOSS","M","M","M","M","$","R","E"],"build_version":"2019-01-23","purchased_purges":3,"victory":false,"max_hp_per_floor":[80,80,80,80,80,80,80,80,80,80,80,80,80,80,80,80,80,80,80,80,80,80,80,80],"card_choices":[{"not_picked":["Second Wind","Dual Wield"],"picked":"Inflame","floor":1},{"not_picked":["Armaments","Anger"],"picked":"Rage","floor":2},{"not_picked":["Blood for Blood","Anger"],"picked":"Cleave","floor":3},{"not_picked":["Havoc","Fire Breathing","Clothesline"],"picked":"SKIP","floor":6},{"not_picked":["Sever Soul","Entrench"],"picked":"Metallicize","floor":7},{"not_picked":["Infernal Blade","Armaments"],"picked":"Spot Weakness","floor":10},{"not_picked":["Perfected Strike","Pummel"],"picked":"Metallicize","floor":11},{"not_picked":["Headbutt","Warcry"],"picked":"Body Slam","floor":13},{"not_picked":["Sword Boomerang","Warcry","Immolate"],"picked":"SKIP","floor":14},{"not_picked":["Fiend Fire","Offering"],"picked":"Demon Form","floor":16},{"not_picked":["Fire Breathing","Armaments","Feel No Pain"],"picked":"SKIP","floor":18},{"not_picked":["Anger+1","Warcry+1"],"picked":"Shrug It Off","floor":19},{"not_picked":["Power Through","Headbutt"],"picked":"Pommel Strike","floor":20},{"not_picked":["Armaments","Cleave","Sword Boomerang+1"],"picked":"SKIP","floor":21}],"player_experience":220922,"relics_obtained":[{"floor":6,"key":"Bird Faced Urn"},{"floor":11,"key":"The Courier"}],"event_choices":[{"damage_healed":0,"gold_gain":0,"player_choice":"Gave Potion","damage_taken":0,"relics_obtained":["Vajra"],"max_hp_gain":0,"max_hp_loss":0,"event_name":"WeMeetAgain","floor":5,"gold_loss":0}],"is_beta":false,"boss_relics":[{"not_picked":["Snecko Eye","Busted Crown"],"picked":"Black Star"}],"items_purged_floors":[4,12,22],"is_endless":false,"potions_floor_spawned":[1,3,7,16,19,21],"killed_by":"Book of Stabbing","ascension_level":3}