{"gold_per_floor":[118,95,95,95,95,95,120,131,184,215,228,228,204,214,214,314,314,332,332,332,382,397,431,431,44,44,193,276,276,73,83,83,83],"floor_reached":33,"playtime":2550,"items_purged":["Strike_B"],"score":294,"play_id":"31e924d5-0874-47da-bd5e-1f2ece90dd75","local_time":"20190519212314","is_ascension_mode":false,"campfire_choices":[{"data":"Zap","floor":6,"key":"SMITH"},{"data":"Consume","floor":15,"key":"SMITH"},{"data":"Dualcast","floor":24,"key":"SMITH"},{"floor":29,"key":"REST"},{"floor":32,"key":"REST"}],"neow_cost":"NONE","seed_source_timestamp":127169027048049,"circlet_count":0,"master_deck":["Strike_B","Strike_B","Strike_B","Defend_B","Defend_B","Defend_B","Defend_B","Zap+1","Dualcast+1","Loop+1","Redo","Consume+1","Hologram","Genetic Algorithm","Hologram","Conserve Battery","Seek","All For One","Cold Snap","Steam","Scrape+1","Panache"],"relics":["FrozenCore","NeowsBlessing","Juzu Bracelet","Omamori","PreservedInsect","Potion Belt","SsserpentHead","Blood Vial","FossilizedHelix","Letter Opener","Red Mask","PrismaticShard"],"potions_floor_usage":[10],"damage_taken":[{"damage":0,"enemies":"Small Slimes","floor":1,"turns":1},{"damage":0,"enemies":"Gremlin Nob","floor":7,"turns":1},{"damage":0,"enemies":"Cultist","floor":8,"turns":1},{"damage":11,"enemies":"Lagavulin","floor":10,"turns":5},{"damage":10,"enemies":"Jaw Worm","floor":11,"turns":4},{"damage":16,"enemies":"Blue Slaver","floor":14,"turns":5},{"damage":34,"enemies":"Slime Boss","floor":16,"turns":8},{"damage":21,"enemies":"3 Byrds","floor":18,"turns":6},{"damage":6,"enemies":"Spheric Guardian","floor":22,"turns":5},{"damage":28,"enemies":"Book of Stabbing","floor":23,"turns":8},{"damage":30,"enemies":"Masked Bandits","floor":28,"turns":6},{"damage":0,"enemies":"Chosen and Byrds","floor":31,"turns":4},{"damage":73,"enemies":"Collector","floor":33,"turns":7}],"seed_played":"-5889227492299981671","potions_obtained":[{"floor":7,"key":"Block Potion"},{"floor":11,"key":"SneckoOil"},{"floor":31,"key":"Energy Potion"}],"is_trial":false,"path_per_floor":["M","$","?","?","?","R","E","M","T","E","M","?","$","M","R","B",null,"M","?","?","?","M","E","R","$","T","?","?","R","$","M","R","B"],"character_chosen":"DEFECT","items_purchased":["Redo","Conserve Battery","FossilizedHelix","PrismaticShard"],"campfire_rested":2,"item_purchase_floors":[2,13,25,30],"current_hp_per_floor":[75,75,75,75,75,75,75,75,75,64,54,72,72,56,56,22,75,54,40,40,66,60,32,32,32,32,32,4,28,28,30,54,0],"gold":83,"neow_bonus":"THREE_ENEMY_KILL","is_prod":false,"is_daily":false,"chose_seed":false,"campfire_upgraded":3,"win_rate":0.0,"timestamp":1558326194,"path_taken":["M","$","?","?","?","R","E","M","T","E","M","?","$","M","R","BOSS","M","?","?","?","M","E","R","$","T","?","?","R","$","M","R","BOSS"],"build_version":"2019-01-23","purchased_purges":1,"victory":false,"max_hp_per_floor":[75,75,75,75,75,75,75,75,75,75,75,75,75,75,75,75,75,75,80,80,80,80,80,80,80,80,80,80,80,80,80,80,80],"card_choices":[{"not_picked":["Sweeping Beam","Ball Lightning"],"picked":"Loop","floor":1},{"not_picked":["Sweeping Beam","Streamline"],"picked":"Consume","floor":7},{"not_picked":["Stack","Streamline"],"picked":"Hologram","floor":8},{"not_picked":["Sweeping Beam","Tempest"],"picked":"Genetic Algorithm","floor":10},{"not_picked":["Darkness","Stack"],"picked":"Hologram","floor":11},{"not_picked":["Gash","Sweeping Beam"],"picked":"Seek","floor":14},{"not_picked":["Fission","Amplify"],"picked":"All For One","floor":16},{"not_picked":["Coolheaded","Tempest"],"picked":"Cold Snap","floor":18},{"not_picked":["Cold Snap","Scrape"],"picked":"Steam","floor":22},{"not_picked":["Stack","Streamline"],"picked":"Scrape+1","floor":23},{"not_picked":["Carnage","Flex"],"picked":"Panache","floor":31}],"player_experience":9813,"relics_obtained":[{"floor":7,"key":"Omamori"},{"floor":9,"key":"PreservedInsect"},{"floor":10,"key":"Potion Belt"},{"floor":23,"key":"Blood Vial"},{"floor":26,"key":"Letter Opener"},{"floor":28,"key":"Red Mask"}],"event_choices":[{"damage_healed":0,"gold_gain":0,"player_choice":"Box","damage_taken":0,"relics_obtained":["Juzu Bracelet"],"max_hp_gain":0,"max_hp_loss":0,"event_name":"Big Fish","floor":3,"gold_loss":0,"cards_obtained":["Regret"]},{"cards_removed":["Regret"],"damage_healed":0,"gold_gain":0,"player_choice":"Removed Curses","damage_taken":0,"max_hp_gain":0,"max_hp_loss":0,"event_name":"Fountain of Cleansing","floor":4,"gold_loss":0},{"damage_healed":0,"gold_gain":0,"player_choice":"Grow","damage_taken":0,"max_hp_gain":0,"max_hp_loss":0,"event_name":"Living Wall","floor":5,"gold_loss":0,"cards_upgraded":["Loop"]},{"damage_healed":18,"gold_gain":0,"player_choice":"Healed and dodged fight","damage_taken":0,"max_hp_gain":0,"max_hp_loss":0,"event_name":"Mushrooms","floor":12,"gold_loss":0,"cards_obtained":["Parasite"]},{"damage_healed":0,"gold_gain":0,"player_choice":"Shed Blood","damage_taken":19,"max_hp_gain":5,"max_hp_loss":0,"event_name":"Forgotten Altar","floor":19,"gold_loss":0},{"damage_healed":0,"gold_gain":0,"player_choice":"Trade","damage_taken":0,"relics_obtained":["SsserpentHead"],"max_hp_gain":0,"max_hp_loss":0,"event_name":"FaceTrader","floor":20,"gold_loss":0},{"damage_healed":26,"gold_gain":0,"player_choice":"Heal","damage_taken":0,"max_hp_gain":0,"max_hp_loss":0,"event_name":"The Library","floor":21,"gold_loss":0},{"damage_healed":0,"gold_gain":99,"player_choice":"Stole From Cult","damage_taken":0,"max_hp_gain":0,"max_hp_loss":0,"event_name":"Nest","floor":27,"gold_loss":0},{"damage_healed":0,"gold_gain":0,"player_choice":"Fought Bandits","damage_taken":0,"max_hp_gain":0,"max_hp_loss":0,"event_name":"Masked Bandits","floor":28,"gold_loss":0}],"is_beta":false,"boss_relics":[{"not_picked":["Lizard Tail","Eternal Feather"],"picked":"FrozenCore"}],"items_purged_floors":[25],"is_endless":false,"potions_floor_spawned":[7,11,31],"killed_by":"Collector","ascension_level":0}