{"gold_per_floor":[116,116,116,41,116,116,148,148,172,206,224,252,262,290,290,364,364,380,480,480,490,506,535,535,560,583,600,630,545,359,378,378,454,454,467,467,467,467,467,467,298,345,345,362,362,377,403,419,419,419,419,419,274,304,304],"floor_reached":56,"playtime":4839,"items_purged":["Strike_R","Strike_R"],"score":1885,"play_id":"3c559d9c-a677-46f6-aef9-afc3083489a2","local_time":"20190508235157","is_ascension_mode":true,"campfire_choices":[{"data":"Bash","floor":6.0,"key":"SMITH"},{"data":"Disarm","floor":8.0,"key":"SMITH"},{"floor":15,"key":"REST"},{"data":"Power Through","floor":24,"key":"SMITH"},{"data":"Corruption","floor":32,"key":"SMITH"},{"floor":40,"key":"RECALL"},{"data":"Dark Embrace","floor":45,"key":"SMITH"},{"data":"Shrug It Off","floor":49,"key":"SMITH"},{"data":"Rampage","floor":52,"key":"SMITH"}],"neow_cost":"NONE","seed_source_timestamp":133498295184377,"circlet_count":0,"master_deck":["AscendersBane","Strike_R+1","Defend_R+1","Defend_R","Defend_R","Bash+1","Rampage+1","Disarm+1","Rampage+1","Shrug It Off","Spot Weakness+1","Headbutt","Reaper","Evolve+1","Intimidate","Pummel","Power Through+1","Shrug It Off+1","Corruption+1","Shockwave+1","Dark Embrace+1","Disarm+1","Master of Strategy+1","Secret Weapon+1","Bandage Up+1","Battle Trance+1","Sentinel+1","Anger+1","Pummel","Ghostly Armor+1"],"special_seed":0,"relics":["Burning Blood","Whetstone","Happy Flower","Vajra","Strawberry","Kunai","Eternal Feather","Dead Branch","Meat on the Bone","War Paint","Bronze Scales","Regal Pillow","Red Skull","Toxic Egg 2","Sozu","Unceasing Top","PreservedInsect","Anchor","Ginger"],"potions_floor_usage":[13,14,19,19,33,50,50],"damage_taken":[{"damage":1.0,"enemies":"Cultist","floor":1.0,"turns":4.0},{"damage":13.0,"enemies":"Gremlin Nob","floor":7.0,"turns":3.0},{"damage":19.0,"enemies":"Lagavulin","floor":10.0,"turns":5.0},{"damage":4.0,"enemies":"2 Louse","floor":11.0,"turns":2.0},{"damage":20.0,"enemies":"Gremlin Nob","floor":12.0,"turns":4.0},{"damage":0,"enemies":"Small Slimes","floor":13,"turns":2},{"damage":17,"enemies":"Lagavulin","floor":14,"turns":6},{"damage":33,"enemies":"The Guardian","floor":16,"turns":8},{"damage":10,"enemies":"Chosen","floor":18,"turns":5},{"damage":56,"enemies":"Colosseum Slavers","floor":19,"turns":5},{"damage":38,"enemies":"Colosseum Nobs","floor":19,"turns":6},{"damage":23,"enemies":"2 Thieves","floor":21,"turns":4},{"damage":18,"enemies":"Centurion and Healer","floor":22,"turns":6},{"damage":38,"enemies":"Book of Stabbing","floor":23,"turns":6},{"damage":24,"enemies":"Gremlin Leader","floor":25,"turns":8},{"damage":23,"enemies":"Snecko","floor":27,"turns":6},{"damage":15,"enemies":"Book of Stabbing","floor":28,"turns":6},{"damage":14,"enemies":"Snake Plant","floor":31,"turns":4},{"damage":53,"enemies":"Automaton","floor":33,"turns":8},{"damage":6,"enemies":"3 Shapes","floor":35,"turns":3},{"damage":0,"enemies":"2 Orb Walkers","floor":42,"turns":2},{"damage":9,"enemies":"3 Darklings","floor":44,"turns":3},{"damage":16,"enemies":"Spire Growth","floor":46,"turns":4},{"damage":20,"enemies":"Reptomancer","floor":47,"turns":5},{"damage":3,"enemies":"4 Shapes","floor":48,"turns":2},{"damage":33,"enemies":"Awakened One","floor":50,"turns":7},{"damage":34,"enemies":"Shield and Spear","floor":54,"turns":4},{"damage":69,"enemies":"The Heart","floor":55,"turns":10}],"seed_played":"-2850275029606699443","potions_obtained":[{"floor":1.0,"key":"AttackPotion"},{"floor":10.0,"key":"Fire Potion"},{"floor":12.0,"key":"Energy Potion"},{"floor":16,"key":"PowerPotion"},{"floor":18,"key":"GamblersBrew"},{"floor":19,"key":"Strength Potion"},{"floor":28,"key":"SkillPotion"},{"floor":33,"key":"EntropicBrew"}],"is_trial":false,"path_per_floor":["M","?","?","?","?","R","E","R","T","E","M","E","M","E","R","B",null,"M","?","?","M","M","E","R","E","T","M","E","?","$","M","R","B",null,"M","?","?","?","?","R","$","?","T","M","R","M","E","M","R","B",null,"R","$","E","B",null],"character_chosen":"IRONCLAD","items_purchased":["Corruption","Shockwave+1","Battle Trance+1","Anchor"],"campfire_rested":1,"item_purchase_floors":[30,30,41,53],"current_hp_per_floor":[80,73,78,78,67,67,60,60,60,47,49,42,48,37,65,38,80,83,37,37,32,37,25,37,58,58,53,61,61,61,65,77,53,84,90,90,89,79,79,89,89,89,89,89,89,82,74,77,89,81,87,89,89,67,34],"gold":304,"neow_bonus":"TEN_PERCENT_HP_BONUS","is_prod":false,"is_daily":false,"chose_seed":false,"campfire_upgraded":7,"win_rate":0,"timestamp":1557373917,"path_taken":["M","?","?","?","?","R","E","R","T","E","M","E","M","E","R","BOSS","M","?","?","M","M","E","R","E","T","M","E","?","$","?","R","BOSS","M","?","?","?","?","R","$","?","T","M","R","M","E","M","R","BOSS","R","$","E","BOSS"],"build_version":"2019-01-23","purchased_purges":2,"victory":true,"max_hp_per_floor":[82,82,87,87,87,87,87,87,87,87,87,94,94,94,94,94,94,94,94,94,94,94,94,94,94,94,94,94,94,94,94,94,94,94,94,94,89,89,89,89,89,89,89,89,89,89,89,89,89,89,89,89,89,89,89],"card_choices":[{"not_picked":["Clash","Shrug It Off"],"picked":"Rampage","floor":1.0},{"not_picked":["Rage","Burning Pact"],"picked":"Disarm","floor":7.0},{"not_picked":["Body Slam","Twin Strike"],"picked":"Rampage","floor":10.0},{"not_picked":["Blood for Blood","Intimidate"],"picked":"Shrug It Off","floor":11.0},{"not_picked":["Barricade","Power Through","Clash"],"picked":"SKIP","floor":12.0},{"not_picked":["Wild Strike","Body Slam"],"picked":"Spot Weakness","floor":13},{"not_picked":["Thunderclap","Wild Strike"],"picked":"Headbutt","floor":14},{"not_picked":["Dark Embrace","Immolate"],"picked":"Reaper","floor":16},{"not_picked":["Carnage","Perfected Strike"],"picked":"Evolve+1","floor":18},{"not_picked":["Blood for Blood","Spot Weakness+1"],"picked":"Intimidate","floor":19},{"not_picked":["Carnage","Clash+1","Pommel Strike"],"picked":"SKIP","floor":21},{"not_picked":["Blood for Blood","Flex","Clash+1"],"picked":"SKIP","floor":22},{"not_picked":["Pommel Strike","Clash"],"picked":"Power Through","floor":23},{"not_picked":["Perfected Strike","Body Slam","Power Through"],"picked":"SKIP","floor":25},{"not_picked":["Cleave","Warcry","Inflame"],"picked":"SKIP","floor":27},{"not_picked":["Twin Strike","Searing Blow+1"],"picked":"Shrug It Off","floor":28},{"not_picked":["Headbutt","Clothesline","Havoc+1"],"picked":"SKIP","floor":31},{"not_picked":["Feed","Exhume+1"],"picked":"Dark Embrace","floor":33},{"not_picked":["Pummel","Cleave+1"],"picked":"Disarm+1","floor":35},{"not_picked":["Deep Breath+1","Impatience+1"],"picked":"Master of Strategy+1","floor":38},{"not_picked":["PanicButton+1","Deep Breath+1"],"picked":"Secret Weapon+1","floor":38},{"not_picked":["Flash of Steel","Good Instincts+1"],"picked":"Bandage Up+1","floor":38},{"not_picked":["Sever Soul","Pummel"],"picked":"Sentinel+1","floor":42},{"not_picked":["Warcry+1","Corruption","Inflame"],"picked":"SKIP","floor":44},{"not_picked":["Rupture","Rage+1"],"picked":"Anger+1","floor":46},{"not_picked":["Pommel Strike","Flex+1"],"picked":"Pummel","floor":47},{"not_picked":["Iron Wave","Warcry+1"],"picked":"Ghostly Armor+1","floor":48},{"not_picked":["Whirlwind","Blood for Blood","Carnage"],"picked":"SKIP","floor":54}],"player_experience":2138555,"relics_obtained":[{"floor":7.0,"key":"Whetstone"},{"floor":9.0,"key":"Happy Flower"},{"floor":10.0,"key":"Vajra"},{"floor":12.0,"key":"Strawberry"},{"floor":14,"key":"Kunai"},{"floor":19,"key":"Dead Branch"},{"floor":19,"key":"Meat on the Bone"},{"floor":23,"key":"War Paint"},{"floor":25,"key":"Bronze Scales"},{"floor":26,"key":"Regal Pillow"},{"floor":28,"key":"Red Skull"},{"floor":42,"key":"Unceasing Top"},{"floor":47,"key":"PreservedInsect"},{"floor":54,"key":"Ginger"}],"event_choices":[{"cards_removed":["Strike_R"],"damage_healed":0.0,"max_hp_gain":0.0,"max_hp_loss":0.0,"gold_gain":0.0,"event_name":"Golden Wing","player_choice":"Card Removal","floor":2.0,"gold_loss":0.0,"damage_taken":7.0},{"damage_healed":0.0,"max_hp_gain":5.0,"max_hp_loss":0.0,"gold_gain":0.0,"event_name":"Big Fish","player_choice":"Donut","floor":3.0,"gold_loss":0.0,"damage_taken":0.0},{"cards_removed":["Strike_R"],"damage_healed":0.0,"max_hp_gain":0.0,"max_hp_loss":0.0,"gold_gain":0.0,"event_name":"The Cleric","player_choice":"Card Removal","floor":4.0,"gold_loss":75.0,"damage_taken":0.0},{"damage_healed":0.0,"max_hp_gain":0.0,"max_hp_loss":0.0,"gold_gain":75.0,"event_name":"World of Goop","player_choice":"Gather Gold","floor":5.0,"gold_loss":0.0,"damage_taken":11.0},{"damage_healed":0,"gold_gain":0,"player_choice":"Fight","damage_taken":0,"max_hp_gain":0,"max_hp_loss":0,"event_name":"Colosseum","floor":19,"gold_loss":0},{"damage_healed":0,"gold_gain":0,"player_choice":"Fought Nobs","damage_taken":0,"max_hp_gain":0,"max_hp_loss":0,"event_name":"Colosseum","floor":19,"gold_loss":0},{"damage_healed":0,"gold_gain":0,"player_choice":"Read","damage_taken":0,"max_hp_gain":0,"max_hp_loss":0,"event_name":"The Library","floor":20,"gold_loss":0,"cards_obtained":["Pummel"]},{"damage_healed":0,"gold_gain":0,"player_choice":"Obtained Relic","damage_taken":0,"relics_obtained":["Toxic Egg 2"],"max_hp_gain":0,"max_hp_loss":0,"event_name":"Addict","floor":29,"gold_loss":85},{"damage_healed":0,"gold_gain":0,"player_choice":"Ignored","damage_taken":0,"max_hp_gain":0,"max_hp_loss":0,"event_name":"Tomb of Lord Red Mask","floor":36,"gold_loss":0},{"damage_healed":0,"gold_gain":0,"player_choice":"Max HP","damage_taken":0,"max_hp_gain":0,"max_hp_loss":5,"event_name":"Winding Halls","floor":37,"gold_loss":0},{"damage_healed":0,"gold_gain":0,"player_choice":"Memory 3","damage_taken":10,"max_hp_gain":0,"max_hp_loss":0,"event_name":"SensoryStone","floor":38,"gold_loss":0},{"cards_removed":["Defend_R"],"damage_healed":0,"gold_gain":0,"player_choice":"Removed Skill","damage_taken":0,"max_hp_gain":0,"max_hp_loss":0,"event_name":"Falling","floor":39,"gold_loss":0},{"damage_healed":0,"gold_gain":0,"player_choice":"Fight","damage_taken":0,"max_hp_gain":0,"max_hp_loss":0,"event_name":"Mysterious Sphere","floor":42,"gold_loss":0}],"is_beta":false,"boss_relics":[{"not_picked":["Runic Dome","Runic Pyramid"],"picked":"Eternal Feather"},{"not_picked":["Pandora\u0027s Box","White Beast Statue"],"picked":"Sozu"}],"items_purged_floors":[30,41],"is_endless":false,"potions_floor_spawned":[1,10,12,16,18,19,19,28,33,35,42,44],"ascension_level":15}