{"gold_per_floor":[110,60,78,10,21,53,53,53,76,76,87,107,107,127,127,224,224,235,255,255],"floor_reached":20,"playtime":1031,"items_purged":[],"score":194,"play_id":"5267a064-2059-4d31-87b4-3a062d2e320b","local_time":"20181106145921","is_ascension_mode":true,"campfire_choices":[{"floor":10,"key":"REST"},{"data":"Tactician","floor":13,"key":"SMITH"},{"floor":15,"key":"REST"}],"neow_cost":"NONE","seed_source_timestamp":350397521611590,"circlet_count":0,"master_deck":["Defend_G","Defend_G","Defend_G","Defend_G","Strike_G","Strike_G","Strike_G","Strike_G","Strike_G","Survivor","Neutralize","Prepared","Underhanded Strike","Accuracy","Tactician+1","Blade Dance","Prepared","Acrobatics","Dodge and Roll","Night Terror","Eviscerate+1","Skewer"],"relics":["Ring of the Snake","Mercury Hourglass","Regal Pillow","Lantern","Black Star"],"potions_floor_usage":[6,6,16,20],"damage_taken":[{"damage":11,"enemies":"Jaw Worm","floor":1,"turns":6},{"damage":1,"enemies":"Cultist","floor":3,"turns":5},{"damage":0,"enemies":"2 Louse","floor":5,"turns":3},{"damage":12,"enemies":"Gremlin Nob","floor":6,"turns":4},{"damage":11,"enemies":"Lots of Slimes","floor":11,"turns":3},{"damage":6,"enemies":"Blue Slaver","floor":12,"turns":3},{"damage":1,"enemies":"2 Fungi Beasts","floor":14,"turns":3},{"damage":79,"enemies":"The Guardian","floor":16,"turns":19},{"damage":30,"enemies":"2 Thieves","floor":18,"turns":4},{"damage":39,"enemies":"Shell Parasite","floor":19,"turns":9},{"damage":20,"enemies":"Shelled Parasite and Fungi","floor":20,"turns":8}],"seed_played":"-6708687316623230505","potions_obtained":[{"floor":1,"key":"Fire Potion"},{"floor":3,"key":"Fire Potion"},{"floor":14,"key":"Fruit Juice"},{"floor":19,"key":"Weak Potion"}],"is_trial":false,"path_per_floor":["M","?","M","$","M","E","?","T","T","R","M","M","R","M","R","B",null,"M","M","M"],"character_chosen":"THE_SILENT","items_purchased":["Accuracy"],"campfire_rested":2,"item_purchase_floors":[4],"current_hp_per_floor":[66,66,65,65,65,53,53,53,53,77,66,60,60,59,77,3,82,52,13,0],"gold":255,"neow_bonus":"TEN_PERCENT_HP_BONUS","is_prod":false,"is_daily":false,"chose_seed":false,"campfire_upgraded":1,"win_rate":0,"timestamp":1541487561,"path_taken":["M","?","M","$","M","E","?","?","T","R","M","?","R","M","R","BOSS","M","?","M"],"build_version":"2018-11-01","purchased_purges":0,"victory":false,"max_hp_per_floor":[77,77,77,77,77,77,77,77,77,77,77,77,77,77,77,82,82,82,82,82],"card_choices":[{"not_picked":["Distraction","Cloak And Dagger"],"picked":"Prepared","floor":1},{"not_picked":["Calculated Gamble","Outmaneuver"],"picked":"Underhanded Strike","floor":3},{"not_picked":["Well Laid Plans","PiercingWail"],"picked":"Tactician","floor":5},{"not_picked":["All Out Attack","Deadly Poison"],"picked":"Blade Dance","floor":6},{"not_picked":["Sucker Punch","Flying Knee"],"picked":"Prepared","floor":11},{"not_picked":["Glass Knife","Bane"],"picked":"Acrobatics","floor":12},{"not_picked":["Sucker Punch","Catalyst"],"picked":"Dodge and Roll","floor":14},{"not_picked":["Unload","Venomology"],"picked":"Night Terror","floor":16},{"not_picked":["Noxious Fumes","Dash+1"],"picked":"Eviscerate+1","floor":18},{"not_picked":["Deflect","Finisher+1"],"picked":"Skewer","floor":19}],"player_experience":416448,"relics_obtained":[{"floor":6,"key":"Mercury Hourglass"},{"floor":8,"key":"Regal Pillow"},{"floor":9,"key":"Lantern"}],"event_choices":[{"cards_removed":["Defend_G"],"damage_healed":0,"gold_gain":0,"player_choice":"Card Removal","damage_taken":0,"max_hp_gain":0,"max_hp_loss":0,"event_name":"The Cleric","floor":2,"gold_loss":50},{"damage_healed":0,"gold_gain":0,"player_choice":"Searched \u00270\u0027 times","damage_taken":0,"max_hp_gain":0,"max_hp_loss":0,"event_name":"Dead Adventurer","floor":7,"gold_loss":0}],"is_beta":false,"boss_relics":[{"not_picked":["Velvet Choker","Runic Dome"],"picked":"Black Star"}],"items_purged_floors":[],"is_endless":false,"potions_floor_spawned":[1,3,14,19],"killed_by":"Shelled Parasite and Fungi","ascension_level":2}