{"gold_per_floor":[116,291,291,302,227,227,253,153,179,107,107,107,107,124,124,224,224,238,32,32,44,44,79,94,94,94,94,106,106,25,50,50,153,153,171,171,184,197,197],"floor_reached":39,"playtime":1619,"items_purged":["Strike_G","Strike_G","Parasite"],"score":540,"play_id":"fafcc0e1-2d63-4ce2-826a-a7bcc257eda1","local_time":"20190329195430","is_ascension_mode":true,"campfire_choices":[{"data":"Neutralize","floor":6,"key":"SMITH"},{"data":"Survivor","floor":13,"key":"SMITH"},{"data":"Backflip","floor":15,"key":"SMITH"},{"floor":27,"key":"REST"},{"floor":29,"key":"REST"},{"floor":32,"key":"REST"}],"neow_cost":"NONE","seed_source_timestamp":13466014685707,"circlet_count":0,"master_deck":["Defend_G+1","Defend_G+1","Defend_G+1","Defend_G+1","Defend_G+1","Strike_G+1","Survivor+1","Neutralize+1","Crippling Poison","Heel Hook","Sucker Punch","Backflip+1","Tools of the Trade","Choke","Necronomicurse","Crippling Poison","Underhanded Strike","Noxious Fumes+1","Endless Agony","Dash","Heel Hook+1","A Thousand Cuts"],"relics":["Ring of the Snake","Juzu Bracelet","Vajra","Sozu","Necronomicon","Pen Nib","Shuriken","Ornamental Fan","Empty Cage"],"potions_floor_usage":[7,16,23],"damage_taken":[{"damage":0,"enemies":"2 Louse","floor":1,"turns":3},{"damage":2,"enemies":"Small Slimes","floor":4,"turns":4},{"damage":35,"enemies":"Gremlin Nob","floor":7,"turns":6},{"damage":0,"enemies":"Jaw Worm","floor":14,"turns":3},{"damage":53,"enemies":"The Guardian","floor":16,"turns":21},{"damage":11,"enemies":"3 Byrds","floor":18,"turns":7},{"damage":4,"enemies":"Shell Parasite","floor":21,"turns":3},{"damage":9,"enemies":"Slavers","floor":23,"turns":6},{"damage":5,"enemies":"Snecko","floor":24,"turns":4},{"damage":10,"enemies":"Snake Plant","floor":28,"turns":3},{"damage":18,"enemies":"Book of Stabbing","floor":31,"turns":6},{"damage":33,"enemies":"Automaton","floor":33,"turns":10},{"damage":2,"enemies":"Orb Walker","floor":35,"turns":3},{"damage":25,"enemies":"3 Darklings","floor":37,"turns":5},{"damage":23,"enemies":"Spire Growth","floor":38,"turns":5},{"damage":12,"enemies":"Writhing Mass","floor":39,"turns":2}],"seed_played":"6506173138034902420","potions_obtained":[{"floor":4,"key":"Weak Potion"},{"floor":16,"key":"Weak Potion"}],"is_trial":false,"path_per_floor":["M","?","?","M","$","R","E","$","T","$","?","?","R","M","R","B",null,"M","$","?","M","?","E","M","?","T","R","M","R","$","E","R","B",null,"M","?","M","M","M"],"character_chosen":"THE_SILENT","items_purchased":["GhostInAJar","Choke","Dash"],"campfire_rested":3,"item_purchase_floors":[10,19,30],"current_hp_per_floor":[70,70,63,61,61,61,26,26,26,26,51,70,70,70,70,17,62,51,51,35,31,31,22,17,17,17,39,29,51,51,33,55,22,61,59,59,34,11,0],"gold":197,"neow_bonus":"TEN_PERCENT_HP_BONUS","is_prod":false,"is_daily":false,"chose_seed":false,"campfire_upgraded":3,"win_rate":0,"timestamp":1553860470,"path_taken":["M","?","?","M","$","R","E","$","T","?","?","?","R","M","R","BOSS","M","$","?","M","?","E","M","?","T","R","M","R","$","E","R","BOSS","M","?","M","M","M"],"build_version":"2019-01-23","purchased_purges":3,"victory":false,"max_hp_per_floor":[77,77,77,77,77,77,77,77,77,77,77,77,77,77,77,77,77,77,74,74,74,74,74,74,74,74,74,74,74,74,74,74,74,74,74,74,74,74,74],"card_choices":[{"not_picked":["Dagger Throw","Bouncing Flask"],"picked":"Crippling Poison","floor":1},{"not_picked":["Backflip","Underhanded Strike"],"picked":"Heel Hook","floor":4},{"not_picked":["Outmaneuver","Deadly Poison"],"picked":"Sucker Punch","floor":7},{"not_picked":["Deadly Poison","Slice"],"picked":"Backflip","floor":14},{"not_picked":["Venomology","Grand Finale"],"picked":"Tools of the Trade","floor":16},{"not_picked":["Setup+1","Dagger Spray","Quick Slash"],"picked":"SKIP","floor":18},{"not_picked":["Choke","Infinite Blades"],"picked":"Crippling Poison","floor":21},{"not_picked":["Flying Knee","Deflect"],"picked":"Underhanded Strike","floor":23},{"not_picked":["Deflect+1","Underhanded Strike"],"picked":"Noxious Fumes+1","floor":24},{"not_picked":["Well Laid Plans","Dagger Spray"],"picked":"Endless Agony","floor":28},{"not_picked":["Dagger Throw","Dash+1"],"picked":"Heel Hook+1","floor":31},{"not_picked":["Glass Knife","Storm of Steel"],"picked":"A Thousand Cuts","floor":33},{"not_picked":["Deadly Poison","Slice+1","Cloak And Dagger+1"],"picked":"SKIP","floor":35},{"not_picked":["Escape Plan+1","Quick Slash","Cloak And Dagger+1"],"picked":"SKIP","floor":37},{"not_picked":["Finisher","Dodge and Roll+1","Concentrate"],"picked":"SKIP","floor":38}],"player_experience":705072,"relics_obtained":[{"floor":7,"key":"Juzu Bracelet"},{"floor":9,"key":"Vajra"},{"floor":20,"key":"Necronomicon"},{"floor":23,"key":"Pen Nib"},{"floor":26,"key":"Shuriken"},{"floor":31,"key":"Ornamental Fan"}],"event_choices":[{"damage_healed":0,"gold_gain":175,"player_choice":"AGREE","damage_taken":0,"max_hp_gain":0,"max_hp_loss":0,"event_name":"Liars Game","floor":2,"gold_loss":0,"cards_obtained":["Doubt"]},{"cards_removed":["Doubt"],"damage_healed":0,"gold_gain":0,"player_choice":"Card Removal","damage_taken":7,"max_hp_gain":0,"max_hp_loss":0,"event_name":"Golden Wing","floor":3,"gold_loss":0},{"damage_healed":25,"gold_gain":0,"player_choice":"Banana","damage_taken":0,"max_hp_gain":0,"max_hp_loss":0,"event_name":"Big Fish","floor":11,"gold_loss":0},{"damage_healed":19,"gold_gain":0,"player_choice":"Healed and dodged fight","damage_taken":0,"max_hp_gain":0,"max_hp_loss":0,"event_name":"Mushrooms","floor":12,"gold_loss":0,"cards_obtained":["Parasite"]},{"damage_healed":0,"gold_gain":0,"player_choice":"Obtained Book","damage_taken":16,"max_hp_gain":0,"max_hp_loss":0,"event_name":"Cursed Tome","floor":20,"gold_loss":0},{"damage_healed":0,"gold_gain":0,"player_choice":"Simplicity","damage_taken":0,"max_hp_gain":0,"max_hp_loss":0,"event_name":"Back to Basics","floor":22,"gold_loss":0,"cards_upgraded":["Defend_G","Defend_G","Defend_G","Defend_G","Defend_G","Strike_G","Strike_G","Strike_G"]},{"damage_healed":0,"gold_gain":0,"player_choice":"Ignored","damage_taken":0,"max_hp_gain":0,"max_hp_loss":0,"event_name":"Vampires","floor":25,"gold_loss":0},{"damage_healed":0,"gold_gain":0,"player_choice":"Ignored","damage_taken":0,"max_hp_gain":0,"max_hp_loss":0,"event_name":"Tomb of Lord Red Mask","floor":36,"gold_loss":0}],"is_beta":false,"boss_relics":[{"not_picked":["Runic Dome","White Beast Statue"],"picked":"Sozu"},{"not_picked":["Tiny House","Coffee Dripper"],"picked":"Empty Cage"}],"items_purged_floors":[5,8,19],"is_endless":false,"potions_floor_spawned":[4,16,21,24,31,38],"killed_by":"Writhing Mass","ascension_level":6}