{"gold_per_floor":[118,118,118,118,118,118,143,143,143,155,4,15,15,25,25,96,96,116,41,4,20,30,30,62,62,62,76,95,115,115,165,165,243,243,255,274,274,274,244,255,255],"floor_reached":41,"playtime":2258,"items_purged":["Strike_G"],"score":929,"play_id":"d75856b8-3b6f-4f31-be38-ff09cbeada79","local_time":"20190208113127","is_ascension_mode":true,"campfire_choices":[{"data":"Skewer","floor":6.0,"key":"SMITH"},{"data":"Neutralize","floor":8.0,"key":"SMITH"},{"data":"Footwork","floor":13.0,"key":"SMITH"},{"floor":15.0,"key":"REST"},{"floor":23.0,"key":"REST"},{"floor":25.0,"key":"REST"},{"floor":30.0,"key":"REST"},{"floor":32.0,"key":"REST"}],"neow_cost":"PERCENT_DAMAGE","seed_source_timestamp":169926083263100,"circlet_count":0,"master_deck":["AscendersBane","Defend_G","Defend_G","Defend_G","Defend_G","Strike_G","Strike_G","Strike_G","Survivor","Neutralize+1","Skewer+1","Poisoned Stab","Leg Sweep","Footwork+1","Deflect","Flying Knee+1","Phantasmal Killer","Cloak And Dagger+1","Well Laid Plans","Dodge and Roll","Caltrops","Bane+1","Backflip+1","Crippling Poison","Noxious Fumes+1","Phantasmal Killer","Caltrops","Writhe","Leg Sweep"],"special_seed":0,"relics":["Ring of the Snake","Nunchaku","Regal Pillow","Molten Egg 2","Velvet Choker","Art of War","Du-Vu Doll","Cursed Key"],"potions_floor_usage":[38],"damage_taken":[{"damage":7.0,"enemies":"Jaw Worm","floor":1.0,"turns":4.0},{"damage":38.0,"enemies":"Lagavulin","floor":7.0,"turns":6.0},{"damage":4.0,"enemies":"Small Slimes","floor":10.0,"turns":3.0},{"damage":0.0,"enemies":"2 Louse","floor":12.0,"turns":2.0},{"damage":10.0,"enemies":"Exordium Thugs","floor":14.0,"turns":7.0},{"damage":14.0,"enemies":"The Guardian","floor":16.0,"turns":18.0},{"damage":0.0,"enemies":"Shell Parasite","floor":18.0,"turns":6.0},{"damage":3.0,"enemies":"3 Byrds","floor":21.0,"turns":7.0},{"damage":25.0,"enemies":"Centurion and Healer","floor":22.0,"turns":7.0},{"damage":67.0,"enemies":"Gremlin Leader","floor":24.0,"turns":6.0},{"damage":18.0,"enemies":"Snake Plant","floor":27.0,"turns":3.0},{"damage":8.0,"enemies":"Shelled Parasite and Fungi","floor":28.0,"turns":4.0},{"damage":0.0,"enemies":"Cultist and Chosen","floor":29.0,"turns":6.0},{"damage":62.0,"enemies":"Champ","floor":33.0,"turns":12.0},{"damage":30.0,"enemies":"3 Darklings","floor":35.0,"turns":6.0},{"damage":2.0,"enemies":"3 Shapes","floor":36.0,"turns":6.0},{"damage":0,"enemies":"Jaw Worm Horde","floor":38,"turns":1},{"damage":12,"enemies":"4 Shapes","floor":40,"turns":6},{"damage":30,"enemies":"Sphere and 2 Shapes","floor":41,"turns":3}],"seed_played":"3571214800502817960","potions_obtained":[{"floor":1.0,"key":"Regen Potion"},{"floor":10.0,"key":"SkillPotion"},{"floor":14.0,"key":"SteroidPotion"},{"floor":21.0,"key":"Strength Potion"},{"floor":22.0,"key":"EssenceOfSteel"},{"floor":27.0,"key":"AttackPotion"},{"floor":29.0,"key":"SmokeBomb"},{"floor":39,"key":"Energy Potion"},{"floor":39,"key":"SpeedPotion"}],"is_trial":false,"path_per_floor":["M","?","?","?","?","R","E","R","T","M","$","M","R","M","R","B",null,"M","?","$","M","M","R","E","R","T","M","M","M","R","?","R","B",null,"M","M","?","M","?","M","M"],"character_chosen":"THE_SILENT","items_purchased":["Footwork","Well Laid Plans"],"campfire_rested":5,"item_purchase_floors":[11,20],"current_hp_per_floor":[38,31,31,54,54,54,31,31,31,27,27,27,27,17,53,39,62,62,62,62,59,34,70,3,39,39,21,13,13,49,49,70,8,55,25,23,41,41,41,29,0],"gold":255,"neow_bonus":"ONE_RARE_RELIC","is_prod":false,"is_daily":false,"chose_seed":false,"campfire_upgraded":3,"win_rate":0,"timestamp":1549643487,"path_taken":["M","?","?","?","?","R","E","R","T","M","?","?","R","M","R","BOSS","M","?","$","M","M","R","E","R","T","M","M","M","R","?","R","BOSS","M","M","?","M","?","?","M"],"build_version":"2019-02-06","purchased_purges":1,"victory":false,"max_hp_per_floor":[70,70,70,70,70,70,70,70,70,70,70,70,70,70,70,70,70,70,70,70,70,70,70,70,70,70,70,70,70,70,70,70,70,70,70,70,70,70,70,70,70],"card_choices":[{"not_picked":["Dagger Throw","Quick Slash"],"picked":"Skewer","floor":1.0},{"not_picked":["Blur","Quick Slash"],"picked":"Poisoned Stab","floor":7.0},{"not_picked":["Reflex","Expertise"],"picked":"Leg Sweep","floor":10.0},{"not_picked":["Cloak And Dagger","Quick Slash+1"],"picked":"Deflect","floor":12.0},{"not_picked":["Concentrate","Expertise"],"picked":"Flying Knee+1","floor":14.0},{"not_picked":["Doppelganger","After Image"],"picked":"Phantasmal Killer","floor":16.0},{"not_picked":["Quick Slash+1","Reflex"],"picked":"Cloak And Dagger+1","floor":18.0},{"not_picked":["Heel Hook+1","Finisher+1"],"picked":"Dodge and Roll","floor":21.0},{"not_picked":["Outmaneuver","Dash+1"],"picked":"Caltrops","floor":22.0},{"not_picked":["Dodge and Roll","Catalyst"],"picked":"Bane+1","floor":24.0},{"not_picked":["Infinite Blades","Prepared"],"picked":"Backflip+1","floor":27.0},{"not_picked":["Well Laid Plans","Backflip"],"picked":"Crippling Poison","floor":28.0},{"not_picked":["Backstab+1","Well Laid Plans"],"picked":"Noxious Fumes+1","floor":29.0},{"not_picked":["Glass Knife+1","Adrenaline"],"picked":"Phantasmal Killer","floor":33.0},{"not_picked":["Finisher+1","Cloak And Dagger","Flying Knee+1"],"picked":"SKIP","floor":35.0},{"not_picked":["Blade Dance","Underhanded Strike+1"],"picked":"Caltrops","floor":36.0},{"not_picked":["Heel Hook+1","Escape Plan"],"picked":"Leg Sweep","floor":40}],"player_experience":597826,"relics_obtained":[{"floor":7.0,"key":"Regal Pillow"},{"floor":9.0,"key":"Molten Egg 2"},{"floor":24.0,"key":"Art of War"},{"floor":26.0,"key":"Du-Vu Doll"}],"event_choices":[{"cards_removed":["Strike_G"],"damage_healed":0.0,"max_hp_gain":0.0,"max_hp_loss":0.0,"gold_gain":0.0,"event_name":"Golden Wing","player_choice":"Card Removal","floor":2.0,"gold_loss":0.0,"damage_taken":7.0},{"damage_healed":0.0,"max_hp_gain":0.0,"max_hp_loss":0.0,"gold_gain":0.0,"event_name":"Scrap Ooze","player_choice":"Fled","floor":3.0,"gold_loss":0.0,"damage_taken":0.0},{"damage_healed":23.0,"max_hp_gain":0.0,"max_hp_loss":0.0,"gold_gain":0.0,"event_name":"Big Fish","player_choice":"Banana","floor":4.0,"gold_loss":0.0,"damage_taken":0.0},{"damage_healed":0.0,"max_hp_gain":0.0,"max_hp_loss":0.0,"gold_gain":0.0,"event_name":"Liars Game","player_choice":"Ignored","floor":5.0,"gold_loss":0.0,"damage_taken":0.0},{"cards_removed":["Defend_G"],"damage_healed":0.0,"max_hp_gain":0.0,"max_hp_loss":0.0,"gold_gain":0.0,"event_name":"Beggar","player_choice":"Gave Gold","floor":19.0,"gold_loss":75.0,"damage_taken":0.0},{"damage_healed":0.0,"max_hp_gain":0.0,"max_hp_loss":0.0,"gold_gain":100.0,"event_name":"The Joust","player_choice":"Bet on Murderer","floor":31.0,"gold_loss":50.0,"damage_taken":0.0},{"damage_healed":18.0,"max_hp_gain":0.0,"max_hp_loss":0.0,"gold_gain":0.0,"event_name":"Winding Halls","player_choice":"Writhe","floor":37.0,"gold_loss":0.0,"damage_taken":0.0,"cards_obtained":["Writhe"]},{"damage_healed":0,"gold_gain":0,"player_choice":"Bought 2 Potions","damage_taken":0,"max_hp_gain":0,"max_hp_loss":0,"event_name":"The Woman in Blue","floor":39,"gold_loss":0}],"is_beta":true,"boss_relics":[{"not_picked":["Empty Cage","Black Star"],"picked":"Velvet Choker"},{"not_picked":["Busted Crown","Runic Dome"],"picked":"Cursed Key"}],"items_purged_floors":[11],"is_endless":false,"potions_floor_spawned":[1,10,14,21,22,27,29,38],"killed_by":"Sphere and 2 Shapes","ascension_level":13}