{"gold_per_floor":[109,129,129,148,162,187,187,212,247,259,196,196,211,221,221,321,321,337,366,378,378,396,396,413,2,2,14,27,57,88,100,100,197,197,217,217,8,22,22,22],"floor_reached":40,"playtime":2380,"items_purged":["Strike_R","Strike_R","Strike_R"],"score":542,"play_id":"00223f77-7bc8-4e68-a434-a23356badf07","local_time":"20190419010648","is_ascension_mode":true,"campfire_choices":[{"floor":7.0,"key":"RECALL"},{"data":"Inflame","floor":12.0,"key":"SMITH"},{"floor":15.0,"key":"REST"},{"data":"Whirlwind","floor":23,"key":"SMITH"},{"floor":29,"key":"DIG"},{"floor":32,"key":"DIG"}],"neow_cost":"NONE","seed_source_timestamp":2761414994173902,"circlet_count":0,"master_deck":["Strike_R","Strike_R","Defend_R","Defend_R+1","Bash","Spot Weakness+1","Trip","Brutality","Inflame+1","Whirlwind+1","Reaper","Havoc+1","Iron Wave+1","Warcry+1","Ghostly","Ghostly","Ghostly","Ghostly","Ghostly","Rampage+1","Offering","Bandage Up"],"special_seed":0,"relics":["Burning Blood","NeowsBlessing","Art of War","MawBank","War Paint","Sozu","Red Mask","Shovel","Molten Egg 2","Tiny Chest","Pantograph","Orichalcum","Empty Cage","Pen Nib"],"potions_floor_usage":[],"damage_taken":[{"damage":0.0,"enemies":"Cultist","floor":1.0,"turns":1.0},{"damage":0.0,"enemies":"Small Slimes","floor":2.0,"turns":1.0},{"damage":0.0,"enemies":"Jaw Worm","floor":4.0,"turns":1.0},{"damage":22.0,"enemies":"Large Slime","floor":5.0,"turns":5.0},{"damage":26.0,"enemies":"Lagavulin","floor":6.0,"turns":6.0},{"damage":31.0,"enemies":"Gremlin Nob","floor":8.0,"turns":4.0},{"damage":11.0,"enemies":"Blue Slaver","floor":13.0,"turns":4.0},{"damage":6.0,"enemies":"Exordium Wildlife","floor":14.0,"turns":4.0},{"damage":30.0,"enemies":"Slime Boss","floor":16.0,"turns":9.0},{"damage":26.0,"enemies":"Spheric Guardian","floor":18.0,"turns":4.0},{"damage":29.0,"enemies":"Masked Bandits","floor":19.0,"turns":4.0},{"damage":15.0,"enemies":"Shell Parasite","floor":20.0,"turns":4.0},{"damage":4,"enemies":"Snecko","floor":22,"turns":5},{"damage":5,"enemies":"3 Cultists","floor":24,"turns":3},{"damage":8,"enemies":"Snake Plant","floor":27,"turns":4},{"damage":21,"enemies":"Cultist and Chosen","floor":28,"turns":7},{"damage":7,"enemies":"Book of Stabbing","floor":30,"turns":6},{"damage":12,"enemies":"Centurion and Healer","floor":31,"turns":7},{"damage":6,"enemies":"Champ","floor":33,"turns":9},{"damage":3,"enemies":"3 Darklings","floor":35,"turns":4},{"damage":3,"enemies":"Orb Walker","floor":38,"turns":3},{"damage":41,"enemies":"Nemesis","floor":40,"turns":6}],"seed_played":"8098650102177393342","potions_obtained":[{"floor":2.0,"key":"LiquidBronze"},{"floor":4.0,"key":"Energy Potion"},{"floor":5.0,"key":"Energy Potion"},{"floor":8.0,"key":"Poison Potion"},{"floor":14.0,"key":"Regen Potion"}],"is_trial":false,"path_per_floor":["M","M","?","M","M","E","R","E","T","T","$","R","M","M","R","B",null,"M","?","M","?","M","R","M","$","T","M","M","R","E","M","R","B",null,"M","?","$","M","T","E"],"character_chosen":"IRONCLAD","items_purchased":["Shovel","Bandage Up"],"campfire_rested":1,"item_purchase_floors":[25,37],"current_hp_per_floor":[80,80,80,80,64,44,44,19,19,19,19,19,14,14,38,29,80,60,48,39,39,40,40,40,40,40,40,25,25,40,37,37,40,40,40,40,40,40,40,0],"gold":22,"neow_bonus":"THREE_ENEMY_KILL","is_prod":false,"is_daily":false,"chose_seed":false,"campfire_upgraded":2,"win_rate":0,"timestamp":1555650408,"path_taken":["M","?","?","M","?","E","R","E","T","?","$","R","M","M","R","BOSS","M","?","M","?","M","R","M","?","T","M","M","R","E","M","R","BOSS","M","?","$","?","?","E"],"build_version":"2019-01-23","purchased_purges":3,"victory":false,"max_hp_per_floor":[80,80,80,80,80,80,80,80,80,80,80,80,80,80,80,80,80,80,80,80,40,40,40,40,40,40,40,40,40,40,40,40,40,40,40,40,40,40,40,40],"card_choices":[{"not_picked":["Iron Wave","Clash","Cleave"],"picked":"SKIP","floor":1.0},{"not_picked":["Warcry","Heavy Blade"],"picked":"Spot Weakness","floor":2.0},{"not_picked":["Cleave","Wild Strike"],"picked":"Brutality","floor":4.0},{"not_picked":["True Grit","Fire Breathing","Thunderclap"],"picked":"SKIP","floor":5.0},{"not_picked":["True Grit","Fire Breathing","Thunderclap"],"picked":"SKIP","floor":5.0},{"not_picked":["Headbutt","Twin Strike","Impervious"],"picked":"SKIP","floor":6.0},{"not_picked":["Wild Strike","Twin Strike"],"picked":"Inflame","floor":8.0},{"not_picked":["Blood for Blood","Shockwave","Rupture"],"picked":"SKIP","floor":13.0},{"not_picked":["Blood for Blood","Armaments"],"picked":"Whirlwind","floor":14.0},{"not_picked":["Barricade","Immolate"],"picked":"Reaper","floor":16.0},{"not_picked":["Feel No Pain","Blood for Blood"],"picked":"Havoc+1","floor":18.0},{"not_picked":["Cleave+1","Heavy Blade"],"picked":"Iron Wave+1","floor":19.0},{"not_picked":["Metallicize","True Grit"],"picked":"Warcry+1","floor":20.0},{"not_picked":["Clothesline","Intimidate","Wild Strike+1"],"picked":"SKIP","floor":22},{"not_picked":["Metallicize","Pommel Strike","Perfected Strike"],"picked":"SKIP","floor":24},{"not_picked":["Shrug It Off","Metallicize+1"],"picked":"Rampage+1","floor":27},{"not_picked":["Wild Strike+1","Cleave+1","Shrug It Off"],"picked":"SKIP","floor":28},{"not_picked":["Barricade","Second Wind","Heavy Blade+1"],"picked":"SKIP","floor":30},{"not_picked":["Havoc","Heavy Blade+1","Thunderclap+1"],"picked":"SKIP","floor":31},{"not_picked":["Dark Embrace","Bludgeon+1"],"picked":"Offering","floor":33},{"not_picked":["Shrug It Off","Intimidate+1","Thunderclap+1"],"picked":"SKIP","floor":35},{"not_picked":["Body Slam+1","Warcry","Hemokinesis+1"],"picked":"SKIP","floor":38}],"player_experience":205473,"relics_obtained":[{"floor":6.0,"key":"Art of War"},{"floor":8.0,"key":"MawBank"},{"floor":10.0,"key":"War Paint"},{"floor":19.0,"key":"Red Mask"},{"floor":26,"key":"Molten Egg 2"},{"floor":29,"key":"Tiny Chest"},{"floor":30,"key":"Pantograph"},{"floor":32,"key":"Orichalcum"},{"floor":39,"key":"Pen Nib"}],"event_choices":[{"damage_healed":0.0,"max_hp_gain":0.0,"max_hp_loss":0.0,"gold_gain":0.0,"event_name":"Match and Keep!","player_choice":"1 cards matched","floor":3.0,"gold_loss":0.0,"damage_taken":0.0,"cards_obtained":["Trip"]},{"damage_healed":0.0,"max_hp_gain":0.0,"max_hp_loss":0.0,"gold_gain":0.0,"event_name":"Masked Bandits","player_choice":"Fought Bandits","floor":19.0,"gold_loss":0.0,"damage_taken":0.0},{"damage_healed":0,"gold_gain":0,"player_choice":"Became a Ghost","damage_taken":0,"max_hp_gain":0,"max_hp_loss":40,"event_name":"Ghosts","floor":21,"gold_loss":0,"cards_obtained":["Ghostly","Ghostly","Ghostly","Ghostly","Ghostly"]},{"damage_healed":0,"gold_gain":0,"player_choice":"Ignored","damage_taken":0,"max_hp_gain":0,"max_hp_loss":0,"event_name":"SecretPortal","floor":36,"gold_loss":0}],"is_beta":false,"boss_relics":[{"not_picked":["Mark of Pain","Lizard Tail"],"picked":"Sozu"},{"not_picked":["Runic Pyramid","Snecko Eye"],"picked":"Empty Cage"}],"items_purged_floors":[11,25,37],"is_endless":false,"potions_floor_spawned":[2,4,5,8,14,24,31,33,35,38],"killed_by":"Nemesis","ascension_level":2}