{"gold_per_floor":[215,235,185,203,203,234,234,247,297,297,297,56,92,32,32,32],"floor_reached":16,"playtime":1401,"items_purged":["Injury"],"score":108,"play_id":"be33d9be-c205-4efe-bceb-e53d5b0fc470","local_time":"20190531171333","is_ascension_mode":false,"campfire_choices":[{"floor":10,"key":"REST"},{"data":"Havoc","floor":15,"key":"SMITH"}],"neow_cost":"NONE","seed_source_timestamp":0,"circlet_count":0,"master_deck":["Strike_R","Strike_R","Strike_R","Strike_R","Defend_R","Defend_R","Defend_R","Defend_R","Bash","Havoc+1","Pummel","Berserk","Fiend Fire","Shrug It Off"],"special_seed":0,"relics":["Burning Blood","Bag of Preparation","Dodecahedron","Ancient Tea Set","Golden Idol","Matryoshka","The Courier"],"potions_floor_usage":[8,13],"damage_taken":[{"damage":2,"enemies":"2 Louse","floor":1,"turns":3},{"damage":8,"enemies":"Jaw Worm","floor":2,"turns":4},{"damage":2,"enemies":"Small Slimes","floor":4,"turns":4},{"damage":60,"enemies":"Lagavulin","floor":6,"turns":11},{"damage":2,"enemies":"Looter","floor":8,"turns":4},{"damage":22,"enemies":"Gremlin Nob","floor":13,"turns":3},{"damage":39,"enemies":"The Guardian","floor":16,"turns":8}],"seed_played":"-7036075162398368517","potions_obtained":[{"floor":6,"key":"Block Potion"},{"floor":8,"key":"PowerPotion"}],"is_trial":false,"path_per_floor":["M","M","?","M","?","E","T","M","T","R","?","$","E","$","R","B"],"character_chosen":"IRONCLAD","items_purchased":["Matryoshka"],"campfire_rested":1,"item_purchase_floors":[12],"current_hp_per_floor":[80,78,78,80,80,26,26,30,30,54,54,54,38,38,38,0],"gold":32,"neow_bonus":"HUNDRED_GOLD","is_prod":false,"is_daily":false,"chose_seed":false,"campfire_upgraded":1,"win_rate":0,"timestamp":1559348013,"path_taken":["M","M","?","M","?","E","?","M","T","R","?","$","E","?","R","BOSS"],"build_version":"2019-01-23","purchased_purges":1,"victory":false,"max_hp_per_floor":[80,80,80,80,80,80,80,80,80,80,80,80,80,80,80,80],"card_choices":[{"not_picked":["Clash","Cleave"],"picked":"Havoc","floor":1},{"not_picked":["Iron Wave","Hemokinesis"],"picked":"Pummel","floor":2},{"not_picked":["Perfected Strike","Clash"],"picked":"Berserk","floor":4},{"not_picked":["Heavy Blade","Pummel"],"picked":"Fiend Fire","floor":6},{"not_picked":["Flex","Iron Wave","Anger"],"picked":"SKIP","floor":8},{"not_picked":["Rampage","Headbutt"],"picked":"Shrug It Off","floor":13}],"player_experience":143606,"relics_obtained":[{"floor":6,"key":"Bag of Preparation"},{"floor":7,"key":"Dodecahedron"},{"floor":9,"key":"Ancient Tea Set"},{"floor":13,"key":"The Courier"}],"event_choices":[{"cards_removed":["Strike_R"],"damage_healed":0,"gold_gain":0,"player_choice":"Card Removal","damage_taken":0,"max_hp_gain":0,"max_hp_loss":0,"event_name":"The Cleric","floor":3,"gold_loss":50},{"damage_healed":0,"gold_gain":0,"player_choice":"Ignored","damage_taken":0,"max_hp_gain":0,"max_hp_loss":0,"event_name":"Liars Game","floor":5,"gold_loss":0},{"damage_healed":0,"gold_gain":0,"player_choice":"Take Wound","damage_taken":0,"relics_obtained":["Golden Idol"],"max_hp_gain":0,"max_hp_loss":0,"event_name":"Golden Idol","floor":11,"gold_loss":0,"cards_obtained":["Injury"]}],"is_beta":false,"boss_relics":[],"items_purged_floors":[14],"is_endless":false,"potions_floor_spawned":[6,8],"killed_by":"The Guardian","ascension_level":0}