{"gold_per_floor":[113,123,134,134,152,152,167,167,167,242,242,262,262,275,275,396,396,417,417,17,17,36,51,51],"floor_reached":24,"playtime":1592,"items_purged":["Strike_R"],"score":190,"play_id":"bd618d3f-aa86-4ba1-9027-3734341b80e8","local_time":"20190107220026","is_ascension_mode":false,"campfire_choices":[{"floor":6,"key":"REST"},{"data":"Bash","floor":8,"key":"SMITH"},{"data":"Clothesline","floor":11,"key":"SMITH"},{"data":"Shockwave","floor":15,"key":"SMITH"}],"neow_cost":"NONE","seed_source_timestamp":293818336438745,"circlet_count":0,"master_deck":["Strike_R","Strike_R","Strike_R","Defend_R","Defend_R","Defend_R","Defend_R","Bash+1","Dropkick","Rupture","Shockwave+1","Clothesline+1","Iron Wave","Brutality+1","Armaments+1","Barricade+1","Bash","Armaments+1"],"relics":["Black Blood","Golden Idol","Darkstone Periapt","Frozen Egg 2","Self Forming Clay"],"potions_floor_usage":[7,16,16,22,24],"damage_taken":[{"damage":6,"enemies":"2 Louse","floor":1,"turns":3},{"damage":8,"enemies":"Small Slimes","floor":2,"turns":5},{"damage":8,"enemies":"Jaw Worm","floor":3,"turns":4},{"damage":10,"enemies":"Blue Slaver","floor":5,"turns":4},{"damage":4,"enemies":"Looter","floor":7,"turns":3},{"damage":7,"enemies":"Exordium Thugs","floor":12,"turns":5},{"damage":3,"enemies":"2 Fungi Beasts","floor":14,"turns":4},{"damage":68,"enemies":"Hexaghost","floor":16,"turns":12},{"damage":54,"enemies":"3 Byrds","floor":18,"turns":7},{"damage":5,"enemies":"Shell Parasite","floor":22,"turns":11},{"damage":36,"enemies":"Snake Plant","floor":23,"turns":8},{"damage":17,"enemies":"Snecko","floor":24,"turns":3}],"seed_played":"2190235824734752923","potions_obtained":[{"floor":1,"key":"Poison Potion"},{"floor":3,"key":"EssenceOfSteel"},{"floor":5,"key":"AttackPotion"},{"floor":12,"key":"GamblersBrew"},{"floor":16,"key":"FearPotion"},{"floor":18,"key":"Explosive Potion"}],"is_trial":false,"path_per_floor":["M","M","M","?","M","R","M","R","T","?","R","M","T","M","R","B",null,"M","?","$","?","M","M","M"],"character_chosen":"IRONCLAD","items_purchased":["Self Forming Clay","Barricade+1"],"campfire_rested":1,"item_purchase_floors":[20,20],"current_hp_per_floor":[80,78,76,56,52,76,78,78,78,67,67,66,66,69,69,7,80,36,36,36,36,41,15,0],"gold":51,"neow_bonus":"TRANSFORM_CARD","is_prod":false,"is_daily":false,"chose_seed":false,"campfire_upgraded":3,"win_rate":0,"timestamp":1546916426,"path_taken":["M","M","M","?","M","R","M","R","T","?","R","M","?","M","R","BOSS","M","?","$","?","M","M","M"],"build_version":"2019-01-03v4","purchased_purges":1,"victory":false,"max_hp_per_floor":[80,80,80,80,80,80,80,80,80,80,80,80,80,80,80,80,80,80,80,80,80,80,80,80],"card_choices":[{"not_picked":["Reckless Charge","Wild Strike"],"picked":"Rupture","floor":1},{"not_picked":["Warcry","Second Wind"],"picked":"Shockwave","floor":2},{"not_picked":["Havoc","Metallicize","True Grit"],"picked":"SKIP","floor":3},{"not_picked":["Corruption","Headbutt"],"picked":"Clothesline","floor":5},{"not_picked":["Iron Wave","Pommel Strike","Anger"],"picked":"SKIP","floor":7},{"not_picked":["Metallicize","Demon Form"],"picked":"Iron Wave","floor":12},{"not_picked":["Clash","Perfected Strike","Disarm"],"picked":"SKIP","floor":14},{"not_picked":["Dark Embrace+1","Berserk+1"],"picked":"Brutality+1","floor":16},{"not_picked":["Blood for Blood","Body Slam"],"picked":"Armaments+1","floor":18},{"not_picked":["Whirlwind","Blood for Blood"],"picked":"Armaments+1","floor":22},{"not_picked":["Anger","Headbutt+1","Heavy Blade"],"picked":"SKIP","floor":23}],"player_experience":468235,"relics_obtained":[{"floor":9,"key":"Darkstone Periapt"},{"floor":13,"key":"Frozen Egg 2"}],"event_choices":[{"damage_healed":0,"gold_gain":0,"player_choice":"Take Damage","damage_taken":20,"relics_obtained":["Golden Idol"],"max_hp_gain":0,"max_hp_loss":0,"event_name":"Golden Idol","floor":4,"gold_loss":0},{"damage_healed":0,"gold_gain":75,"player_choice":"Gather Gold","damage_taken":11,"max_hp_gain":0,"max_hp_loss":0,"event_name":"World of Goop","floor":10,"gold_loss":0},{"damage_healed":0,"gold_gain":0,"player_choice":"Ignored","damage_taken":0,"max_hp_gain":0,"max_hp_loss":0,"event_name":"Ghosts","floor":19,"gold_loss":0},{"damage_healed":0,"gold_gain":0,"player_choice":"1 cards matched","damage_taken":0,"max_hp_gain":0,"max_hp_loss":0,"event_name":"Match and Keep!","floor":21,"gold_loss":0,"cards_obtained":["Bash"]}],"is_beta":true,"boss_relics":[{"not_picked":["Ectoplasm","Tiny House"],"picked":"Black Blood"}],"items_purged_floors":[20],"is_endless":false,"potions_floor_spawned":[1,3,5,12,16,18],"killed_by":"Snecko","ascension_level":0}