{"gold_per_floor":[114,189,139,64,64,64,100,100,100,125,145,70,90,90,90,90],"floor_reached":16,"playtime":981,"items_purged":["Strike_R"],"score":138,"play_id":"252949bd-3c83-4fc6-bae6-02f0c62e47b7","local_time":"20190512165137","is_ascension_mode":true,"campfire_choices":[{"floor":6.0,"key":"REST"},{"data":"Inflame","floor":8.0,"key":"SMITH"},{"data":"Pummel","floor":15,"key":"SMITH"}],"neow_cost":"PERCENT_DAMAGE","seed_source_timestamp":157940756260900,"circlet_count":0,"master_deck":["Strike_R","Strike_R","Strike_R","Defend_R","Defend_R","Defend_R","Bash","Clothesline","Inflame+1","Pummel+1","Perfected Strike"],"special_seed":0,"relics":["Burning Blood","Golden Idol","Champion Belt"],"potions_floor_usage":[16],"damage_taken":[{"damage":8.0,"enemies":"2 Louse","floor":1.0,"turns":3.0},{"damage":32.0,"enemies":"Gremlin Nob","floor":7.0,"turns":4.0},{"damage":7.0,"enemies":"Small Slimes","floor":10.0,"turns":3.0},{"damage":8.0,"enemies":"Jaw Worm","floor":11.0,"turns":4.0},{"damage":9.0,"enemies":"Looter","floor":13.0,"turns":3.0},{"damage":31,"enemies":"Hexaghost","floor":16,"turns":9}],"seed_played":"-8386419830267800859","potions_obtained":[{"floor":7.0,"key":"GamblersBrew"},{"floor":11.0,"key":"SneckoOil"}],"is_trial":false,"path_per_floor":["M","?","?","$","?","R","E","R","T","M","M","$","M","?","R","B"],"character_chosen":"IRONCLAD","items_purchased":["Inflame"],"campfire_rested":1,"item_purchase_floors":[4],"current_hp_per_floor":[70,59,59,59,35,63,37,37,37,36,34,34,31,31,31,0],"gold":90,"neow_bonus":"TWENTY_PERCENT_HP_BONUS","is_prod":false,"is_daily":false,"chose_seed":false,"campfire_upgraded":2,"win_rate":0,"timestamp":1557694297,"path_taken":["M","?","?","$","?","R","E","R","T","M","M","$","M","?","R","BOSS"],"build_version":"2019-01-23","purchased_purges":1,"victory":false,"max_hp_per_floor":[96,96,96,96,96,96,96,96,96,96,96,96,96,96,96,96],"card_choices":[{"not_picked":["Pommel Strike","Cleave"],"picked":"Clothesline","floor":1.0},{"not_picked":["Cleave","Reckless Charge","Perfected Strike"],"picked":"SKIP","floor":7.0},{"not_picked":["Heavy Blade","Sentinel"],"picked":"Pummel","floor":10.0},{"not_picked":["Headbutt","Body Slam","Dual Wield"],"picked":"SKIP","floor":11.0},{"not_picked":["Pommel Strike","Cleave","Iron Wave"],"picked":"SKIP","floor":13}],"player_experience":271609,"relics_obtained":[{"floor":7.0,"key":"Champion Belt"}],"event_choices":[{"damage_healed":0.0,"max_hp_gain":0.0,"max_hp_loss":0.0,"gold_gain":75.0,"event_name":"World of Goop","player_choice":"Gather Gold","floor":2.0,"gold_loss":0.0,"damage_taken":11.0},{"cards_removed":["Defend_R"],"damage_healed":0.0,"max_hp_gain":0.0,"max_hp_loss":0.0,"gold_gain":0.0,"event_name":"The Cleric","player_choice":"Card Removal","floor":3.0,"gold_loss":50.0,"damage_taken":0.0},{"damage_healed":0.0,"max_hp_gain":0.0,"max_hp_loss":0.0,"gold_gain":0.0,"event_name":"Golden Idol","player_choice":"Take Damage","floor":5.0,"gold_loss":0.0,"damage_taken":24.0,"relics_obtained":["Golden Idol"]},{"damage_healed":0,"gold_gain":0,"cards_transformed":["Strike_R"],"player_choice":"Change","damage_taken":0,"max_hp_gain":0,"max_hp_loss":0,"event_name":"Living Wall","floor":14,"gold_loss":0,"cards_obtained":["Perfected Strike"]}],"is_beta":false,"boss_relics":[],"items_purged_floors":[12],"is_endless":false,"potions_floor_spawned":[7,11],"killed_by":"Hexaghost","ascension_level":3}