{"gold_per_floor":[111,36,111,111,123,123,123,140,167,167,167,190,190,25,25,25],"floor_reached":16,"playtime":379,"items_purged":[],"score":159,"play_id":"c2ee99da-6cec-4797-a189-3cc24b0fb902","local_time":"20190528213547","is_ascension_mode":true,"campfire_choices":[{"data":"Shockwave","floor":6.0,"key":"SMITH"},{"data":"Spot Weakness","floor":10.0,"key":"SMITH"},{"floor":13,"key":"REST"},{"data":"Bash","floor":15,"key":"SMITH"}],"neow_cost":"PERCENT_DAMAGE","seed_source_timestamp":1068628831791927,"circlet_count":0,"master_deck":["AscendersBane","Strike_R","Strike_R","Strike_R","Strike_R","Defend_R","Defend_R","Defend_R","Defend_R","Bash+1","Spot Weakness+1","Shockwave+1","Spot Weakness","Reaper"],"special_seed":0,"relics":["Burning Blood","Omamori","Odd Mushroom","Lantern"],"potions_floor_usage":[12],"damage_taken":[{"damage":2.0,"enemies":"2 Louse","floor":1.0,"turns":4.0},{"damage":19.0,"enemies":"Jaw Worm","floor":5.0,"turns":4.0},{"damage":0.0,"enemies":"Cultist","floor":8.0,"turns":4.0},{"damage":44,"enemies":"The Mushroom Lair","floor":12,"turns":5},{"damage":70,"enemies":"The Guardian","floor":16,"turns":11}],"seed_played":"-8817799966129010544","potions_obtained":[{"floor":5.0,"key":"SkillPotion"}],"is_trial":false,"path_per_floor":["M","$","?","?","M","R","?","M","T","R","?","?","R","$","R","B"],"character_chosen":"IRONCLAD","items_purchased":["Shockwave","Lantern"],"campfire_rested":1,"item_purchase_floors":[2,14],"current_hp_per_floor":[68,68,57,57,44,44,44,50,50,50,55,17,45,45,45,0],"gold":25,"neow_bonus":"TWENTY_PERCENT_HP_BONUS","is_prod":false,"is_daily":false,"chose_seed":false,"campfire_upgraded":3,"win_rate":0,"timestamp":1559050547,"path_taken":["M","$","?","?","?","R","?","M","T","R","?","?","R","?","R","BOSS"],"build_version":"2019-01-23","purchased_purges":0,"victory":false,"max_hp_per_floor":[89,89,89,89,89,89,89,89,89,89,94,94,94,94,94,94],"card_choices":[{"not_picked":["Cleave","Thunderclap"],"picked":"Spot Weakness","floor":1.0},{"not_picked":["Burning Pact","Body Slam"],"picked":"Spot Weakness","floor":5.0},{"not_picked":["Spot Weakness","Warcry","Havoc"],"picked":"SKIP","floor":8.0},{"not_picked":["Anger","Body Slam"],"picked":"Reaper","floor":12}],"player_experience":613780,"relics_obtained":[{"floor":9.0,"key":"Omamori"},{"floor":12,"key":"Odd Mushroom"}],"event_choices":[{"damage_healed":0.0,"max_hp_gain":0.0,"max_hp_loss":0.0,"gold_gain":75.0,"event_name":"World of Goop","player_choice":"Gather Gold","floor":3.0,"gold_loss":0.0,"damage_taken":11.0},{"cards_removed":["Strike_R"],"damage_healed":0.0,"max_hp_gain":0.0,"max_hp_loss":0.0,"gold_gain":0.0,"event_name":"Wheel of Change","player_choice":"Card Removal","floor":4.0,"gold_loss":0.0,"damage_taken":0.0},{"damage_healed":0.0,"max_hp_gain":0.0,"max_hp_loss":0.0,"gold_gain":0.0,"event_name":"Scrap Ooze","player_choice":"Fled","floor":7.0,"gold_loss":0.0,"damage_taken":0.0},{"damage_healed":0.0,"max_hp_gain":5.0,"max_hp_loss":0.0,"gold_gain":0.0,"event_name":"Big Fish","player_choice":"Donut","floor":11.0,"gold_loss":0.0,"damage_taken":0.0},{"damage_healed":0,"gold_gain":0,"player_choice":"Fought Mushrooms","damage_taken":0,"max_hp_gain":0,"max_hp_loss":0,"event_name":"Mushrooms","floor":12,"gold_loss":0}],"is_beta":false,"boss_relics":[],"items_purged_floors":[],"is_endless":false,"potions_floor_spawned":[5],"killed_by":"The Guardian","ascension_level":17}