{"gold_per_floor":[113,124,124,142,67,102,2,37,37,37,37,37,56,56,56,186,186,200,200,75,99,99,143,5,26,26,26,42,63,63,63],"floor_reached":31,"playtime":1429,"items_purged":["Strike_R","Strike_R","Defend_R","Bash"],"score":356,"play_id":"2e8723db-1264-410f-b9a0-16480e4aca6d","local_time":"20190505160622","is_ascension_mode":true,"campfire_choices":[{"floor":10,"key":"REST"},{"data":"Limit Break","floor":12,"key":"SMITH"},{"data":"Demon Form","floor":15,"key":"SMITH"},{"floor":27,"key":"RECALL"}],"neow_cost":"NONE","seed_source_timestamp":1094447244849799,"circlet_count":0,"master_deck":["Strike_R","Defend_R","Defend_R","Metallicize","Demon Form+1","Limit Break+1","Body Slam+1","Heavy Blade+1","Ghostly","Ghostly","Ghostly","Ghostly","Ghostly"],"relics":["Burning Blood","Golden Idol","Magic Flower","Empty Cage","Nloth\u0027s Gift","MawBank","Mercury Hourglass"],"potions_floor_usage":[4,29,29,31],"damage_taken":[{"damage":8,"enemies":"Jaw Worm","floor":1,"turns":5},{"damage":10,"enemies":"Small Slimes","floor":2,"turns":4},{"damage":0,"enemies":"Cultist","floor":4,"turns":4},{"damage":9,"enemies":"Lagavulin","floor":6,"turns":7},{"damage":61,"enemies":"Gremlin Nob","floor":8,"turns":6},{"damage":9,"enemies":"2 Fungi Beasts","floor":13,"turns":5},{"damage":38,"enemies":"The Guardian","floor":16,"turns":6},{"damage":37,"enemies":"3 Byrds","floor":18,"turns":6},{"damage":4,"enemies":"2 Thieves","floor":21,"turns":5},{"damage":7,"enemies":"Gremlin Leader","floor":23,"turns":7},{"damage":0,"enemies":"Snake Plant","floor":25,"turns":5},{"damage":20,"enemies":"Centurion and Healer","floor":28,"turns":5},{"damage":19,"enemies":"Chosen and Byrds","floor":29,"turns":6},{"damage":30,"enemies":"Book of Stabbing","floor":31,"turns":3}],"seed_played":"7787621486104449627","potions_obtained":[{"floor":1,"key":"FearPotion"},{"floor":13,"key":"FearPotion"},{"floor":18,"key":"BloodPotion"},{"floor":25,"key":"GamblersBrew"}],"is_trial":false,"path_per_floor":["M","M","?","M","$","E","$","E","T","R","?","R","M","?","R","B",null,"M","?","$","M","?","E","$","M","T","R","M","M","?","E"],"character_chosen":"IRONCLAD","items_purchased":[],"campfire_rested":1,"item_purchase_floors":[],"current_hp_per_floor":[86,82,60,66,66,63,63,11,11,37,37,37,37,66,66,37,88,60,44,44,44,44,44,44,44,44,44,33,29,29,0],"gold":63,"neow_bonus":"TEN_PERCENT_HP_BONUS","is_prod":false,"is_daily":false,"chose_seed":false,"campfire_upgraded":2,"win_rate":0,"timestamp":1557086782,"path_taken":["M","M","?","M","$","E","$","E","T","R","?","R","?","?","R","BOSS","M","?","$","M","?","E","$","M","T","R","M","?","?","E"],"build_version":"2019-01-23","purchased_purges":4,"victory":false,"max_hp_per_floor":[88,88,88,88,88,88,88,88,88,88,88,88,88,88,88,88,88,88,44,44,44,44,44,44,44,44,44,44,44,44,44],"card_choices":[{"not_picked":["Entrench","Pommel Strike"],"picked":"Metallicize","floor":1},{"not_picked":["Iron Wave","Perfected Strike","Clash"],"picked":"SKIP","floor":2},{"not_picked":["True Grit","Disarm"],"picked":"Demon Form","floor":4},{"not_picked":["Thunderclap","Flex"],"picked":"Limit Break","floor":6},{"not_picked":["Sword Boomerang","Immolate"],"picked":"Body Slam","floor":8},{"not_picked":["Headbutt+1","Flame Barrier"],"picked":"Heavy Blade+1","floor":13},{"not_picked":["Ghostly Armor+1","Flex","Anger+1"],"picked":"SKIP","floor":18},{"not_picked":["Warcry","Heavy Blade+1","Wild Strike+1"],"picked":"SKIP","floor":21},{"not_picked":["Flex","Exhume","Evolve"],"picked":"SKIP","floor":23},{"not_picked":["Iron Wave","Intimidate+1","Clothesline"],"picked":"SKIP","floor":25},{"not_picked":["Iron Wave","Intimidate","Clash"],"picked":"SKIP","floor":28},{"not_picked":["Havoc","Second Wind","Power Through"],"picked":"SKIP","floor":29},{"not_picked":["Havoc","Second Wind","Power Through"],"picked":"SKIP","floor":29}],"player_experience":254085,"relics_obtained":[{"floor":6,"key":"Magic Flower"},{"floor":8,"key":"Molten Egg 2"},{"floor":23,"key":"MawBank"},{"floor":26,"key":"Mercury Hourglass"}],"event_choices":[{"damage_healed":0,"gold_gain":0,"player_choice":"Take Damage","damage_taken":22,"relics_obtained":["Golden Idol"],"max_hp_gain":0,"max_hp_loss":0,"event_name":"Golden Idol","floor":3,"gold_loss":0},{"cards_removed":["Strike_R"],"damage_healed":0,"gold_gain":0,"player_choice":"Purged","damage_taken":0,"max_hp_gain":0,"max_hp_loss":0,"event_name":"Purifier","floor":11,"gold_loss":0},{"damage_healed":29,"gold_gain":0,"player_choice":"Banana","damage_taken":0,"max_hp_gain":0,"max_hp_loss":0,"event_name":"Big Fish","floor":14,"gold_loss":0},{"damage_healed":0,"gold_gain":0,"player_choice":"Became a Ghost","damage_taken":0,"max_hp_gain":0,"max_hp_loss":44,"event_name":"Ghosts","floor":19,"gold_loss":0,"cards_obtained":["Ghostly","Ghostly","Ghostly","Ghostly","Ghostly"]},{"damage_healed":0,"gold_gain":0,"player_choice":"Traded Relic","damage_taken":0,"relics_obtained":["Nloth\u0027s Gift"],"max_hp_gain":0,"max_hp_loss":0,"event_name":"N\u0027loth","floor":22,"relics_lost":["Molten Egg 2"],"gold_loss":0}],"is_beta":false,"boss_relics":[{"not_picked":["Velvet Choker","Runic Dome"],"picked":"Empty Cage"}],"items_purged_floors":[5,7,20,24],"is_endless":false,"potions_floor_spawned":[1,13,18,25,28],"killed_by":"Book of Stabbing","ascension_level":3}