{"gold_per_floor":[115,115,128,138,138,138,156,156,156,121,132,148,173,173,173,273,273,285,384,100,119,130,130,165,165,165,165,165,215,215,249,249,346,346,346],"floor_reached":35,"playtime":1432,"items_purged":["Strike_B"],"score":615,"play_id":"eb950d33-2276-457e-99f7-181b40899e36","local_time":"20190123125705","is_ascension_mode":true,"campfire_choices":[{"data":"Zap","floor":6.0,"key":"SMITH"},{"data":"Lockon","floor":8.0,"key":"SMITH"},{"floor":15.0,"key":"REST"},{"floor":23.0,"key":"REST"},{"data":"Creative AI","floor":28.0,"key":"SMITH"},{"floor":30.0,"key":"DIG"},{"floor":32.0,"key":"DIG"}],"neow_cost":"NONE","seed_source_timestamp":994754298370574,"circlet_count":0,"master_deck":["AscendersBane","Strike_B","Strike_B","Strike_B","Defend_B","Defend_B","Defend_B","Defend_B","Zap+1","Dualcast","Creative AI+1","Capacitor","Dramatic Entrance","Electrodynamics","Lockon+1","Barrage","FTL","Conserve Battery","Undo","Fission+1","Steam+1","Storm+1","Cold Snap+1","Ghostly+1","Ghostly+1","Ghostly+1","Ghostly+1","Ghostly+1","Core Surge","Reboot+1"],"special_seed":0,"relics":["Cracked Core","Matryoshka","Letter Opener","Toxic Egg 2","Nuclear Battery","Runic Capacitor","Shovel","Cables","Frozen Egg 2","The Courier","Meat on the Bone","Peace Pipe","Coffee Dripper"],"potions_floor_usage":[],"damage_taken":[{"damage":7.0,"enemies":"Jaw Worm","floor":1.0,"turns":3.0},{"damage":6.0,"enemies":"Cultist","floor":3.0,"turns":3.0},{"damage":7.0,"enemies":"Small Slimes","floor":4.0,"turns":3.0},{"damage":11.0,"enemies":"Blue Slaver","floor":7.0,"turns":3.0},{"damage":8.0,"enemies":"Red Slaver","floor":11.0,"turns":3.0},{"damage":14.0,"enemies":"3 Louse","floor":12.0,"turns":2.0},{"damage":10.0,"enemies":"Gremlin Nob","floor":13.0,"turns":3.0},{"damage":42.0,"enemies":"Hexaghost","floor":16.0,"turns":9.0},{"damage":13.0,"enemies":"Spheric Guardian","floor":18.0,"turns":4.0},{"damage":0.0,"enemies":"3 Byrds","floor":21.0,"turns":3.0},{"damage":23.0,"enemies":"Shelled Parasite and Fungi","floor":22.0,"turns":8.0},{"damage":32.0,"enemies":"Gremlin Leader","floor":24.0,"turns":6.0},{"damage":9.0,"enemies":"Book of Stabbing","floor":31.0,"turns":5.0},{"damage":13.0,"enemies":"Automaton","floor":33.0,"turns":10.0},{"damage":41,"enemies":"3 Darklings","floor":35,"turns":2}],"seed_played":"-8145335948906291785","potions_obtained":[{"floor":3.0,"key":"SteroidPotion"},{"floor":4.0,"key":"Ancient Potion"},{"floor":12.0,"key":"Dexterity Potion"},{"floor":13.0,"key":"FearPotion"},{"floor":18.0,"key":"Regen Potion"},{"floor":22.0,"key":"Regen Potion"}],"is_trial":false,"path_per_floor":["?","M","$","M","?","?","?","?","?","?"],"character_chosen":"DEFECT","items_purchased":["Runic Capacitor"],"campfire_rested":2,"item_purchase_floors":[20],"current_hp_per_floor":[61,61,55,48,48,48,37,37,37,55,47,33,23,23,45,3,57,44,44,44,44,21,43,51,37,37,37,37,37,37,28,28,27,35,0],"gold":346,"neow_bonus":"ONE_RANDOM_RARE_CARD","is_prod":false,"is_daily":false,"chose_seed":false,"campfire_upgraded":3,"win_rate":0,"timestamp":1548266225,"path_taken":["M","?","M","?","?","R","?","R","T","?","M","M","E","?","R","BOSS","M","?","$","M","M","R","E","?","T","?","R","?","R","E","R","BOSS","M"],"build_version":"2019-01-22","purchased_purges":1,"victory":false,"max_hp_per_floor":[75,75,75,75,75,75,75,75,75,75,75,75,75,75,75,75,75,75,75,75,75,75,75,75,37,37,37,37,37,37,37,37,37,37,37],"card_choices":[{"not_picked":["Beam Cell","Compile Driver"],"picked":"Capacitor","floor":1.0},{"not_picked":["Sweeping Beam","Cold Snap"],"picked":"Lockon","floor":3.0},{"not_picked":["Gash","Sweeping Beam","Redo"],"picked":"SKIP","floor":4.0},{"not_picked":["Amplify","Coolheaded"],"picked":"Barrage","floor":7.0},{"not_picked":["Sweeping Beam","Go for the Eyes"],"picked":"FTL","floor":11.0},{"not_picked":["Gash","Meteor Strike"],"picked":"Conserve Battery","floor":12.0},{"not_picked":["Sweeping Beam","Compile Driver"],"picked":"Undo","floor":13.0},{"not_picked":["Meteor Strike","Rainbow+1"],"picked":"Fission+1","floor":16.0},{"not_picked":["Gash","Melter"],"picked":"Steam+1","floor":18.0},{"not_picked":["Beam Cell","Genetic Algorithm+1","Steam+1"],"picked":"SKIP","floor":21.0},{"not_picked":["Barrage+1","Skim+1"],"picked":"Storm+1","floor":22.0},{"not_picked":["Redo+1","Storm"],"picked":"Cold Snap+1","floor":24.0},{"not_picked":["Beam Cell","BootSequence+1"],"picked":"Core Surge","floor":31.0},{"not_picked":["Fission+1","Core Surge"],"picked":"Reboot+1","floor":33.0}],"player_experience":520209,"relics_obtained":[{"floor":9.0,"key":"Matryoshka"},{"floor":13.0,"key":"Letter Opener"},{"floor":24.0,"key":"Shovel"},{"floor":26.0,"key":"Cables"},{"floor":26.0,"key":"Frozen Egg 2"},{"floor":30.0,"key":"The Courier"},{"floor":31.0,"key":"Meat on the Bone"},{"floor":32.0,"key":"Peace Pipe"}],"event_choices":[{"damage_healed":0.0,"max_hp_gain":0.0,"max_hp_loss":0.0,"gold_gain":0.0,"event_name":"Match and Keep!","player_choice":"2 cards matched","floor":2.0,"gold_loss":0.0,"damage_taken":0.0,"cards_obtained":["Dramatic Entrance","Electrodynamics"]},{"damage_healed":18.0,"max_hp_gain":0.0,"max_hp_loss":0.0,"gold_gain":0.0,"event_name":"The Cleric","player_choice":"Healed","floor":10.0,"gold_loss":35.0,"damage_taken":0.0},{"damage_healed":0.0,"max_hp_gain":0.0,"max_hp_loss":0.0,"gold_gain":0.0,"event_name":"WeMeetAgain","player_choice":"Gave Potion","floor":14.0,"gold_loss":0.0,"damage_taken":0.0,"relics_obtained":["Toxic Egg 2"]},{"damage_healed":0.0,"max_hp_gain":0.0,"max_hp_loss":0.0,"gold_gain":99.0,"event_name":"Nest","player_choice":"Stole From Cult","floor":19.0,"gold_loss":0.0,"damage_taken":0.0},{"damage_healed":0.0,"max_hp_gain":0.0,"max_hp_loss":38.0,"gold_gain":0.0,"event_name":"Ghosts","player_choice":"Became a Ghost","floor":25.0,"gold_loss":0.0,"damage_taken":0.0,"cards_obtained":["Ghostly","Ghostly","Ghostly","Ghostly","Ghostly"]},{"damage_healed":0.0,"max_hp_gain":0.0,"max_hp_loss":0.0,"gold_gain":0.0,"event_name":"The Mausoleum","player_choice":"Ignored","floor":27.0,"gold_loss":0.0,"damage_taken":0.0},{"damage_healed":0.0,"max_hp_gain":0.0,"max_hp_loss":0.0,"gold_gain":100.0,"event_name":"The Joust","player_choice":"Bet on Murderer","floor":29.0,"gold_loss":50.0,"damage_taken":0.0}],"is_beta":true,"boss_relics":[{"not_picked":["Runic Pyramid","Astrolabe"],"picked":"Nuclear Battery"},{"not_picked":["Inserter","Velvet Choker"],"picked":"Coffee Dripper"}],"items_purged_floors":[20],"is_endless":false,"potions_floor_spawned":[3,4,12,13,18,22],"killed_by":"3 Darklings","ascension_level":10}