{"gold_per_floor":[119,119,138,138,151,151,181,256,282,0,0,20,20,31,31,130,130,141,141,141,141,156,188,18,28,28,42,42,42,59,75,75,178,178,188,188,188,125,141,141,141],"floor_reached":41,"playtime":2510,"items_purged":["Strike_R","Defend_R","Defend_R"],"score":482,"play_id":"0876356c-7009-4591-a02d-be05eed7b837","local_time":"20181203022507","is_ascension_mode":true,"campfire_choices":[{"data":"Whirlwind","floor":6.0,"key":"SMITH"},{"floor":11.0,"key":"REST"},{"data":"Entrench","floor":13.0,"key":"SMITH"},{"data":"Inflame","floor":15.0,"key":"SMITH"},{"floor":29.0,"key":"REST"},{"data":"Infernal Blade","floor":32.0,"key":"SMITH"},{"floor":40,"key":"REST"}],"neow_cost":"NONE","seed_source_timestamp":174699728600763,"circlet_count":0,"master_deck":["Strike_R","Defend_R","Defend_R","Bash","Entrench+1","Panacea","Offering","Sword Boomerang","Inflame+1","Infernal Blade+1","Feed","Heavy Blade","Flex","Shrug It Off","Shrug It Off","Battle Trance","RitualDagger","Armaments+1","Reaper","Whirlwind","Headbutt+1","Iron Wave","Thunderclap","Reaper","Flame Barrier+1","Body Slam+1"],"special_seed":0,"relics":["Burning Blood","Red Skull","Blood Vial","Membership Card","Orrery","CultistMask","Bottled Tornado","Gremlin Horn","Paper Frog","Empty Cage"],"potions_floor_usage":[41],"damage_taken":[{"damage":2.0,"enemies":"2 Louse","floor":1.0,"turns":3.0},{"damage":6.0,"enemies":"Cultist","floor":3.0,"turns":4.0},{"damage":7.0,"enemies":"Jaw Worm","floor":5.0,"turns":2.0},{"damage":28.0,"enemies":"Gremlin Nob","floor":7.0,"turns":4.0},{"damage":7.0,"enemies":"Blue Slaver","floor":12.0,"turns":2.0},{"damage":7.0,"enemies":"2 Fungi Beasts","floor":14.0,"turns":2.0},{"damage":63.0,"enemies":"The Guardian","floor":16.0,"turns":13.0},{"damage":22.0,"enemies":"Chosen","floor":18.0,"turns":5.0},{"damage":12.0,"enemies":"3 Byrds","floor":22.0,"turns":3.0},{"damage":50.0,"enemies":"Slavers","floor":23.0,"turns":4.0},{"damage":15.0,"enemies":"3 Cultists","floor":25.0,"turns":5.0},{"damage":26.0,"enemies":"Shelled Parasite and Fungi","floor":27.0,"turns":4.0},{"damage":15.0,"enemies":"Snecko","floor":30.0,"turns":5.0},{"damage":20.0,"enemies":"Chosen and Byrds","floor":31.0,"turns":7.0},{"damage":89.0,"enemies":"Champ","floor":33.0,"turns":11.0},{"damage":11,"enemies":"3 Shapes","floor":35,"turns":2},{"damage":53,"enemies":"3 Darklings","floor":39,"turns":5},{"damage":157,"enemies":"Giant Head","floor":41,"turns":9}],"seed_played":"-6685606304909097334","potions_obtained":[{"floor":1.0,"key":"LiquidBronze"},{"floor":5.0,"key":"SkillPotion"},{"floor":7.0,"key":"AttackPotion"},{"floor":23.0,"key":"GamblersBrew"},{"floor":31.0,"key":"Fruit Juice"},{"floor":33.0,"key":"Strength Potion"}],"is_trial":false,"path_per_floor":["M","?","M","?","M","R","E","?","T","$","R","M","R","M","R","B",null,"M","?","?","?","M","E","$","M","T","M","$","R","M","M","R","B",null,"M","?","?","$","M","R","E"],"character_chosen":"IRONCLAD","items_purchased":["Membership Card","Inflame","Gremlin Horn"],"campfire_rested":3,"item_purchase_floors":[10,10,24],"current_hp_per_floor":[88,88,88,81,80,80,58,47,47,47,73,74,74,75,75,20,88,72,72,66,66,65,26,26,49,49,43,43,72,76,78,78,12,110,105,105,105,105,69,102,0],"gold":141,"neow_bonus":"TEN_PERCENT_HP_BONUS","is_prod":false,"is_daily":false,"chose_seed":false,"campfire_upgraded":4,"win_rate":0,"timestamp":1543793107,"path_taken":["M","?","?","?","M","R","E","?","T","$","R","M","R","M","R","BOSS","M","?","?","?","M","E","$","?","T","M","$","R","M","M","R","BOSS","M","?","?","$","?","R","E"],"build_version":"2018-11-15","purchased_purges":3,"victory":false,"max_hp_per_floor":[88,88,88,88,88,88,88,88,88,88,88,88,88,88,88,88,88,88,88,88,88,91,94,94,94,94,97,97,97,101,105,105,110,110,110,110,110,110,110,110,110],"card_choices":[{"not_picked":["Rampage","Rupture"],"picked":"Entrench","floor":1.0},{"not_picked":["Iron Wave","Reckless Charge"],"picked":"Whirlwind","floor":3.0},{"not_picked":["Uppercut","Havoc"],"picked":"Sword Boomerang","floor":5.0},{"not_picked":["Dual Wield","Carnage","Havoc"],"picked":"SKIP","floor":7.0},{"not_picked":["Headbutt","Shrug It Off"],"picked":"Infernal Blade","floor":12.0},{"not_picked":["Corruption","Wild Strike","Armaments"],"picked":"SKIP","floor":14.0},{"not_picked":["Immolate","Exhume"],"picked":"Feed","floor":16.0},{"not_picked":["Armaments","Flex"],"picked":"Heavy Blade","floor":17.0},{"not_picked":["Pummel","Anger"],"picked":"Flex","floor":17.0},{"not_picked":["Sword Boomerang","Infernal Blade"],"picked":"Shrug It Off","floor":17.0},{"not_picked":["Evolve","Pommel Strike"],"picked":"Shrug It Off","floor":17.0},{"not_picked":["Shockwave","Thunderclap"],"picked":"Battle Trance","floor":17.0},{"not_picked":["Shrug It Off","Blood for Blood","Perfected Strike"],"picked":"SKIP","floor":18.0},{"not_picked":["Blood for Blood","True Grit"],"picked":"Armaments+1","floor":22.0},{"not_picked":["Evolve+1","Warcry"],"picked":"Reaper","floor":23.0},{"not_picked":["Searing Blow+1","Sentinel"],"picked":"Whirlwind","floor":25.0},{"not_picked":["Sentinel+1","Bloodletting"],"picked":"Headbutt+1","floor":27.0},{"not_picked":["Anger","Flex"],"picked":"Iron Wave","floor":30.0},{"not_picked":["Clothesline","Bloodletting"],"picked":"Thunderclap","floor":31.0},{"not_picked":["Brutality","Feed"],"picked":"Reaper","floor":33.0},{"not_picked":["Carnage","Flex"],"picked":"Flame Barrier+1","floor":35},{"not_picked":["Headbutt+1","Carnage"],"picked":"Body Slam+1","floor":39}],"player_experience":417822,"relics_obtained":[{"floor":7.0,"key":"Red Skull"},{"floor":9.0,"key":"Blood Vial"},{"floor":23.0,"key":"Bottled Tornado"},{"floor":26.0,"key":"Paper Frog"}],"event_choices":[{"damage_healed":0.0,"max_hp_gain":0.0,"max_hp_loss":0.0,"gold_gain":0.0,"event_name":"Match and Keep!","player_choice":"2 cards matched","floor":2.0,"gold_loss":0.0,"damage_taken":0.0,"cards_obtained":["Panacea","Offering"]},{"cards_removed":["Strike_R"],"damage_healed":0.0,"max_hp_gain":0.0,"max_hp_loss":0.0,"gold_gain":0.0,"event_name":"Golden Wing","player_choice":"Card Removal","floor":4.0,"gold_loss":0.0,"damage_taken":7.0},{"damage_healed":0.0,"max_hp_gain":0.0,"max_hp_loss":0.0,"gold_gain":75.0,"event_name":"World of Goop","player_choice":"Gather Gold","floor":8.0,"gold_loss":0.0,"damage_taken":11.0},{"damage_healed":0.0,"max_hp_gain":0.0,"max_hp_loss":0.0,"gold_gain":0.0,"event_name":"The Mausoleum","player_choice":"Ignored","floor":19.0,"gold_loss":0.0,"damage_taken":0.0},{"damage_healed":0.0,"max_hp_gain":0.0,"max_hp_loss":0.0,"gold_gain":0.0,"event_name":"Nest","player_choice":"Joined the Cult","floor":20.0,"gold_loss":0.0,"damage_taken":6.0,"cards_obtained":["RitualDagger"]},{"damage_healed":0.0,"max_hp_gain":0.0,"max_hp_loss":0.0,"gold_gain":0.0,"event_name":"FaceTrader","player_choice":"Trade","floor":21.0,"gold_loss":0.0,"damage_taken":0.0,"relics_obtained":["CultistMask"]},{"damage_healed":0,"gold_gain":0,"player_choice":"Ignored","damage_taken":0,"max_hp_gain":0,"max_hp_loss":0,"event_name":"Tomb of Lord Red Mask","floor":36,"gold_loss":0},{"cards_removed":["Whirlwind"],"damage_healed":0,"gold_gain":0,"player_choice":"Removed Attack","damage_taken":0,"max_hp_gain":0,"max_hp_loss":0,"event_name":"Falling","floor":37,"gold_loss":0}],"is_beta":false,"boss_relics":[{"not_picked":["Tiny House","Black Blood"],"picked":"Orrery"},{"not_picked":["Calling Bell","Pandora\u0027s Box"],"picked":"Empty Cage"}],"items_purged_floors":[10,24,38],"is_endless":false,"potions_floor_spawned":[1,5,7,23,31,33],"killed_by":"Giant Head","ascension_level":1}