{"gold_per_floor":[15,34,54,154,168,193,193,193,219,219,219,238,250,279,279,380,380,396,177,188,202,218,218,235,235,259,259,259,273,273,198,198,299,299,309,409,409,426,443,443,543,559,559,559,571,571,119,151,151,151],"floor_reached":51,"playtime":2547,"items_purged":["Strike_B","Heatsinks"],"score":814,"play_id":"f2090592-2237-4696-b231-54964fda50d0","local_time":"20190515194248","is_ascension_mode":false,"campfire_choices":[{"data":"Zap","floor":8.0,"key":"SMITH"},{"data":"Dualcast","floor":11.0,"key":"SMITH"},{"data":"Defragment","floor":15.0,"key":"SMITH"},{"data":"Amplify","floor":23.0,"key":"SMITH"},{"data":"Defragment","floor":25.0,"key":"SMITH"},{"data":"Consume","floor":28.0,"key":"SMITH"},{"data":"Glacier","floor":30.0,"key":"SMITH"},{"floor":32.0,"key":"REST"},{"data":"Seek","floor":40.0,"key":"SMITH"},{"data":"Echo Form","floor":44.0,"key":"SMITH"},{"data":"Lockon","floor":46.0,"key":"SMITH"},{"data":"Leap","floor":49.0,"key":"SMITH"}],"neow_cost":"NO_GOLD","seed_source_timestamp":460897351227900,"circlet_count":0,"master_deck":["Zap+1","Dualcast+1","Undo","Ball Lightning","Consume+1","Steam","Genetic Algorithm","Machine Learning","Defragment+1","Amplify+1","Defragment+1","Glacier+1","Defragment+1","Core Surge","Echo Form+1","Leap+1","Seek+1","Lockon+1","Leap","Coolheaded+1","BootSequence+1","Coolheaded+1"],"special_seed":0,"relics":["Cracked Core","Ginger","Blood Vial","Bag of Preparation","Blue Candle","Anchor","Nuclear Battery","DataDisk","Oddly Smooth Stone","Pandora\u0027s Box","Turnip","Dodecahedron","Darkstone Periapt","StoneCalendar","Smiling Mask"],"potions_floor_usage":[],"damage_taken":[{"damage":0.0,"enemies":"2 Louse","floor":1.0,"turns":2.0},{"damage":1.0,"enemies":"Cultist","floor":2.0,"turns":3.0},{"damage":0.0,"enemies":"Small Slimes","floor":3.0,"turns":2.0},{"damage":4.0,"enemies":"Exordium Wildlife","floor":5.0,"turns":4.0},{"damage":17.0,"enemies":"3 Sentries","floor":6.0,"turns":8.0},{"damage":12.0,"enemies":"Lots of Slimes","floor":12.0,"turns":3.0},{"damage":1.0,"enemies":"3 Louse","floor":13.0,"turns":3.0},{"damage":17.0,"enemies":"Gremlin Nob","floor":14.0,"turns":4.0},{"damage":16.0,"enemies":"Hexaghost","floor":16.0,"turns":8.0},{"damage":0.0,"enemies":"Chosen","floor":18.0,"turns":4.0},{"damage":0.0,"enemies":"3 Byrds","floor":20.0,"turns":4.0},{"damage":0.0,"enemies":"Snake Plant","floor":21.0,"turns":3.0},{"damage":17.0,"enemies":"Sentry and Sphere","floor":22.0,"turns":5.0},{"damage":0.0,"enemies":"Cultist and Chosen","floor":24.0,"turns":5.0},{"damage":15.0,"enemies":"Shelled Parasite and Fungi","floor":29.0,"turns":5.0},{"damage":0.0,"enemies":"Champ","floor":33.0,"turns":16.0},{"damage":0.0,"enemies":"Orb Walker","floor":35.0,"turns":5.0},{"damage":0.0,"enemies":"Mind Bloom Boss Battle","floor":36.0,"turns":8.0},{"damage":0.0,"enemies":"3 Shapes","floor":38.0,"turns":5.0},{"damage":0.0,"enemies":"Maw","floor":39.0,"turns":6.0},{"damage":0.0,"enemies":"Transient","floor":42.0,"turns":5.0},{"damage":0.0,"enemies":"4 Shapes","floor":45.0,"turns":5.0},{"damage":0.0,"enemies":"Nemesis","floor":48.0,"turns":7.0},{"damage":0,"enemies":"Donu and Deca","floor":50,"turns":10}],"seed_played":"723475630766683797","potions_obtained":[{"floor":1.0,"key":"Block Potion"},{"floor":3.0,"key":"Poison Potion"},{"floor":5.0,"key":"GamblersBrew"},{"floor":14.0,"key":"Explosive Potion"},{"floor":16.0,"key":"Ancient Potion"},{"floor":18.0,"key":"LiquidBronze"},{"floor":22.0,"key":"SpeedPotion"},{"floor":29.0,"key":"Dexterity Potion"},{"floor":36.0,"key":"SpeedPotion"},{"floor":48.0,"key":"Regen Potion"}],"is_trial":false,"path_per_floor":["M","M","M","?","M","E","?","R","T","T","R","M","M","E","R","B",null,"M","$","M","M","M","R","M","R","T","?","R","M","R","?","R","B",null,"M","?","T","M","M","R","?","M","T","R","M","R","$","E","R","B",null],"character_chosen":"DEFECT","items_purchased":["DataDisk","StoneCalendar","SkillPotion"],"campfire_rested":1,"item_purchase_floors":[19,47,47],"current_hp_per_floor":[75,74,74,74,70,53,58,58,58,58,58,48,49,34,34,20,80,80,80,80,80,63,63,65,65,65,65,65,52,52,52,76,78,80,80,80,80,80,80,80,80,80,80,80,80,80,80,80,80,80],"gold":151,"neow_bonus":"ONE_RARE_RELIC","is_prod":false,"is_daily":false,"chose_seed":false,"campfire_upgraded":11,"win_rate":0,"timestamp":1557963768,"path_taken":["M","M","M","?","?","E","?","R","T","?","R","M","?","E","R","BOSS","M","$","M","M","M","R","M","R","T","?","R","M","R","?","R","BOSS","M","?","?","M","M","R","?","M","T","R","?","R","$","E","R","BOSS"],"build_version":"2019-05-07","purchased_purges":2,"victory":true,"max_hp_per_floor":[75,75,75,75,75,75,80,80,80,80,80,80,80,80,80,80,80,80,80,80,80,80,80,80,80,80,80,80,80,80,80,80,80,80,80,80,80,80,80,80,80,80,80,80,80,80,80,80,80,80],"card_choices":[{"not_picked":["Darkness","Force Field"],"picked":"Undo","floor":1.0},{"not_picked":["Hologram","Aggregate"],"picked":"Ball Lightning","floor":2.0},{"not_picked":["Go for the Eyes","Redo"],"picked":"Consume","floor":3.0},{"not_picked":["Storm","Blizzard"],"picked":"Steam","floor":5.0},{"not_picked":["Hologram","Rebound"],"picked":"Genetic Algorithm","floor":6.0},{"not_picked":["Hologram","Conserve Battery"],"picked":"Machine Learning","floor":12.0},{"not_picked":["Streamline","Compile Driver","Rebound"],"picked":"SKIP","floor":13.0},{"not_picked":["Ball Lightning","BootSequence"],"picked":"Defragment","floor":14.0},{"not_picked":["Buffer","Rainbow"],"picked":"Amplify","floor":16.0},{"not_picked":["Hello World+1","Beam Cell","Conserve Battery"],"picked":"SKIP","floor":18.0},{"not_picked":["Reprogram+1","Stack+1"],"picked":"Defragment+1","floor":20.0},{"not_picked":["Compile Driver+1","Go for the Eyes","Thunder Strike"],"picked":"SKIP","floor":21.0},{"not_picked":["Sweeping Beam","Beam Cell"],"picked":"Glacier","floor":22.0},{"not_picked":["Reinforced Body","Steam"],"picked":"Defragment","floor":24.0},{"not_picked":["Ball Lightning+1","Cold Snap","Rebound"],"picked":"SKIP","floor":29.0},{"not_picked":["Reboot","Machine Learning"],"picked":"Core Surge","floor":33.0},{"not_picked":["Sweeping Beam+1","BootSequence"],"picked":"Coolheaded+1","floor":35.0},{"not_picked":["Ball Lightning+1","Go for the Eyes","Rainbow"],"picked":"SKIP","floor":38.0},{"not_picked":["Rebound+1","Streamline","Undo+1"],"picked":"SKIP","floor":39.0},{"not_picked":["Force Field","Reprogram+1"],"picked":"BootSequence+1","floor":42.0},{"not_picked":["Go for the Eyes","Streamline"],"picked":"Coolheaded+1","floor":45.0},{"not_picked":["Stack","Ball Lightning","Conserve Battery+1"],"picked":"SKIP","floor":48.0}],"player_experience":698868,"relics_obtained":[{"floor":6.0,"key":"Blood Vial"},{"floor":9.0,"key":"Bag of Preparation"},{"floor":10.0,"key":"Blue Candle"},{"floor":14.0,"key":"Anchor"},{"floor":26.0,"key":"Oddly Smooth Stone"},{"floor":36.0,"key":"Turnip"},{"floor":37.0,"key":"Dodecahedron"},{"floor":43.0,"key":"Darkstone Periapt"},{"floor":48.0,"key":"Smiling Mask"}],"event_choices":[{"damage_healed":0.0,"max_hp_gain":0.0,"max_hp_loss":0.0,"gold_gain":100.0,"event_name":"Golden Shrine","player_choice":"Pray","floor":4.0,"gold_loss":0.0,"damage_taken":0.0},{"damage_healed":0.0,"max_hp_gain":5.0,"max_hp_loss":0.0,"gold_gain":0.0,"event_name":"Big Fish","player_choice":"Donut","floor":7.0,"gold_loss":0.0,"damage_taken":0.0},{"damage_healed":0.0,"max_hp_gain":0.0,"max_hp_loss":0.0,"gold_gain":0.0,"event_name":"Vampires","player_choice":"Ignored","floor":27.0,"gold_loss":0.0,"damage_taken":0.0},{"cards_removed":["Strike_B"],"damage_healed":0.0,"max_hp_gain":0.0,"max_hp_loss":0.0,"gold_gain":0.0,"event_name":"Beggar","player_choice":"Gave Gold","floor":31.0,"gold_loss":75.0,"damage_taken":0.0},{"damage_healed":0.0,"max_hp_gain":0.0,"max_hp_loss":0.0,"gold_gain":0.0,"event_name":"MindBloom","player_choice":"Fight","floor":36.0,"gold_loss":0.0,"damage_taken":0.0},{"damage_healed":0.0,"max_hp_gain":0.0,"max_hp_loss":0.0,"gold_gain":100.0,"event_name":"Golden Shrine","player_choice":"Pray","floor":41.0,"gold_loss":0.0,"damage_taken":0.0}],"is_beta":true,"boss_relics":[{"not_picked":["Lizard Tail","White Beast Statue"],"picked":"Nuclear Battery"},{"not_picked":["Runic Pyramid","Black Star"],"picked":"Pandora\u0027s Box"}],"items_purged_floors":[19,47],"is_endless":false,"potions_floor_spawned":[1,3,5,14,16,18,22,29,36,38,42,48],"ascension_level":0}