{"gold_per_floor":[115,115,115,128,143,143,176,176,230,271,30,16,52,2,2,95,95,114,135,9,25,25,25,60,80,80,80,99,99,99,99,99,176,176,195,207,307,323,342,342,342],"floor_reached":41,"playtime":2692,"items_purged":[],"score":733,"play_id":"2c2bf260-7a28-4e77-9603-1cf63b1b9f08","local_time":"20190216131107","is_ascension_mode":true,"campfire_choices":[{"data":"A Thousand Cuts","floor":6.0,"key":"SMITH"},{"floor":8.0,"key":"REST"},{"floor":15.0,"key":"REST"},{"data":"Envenom","floor":23.0,"key":"SMITH"},{"floor":27.0,"key":"REST"},{"data":"Footwork","floor":30.0,"key":"SMITH"},{"floor":32.0,"key":"REST"},{"floor":40.0,"key":"REST"}],"neow_cost":"TEN_PERCENT_HP_LOSS","seed_source_timestamp":66126595028200,"circlet_count":0,"master_deck":["AscendersBane","Defend_G","Defend_G","Defend_G","Defend_G","Strike_G","Strike_G","Survivor","Neutralize","A Thousand Cuts+1","Backstab","Bouncing Flask","Heel Hook","Escape Plan","Envenom+1","Backflip","Acrobatics","Terror","Deflect","Storm of Steel","Blade Dance","Deflect","Noxious Fumes","Dagger Spray","Backflip","Footwork+1","Footwork+1","Well Laid Plans","After Image","Underhanded Strike+1","Leg Sweep","Leg Sweep","Heel Hook+1"],"special_seed":0,"relics":["Ring of the Snake","Bloody Idol","Juzu Bracelet","Snake Skull","Strawberry","Meat on the Bone","Anchor","Empty Cage","Molten Egg 2","Mummified Hand","HoveringKite","Girya"],"potions_floor_usage":[41],"damage_taken":[{"damage":4.0,"enemies":"Jaw Worm","floor":1.0,"turns":5.0},{"damage":4.0,"enemies":"Small Slimes","floor":4.0,"turns":4.0},{"damage":1.0,"enemies":"Cultist","floor":5.0,"turns":3.0},{"damage":27.0,"enemies":"Lagavulin","floor":7.0,"turns":7.0},{"damage":30.0,"enemies":"Gremlin Nob","floor":10.0,"turns":4.0},{"damage":6.0,"enemies":"Exordium Thugs","floor":12.0,"turns":5.0},{"damage":19.0,"enemies":"3 Sentries","floor":13.0,"turns":12.0},{"damage":11.0,"enemies":"Hexaghost","floor":16.0,"turns":9.0},{"damage":0.0,"enemies":"3 Byrds","floor":18.0,"turns":4.0},{"damage":16.0,"enemies":"Shell Parasite","floor":19.0,"turns":7.0},{"damage":0.0,"enemies":"Centurion and Healer","floor":21.0,"turns":7.0},{"damage":23.0,"enemies":"Slavers","floor":24.0,"turns":6.0},{"damage":27.0,"enemies":"Snake Plant","floor":25.0,"turns":4.0},{"damage":10.0,"enemies":"Shelled Parasite and Fungi","floor":28.0,"turns":9.0},{"damage":39.0,"enemies":"Champ","floor":33.0,"turns":14.0},{"damage":46.0,"enemies":"3 Darklings","floor":35.0,"turns":5.0},{"damage":14.0,"enemies":"Orb Walker","floor":36.0,"turns":6.0},{"damage":0.0,"enemies":"Mind Bloom Boss Battle","floor":37.0,"turns":8.0},{"damage":1.0,"enemies":"Jaw Worm Horde","floor":38.0,"turns":5.0},{"damage":28.0,"enemies":"4 Shapes","floor":39.0,"turns":5.0},{"damage":69,"enemies":"Transient","floor":41,"turns":5}],"seed_played":"7611372672704327461","potions_obtained":[{"floor":1.0,"key":"GamblersBrew"},{"floor":5.0,"key":"LiquidBronze"},{"floor":13.0,"key":"SteroidPotion"},{"floor":16.0,"key":"Energy Potion"},{"floor":25.0,"key":"Block Potion"},{"floor":28.0,"key":"Fire Potion"},{"floor":36.0,"key":"Fire Potion"},{"floor":37.0,"key":"SpeedPotion"},{"floor":38.0,"key":"FearPotion"}],"is_trial":false,"path_per_floor":["M","?","?","M","M","R","E","R","T","E","$","M","E","$","R","B",null,"M","M","$","M","?","R","E","M","T","R","M","?","R","?","R","B",null,"M","M","?","M","M","R","M"],"character_chosen":"THE_SILENT","items_purchased":["Meat on the Bone","Deflect","Noxious Fumes","Dagger Spray"],"campfire_rested":5,"item_purchase_floors":[11,14,20,20],"current_hp_per_floor":[55,55,55,51,50,50,23,39,39,16,16,22,15,15,33,34,56,56,40,40,40,40,40,29,14,14,32,34,34,34,34,52,30,55,26,29,46,50,39,57,0],"gold":342,"neow_bonus":"THREE_RARE_CARDS","is_prod":false,"is_daily":false,"chose_seed":false,"campfire_upgraded":3,"win_rate":0,"timestamp":1550340667,"path_taken":["M","?","?","M","?","R","E","R","T","E","?","M","E","?","R","BOSS","M","M","$","M","?","R","E","M","T","R","M","?","R","?","R","BOSS","M","M","?","M","M","R","M"],"build_version":"2019-02-06","purchased_purges":0,"victory":false,"max_hp_per_floor":[60,56,56,56,56,56,56,56,56,63,63,63,63,63,63,63,63,63,63,63,63,63,63,63,63,63,63,63,63,63,63,63,63,63,63,63,63,63,63,63,63],"card_choices":[{"not_picked":["Night Terror","Storm of Steel"],"picked":"A Thousand Cuts","floor":0.0},{"not_picked":["Dash","Deflect"],"picked":"Backstab","floor":1.0},{"not_picked":["Masterful Stab","Outmaneuver"],"picked":"Heel Hook","floor":4.0},{"not_picked":["PiercingWail","Dagger Throw"],"picked":"Escape Plan","floor":5.0},{"not_picked":["Tactician","Setup"],"picked":"Envenom","floor":7.0},{"not_picked":["Setup","Quick Slash"],"picked":"Backflip","floor":10.0},{"not_picked":["Slice","Sucker Punch"],"picked":"Acrobatics","floor":12.0},{"not_picked":["Wraith Form v2","Underhanded Strike"],"picked":"Terror","floor":13.0},{"not_picked":["Grand Finale","Envenom"],"picked":"Storm of Steel","floor":16.0},{"not_picked":["Flying Knee","Underhanded Strike"],"picked":"Blade Dance","floor":18.0},{"not_picked":["Blade Dance","Dagger Throw"],"picked":"Deflect","floor":19.0},{"not_picked":["Quick Slash+1","Predator"],"picked":"Backflip","floor":21.0},{"not_picked":["Predator+1","Distraction"],"picked":"Footwork+1","floor":24.0},{"not_picked":["Flying Knee+1","Sucker Punch+1"],"picked":"Footwork","floor":25.0},{"not_picked":["Dagger Spray+1","Deadly Poison"],"picked":"Well Laid Plans","floor":28.0},{"not_picked":["Doppelganger","Adrenaline"],"picked":"After Image","floor":33.0},{"not_picked":["Calculated Gamble+1","Caltrops+1"],"picked":"Underhanded Strike+1","floor":35.0},{"not_picked":["Blade Dance","Deflect"],"picked":"Leg Sweep","floor":36.0},{"not_picked":["Catalyst","Distraction"],"picked":"Leg Sweep","floor":37.0},{"not_picked":["Cloak And Dagger","Terror+1"],"picked":"Heel Hook+1","floor":38.0},{"not_picked":["Deadly Poison","Deflect","Flechettes+1"],"picked":"SKIP","floor":39.0}],"player_experience":629217,"relics_obtained":[{"floor":7.0,"key":"Juzu Bracelet"},{"floor":9.0,"key":"Snake Skull"},{"floor":10.0,"key":"Strawberry"},{"floor":13.0,"key":"Anchor"},{"floor":24.0,"key":"Molten Egg 2"},{"floor":26.0,"key":"Mummified Hand"},{"floor":37.0,"key":"Girya"}],"event_choices":[{"damage_healed":0.0,"max_hp_gain":0.0,"max_hp_loss":4.0,"gold_gain":0.0,"event_name":"Golden Idol","player_choice":"Lose Max HP","floor":2.0,"gold_loss":0.0,"damage_taken":0.0,"relics_obtained":["Golden Idol"]},{"damage_healed":0.0,"max_hp_gain":0.0,"max_hp_loss":0.0,"gold_gain":0.0,"cards_transformed":["Strike_G"],"event_name":"Transmorgrifier","player_choice":"Transformed","floor":3.0,"gold_loss":0.0,"damage_taken":0.0,"cards_obtained":["Bouncing Flask"]},{"cards_removed":["Defend_G"],"damage_healed":0.0,"max_hp_gain":0.0,"max_hp_loss":0.0,"gold_gain":0.0,"event_name":"Back to Basics","player_choice":"Elegance","floor":22.0,"gold_loss":0.0,"damage_taken":0.0},{"damage_healed":0.0,"max_hp_gain":0.0,"max_hp_loss":0.0,"gold_gain":0.0,"event_name":"Cursed Tome","player_choice":"Ignored","floor":29.0,"gold_loss":0.0,"damage_taken":0.0},{"damage_healed":0.0,"max_hp_gain":0.0,"max_hp_loss":0.0,"gold_gain":0.0,"event_name":"Forgotten Altar","player_choice":"Gave Idol","floor":31.0,"relics_lost":["Golden Idol"],"gold_loss":0.0,"damage_taken":0.0,"relics_obtained":["Bloody Idol"]},{"damage_healed":0.0,"max_hp_gain":0.0,"max_hp_loss":0.0,"gold_gain":0.0,"event_name":"MindBloom","player_choice":"Fight","floor":37.0,"gold_loss":0.0,"damage_taken":0.0}],"is_beta":true,"boss_relics":[{"not_picked":["Velvet Choker","Snecko Eye"],"picked":"Empty Cage"},{"not_picked":["Lizard Tail","Calling Bell"],"picked":"HoveringKite"}],"items_purged_floors":[],"is_endless":false,"potions_floor_spawned":[1,5,13,16,25,28,36,37,38],"killed_by":"Transient","ascension_level":14}