{"gold_per_floor":[109,109,34,45,45,77,77,91,116,131,147,112,143,155,155,253,253,271,11,24,324,338,338,338],"floor_reached":24,"playtime":1614,"items_purged":["Parasite"],"score":254,"play_id":"fa7ec8b9-664c-48f2-933e-e50dbf72734d","local_time":"20190308182951","is_ascension_mode":true,"campfire_choices":[{"data":"Inflame","floor":7,"key":"SMITH"},{"floor":15,"key":"REST"},{"floor":23,"key":"REST"}],"neow_cost":"CURSE","seed_source_timestamp":1032869853183854,"circlet_count":0,"master_deck":["Strike_R","Strike_R","Strike_R","Strike_R","Strike_R","Defend_R","Defend_R","Defend_R","Defend_R","Bash","Warcry","Body Slam","Inflame+1","Battle Trance","Cleave","Metallicize","Metallicize","Barricade","Shrug It Off","Dual Wield+1","Shame"],"relics":["Burning Blood","Strawberry","Shuriken","Red Skull","Centennial Puzzle","Cursed Key","Toxic Egg 2","Old Coin"],"potions_floor_usage":[11,14,16,24,24],"damage_taken":[{"damage":5,"enemies":"Small Slimes","floor":1,"turns":4},{"damage":10,"enemies":"2 Louse","floor":4,"turns":4},{"damage":55,"enemies":"3 Sentries","floor":6,"turns":13},{"damage":8,"enemies":"Jaw Worm","floor":8,"turns":4},{"damage":11,"enemies":"Blue Slaver","floor":10,"turns":4},{"damage":13,"enemies":"Large Slime","floor":11,"turns":5},{"damage":36,"enemies":"Lagavulin","floor":13,"turns":4},{"damage":3,"enemies":"Exordium Thugs","floor":14,"turns":4},{"damage":45,"enemies":"The Guardian","floor":16,"turns":11},{"damage":30,"enemies":"Shell Parasite","floor":18,"turns":6},{"damage":38,"enemies":"3 Byrds","floor":20,"turns":6},{"damage":37,"enemies":"Sentry and Sphere","floor":22,"turns":10},{"damage":56,"enemies":"Book of Stabbing","floor":24,"turns":5}],"seed_played":"7026442361962512276","potions_obtained":[{"floor":1,"key":"LiquidBronze"},{"floor":6,"key":"EssenceOfSteel"},{"floor":8,"key":"Fire Potion"},{"floor":18,"key":"Block Potion"},{"floor":20,"key":"BloodPotion"}],"is_trial":false,"path_per_floor":["M","?","$","M","$","E","R","M","T","M","M","?","E","M","R","B",null,"M","$","M","?","M","R","E"],"character_chosen":"IRONCLAD","items_purchased":["Toxic Egg 2"],"campfire_rested":2,"item_purchase_floors":[19],"current_hp_per_floor":[96,96,96,92,92,43,43,41,41,36,29,54,24,27,57,18,100,76,76,44,44,13,43,0],"gold":338,"neow_bonus":"TWENTY_PERCENT_HP_BONUS","is_prod":false,"is_daily":false,"chose_seed":false,"campfire_upgraded":1,"win_rate":0,"timestamp":1552087791,"path_taken":["M","?","$","M","$","E","R","M","T","M","M","?","E","M","R","BOSS","M","$","M","?","M","R","E"],"build_version":"2019-01-23","purchased_purges":1,"victory":false,"max_hp_per_floor":[96,103,100,100,100,100,100,100,100,100,100,100,100,100,100,100,100,100,100,100,100,100,100,100],"card_choices":[{"not_picked":["Perfected Strike","Cleave"],"picked":"Warcry","floor":1},{"not_picked":["Clothesline","Flex"],"picked":"Body Slam","floor":4},{"not_picked":["Pommel Strike","Sword Boomerang"],"picked":"Inflame","floor":6},{"not_picked":["Ghostly Armor","Pommel Strike"],"picked":"Battle Trance","floor":8},{"not_picked":["Corruption","Sword Boomerang"],"picked":"Cleave","floor":10},{"not_picked":["Cleave","Wild Strike","Dropkick"],"picked":"SKIP","floor":11},{"not_picked":["Disarm","Perfected Strike"],"picked":"Metallicize","floor":13},{"not_picked":["Power Through","Wild Strike"],"picked":"Metallicize","floor":14},{"not_picked":["Offering","Impervious"],"picked":"Barricade","floor":16},{"not_picked":["Cleave","Searing Blow"],"picked":"Shrug It Off","floor":18},{"not_picked":["True Grit+1","Spot Weakness+1"],"picked":"Dual Wield+1","floor":20},{"not_picked":["Carnage+1","Reckless Charge","Iron Wave"],"picked":"SKIP","floor":22}],"player_experience":160976,"relics_obtained":[{"floor":6,"key":"Shuriken"},{"floor":9,"key":"Red Skull"},{"floor":13,"key":"Centennial Puzzle"}],"event_choices":[{"damage_healed":0,"gold_gain":0,"player_choice":"Success","damage_taken":7,"relics_obtained":["Strawberry"],"max_hp_gain":0,"max_hp_loss":0,"event_name":"Scrap Ooze","floor":2,"gold_loss":0},{"damage_healed":25,"gold_gain":0,"player_choice":"Healed","damage_taken":0,"max_hp_gain":0,"max_hp_loss":0,"event_name":"The Cleric","floor":12,"gold_loss":35},{"damage_healed":0,"gold_gain":0,"player_choice":"Stole Relic","damage_taken":0,"relics_obtained":["Old Coin"],"max_hp_gain":0,"max_hp_loss":0,"event_name":"Addict","floor":21,"gold_loss":0,"cards_obtained":["Shame"]}],"is_beta":false,"boss_relics":[{"not_picked":["Astrolabe","Orrery"],"picked":"Cursed Key"}],"items_purged_floors":[3],"is_endless":false,"potions_floor_spawned":[1,6,8,18,20],"killed_by":"Book of Stabbing","ascension_level":2}