{"gold_per_floor":[116,41,41,41,54,84,84,116,167,179,179,197,197,212,212,289,289,309,309,150,167,67,67,87,87,87,87,12,12,23,23],"floor_reached":31,"playtime":956,"items_purged":["Strike_R","Strike_R"],"score":557,"play_id":"af58427d-beb4-4f4d-8070-fa65083b0fb7","local_time":"20190515132703","is_ascension_mode":true,"campfire_choices":[{"floor":7.0,"key":"REST"},{"data":"Carnage","floor":11.0,"key":"SMITH"},{"data":"Bash","floor":13.0,"key":"SMITH"},{"data":"Searing Blow","floor":15.0,"key":"SMITH"},{"data":"Searing Blow+1","floor":23.0,"key":"SMITH"},{"data":"Searing Blow+2","floor":25.0,"key":"SMITH"},{"floor":29.0,"key":"REST"}],"neow_cost":"NONE","seed_source_timestamp":439775420089400,"circlet_count":0,"master_deck":["AscendersBane","Defend_R","Defend_R","Bash+1","Carnage+1","Searing Blow+3","Cleave","Brutality","Rupture"],"special_seed":0,"relics":["Burning Blood","Strawberry","Red Skull","Bag of Preparation","Philosopher\u0027s Stone","Frozen Egg 2"],"potions_floor_usage":[],"damage_taken":[{"damage":14.0,"enemies":"Small Slimes","floor":1.0,"turns":6.0},{"damage":1.0,"enemies":"2 Louse","floor":5.0,"turns":3.0},{"damage":52.0,"enemies":"Lagavulin","floor":6.0,"turns":6.0},{"damage":32.0,"enemies":"Gremlin Nob","floor":8.0,"turns":4.0},{"damage":0.0,"enemies":"Cultist","floor":10.0,"turns":2.0},{"damage":6.0,"enemies":"Looter","floor":12.0,"turns":3.0},{"damage":1.0,"enemies":"3 Louse","floor":14.0,"turns":3.0},{"damage":0.0,"enemies":"Slime Boss","floor":16.0,"turns":4.0},{"damage":24.0,"enemies":"Shell Parasite","floor":18.0,"turns":3.0},{"damage":33.0,"enemies":"Colosseum Slavers","floor":19.0,"turns":3.0},{"damage":16.0,"enemies":"2 Thieves","floor":21.0,"turns":3.0},{"damage":11.0,"enemies":"Snecko","floor":24.0,"turns":3.0},{"damage":27.0,"enemies":"Snake Plant","floor":30.0,"turns":2.0},{"damage":29,"enemies":"Shelled Parasite and Fungi","floor":31,"turns":2}],"seed_played":"-6612195930807833915","potions_obtained":[{"floor":5.0,"key":"SneckoOil"},{"floor":8.0,"key":"Block Potion"},{"floor":14.0,"key":"AttackPotion"},{"floor":16.0,"key":"Energy Potion"},{"floor":18.0,"key":"BloodPotion"}],"is_trial":false,"path_per_floor":["M","?","?","?","M","E","R","E","T","M","R","M","R","M","R","B",null,"M","?","$","M","$","R","M","R","T","?","?","R","M","M"],"character_chosen":"IRONCLAD","items_purchased":["Rupture"],"campfire_rested":2,"item_purchase_floors":[20],"current_hp_per_floor":[60,60,53,53,58,19,43,17,17,23,23,23,23,28,28,34,70,52,33,33,23,23,23,18,18,18,18,18,42,21,0],"gold":23,"neow_bonus":"REMOVE_CARD","is_prod":false,"is_daily":false,"chose_seed":false,"campfire_upgraded":5,"win_rate":0,"timestamp":1557941223,"path_taken":["M","?","?","?","M","E","R","E","T","M","R","M","R","M","R","BOSS","M","?","$","M","$","R","M","R","T","?","?","R","M","M"],"build_version":"2019-05-07","purchased_purges":2,"victory":false,"max_hp_per_floor":[75,75,75,75,75,82,82,82,82,82,82,82,82,82,82,82,82,82,82,82,82,82,82,82,82,82,82,82,82,82,82],"card_choices":[{"not_picked":["Warcry","Twin Strike"],"picked":"Carnage","floor":1.0},{"not_picked":["Perfected Strike","Warcry"],"picked":"Searing Blow","floor":5.0},{"not_picked":["Corruption","Sentinel","Inflame"],"picked":"SKIP","floor":6.0},{"not_picked":["Sentinel","Warcry","Havoc"],"picked":"SKIP","floor":8.0},{"not_picked":["Wild Strike","Pommel Strike","Carnage"],"picked":"SKIP","floor":10.0},{"not_picked":["Sentinel","Blood for Blood","Flex"],"picked":"SKIP","floor":12.0},{"not_picked":["Rupture","Perfected Strike"],"picked":"Cleave","floor":14.0},{"not_picked":["Barricade","Berserk"],"picked":"Brutality","floor":16.0},{"not_picked":["Clash","Sword Boomerang","Uppercut"],"picked":"SKIP","floor":18.0},{"not_picked":["Thunderclap","Havoc","Body Slam"],"picked":"SKIP","floor":21.0},{"not_picked":["Headbutt","Perfected Strike","Sentinel+1"],"picked":"SKIP","floor":24.0},{"not_picked":["Barricade+1","Iron Wave","Clash"],"picked":"SKIP","floor":30.0}],"player_experience":691363,"relics_obtained":[{"floor":6.0,"key":"Strawberry"},{"floor":8.0,"key":"Red Skull"},{"floor":9.0,"key":"Bag of Preparation"},{"floor":26.0,"key":"Frozen Egg 2"}],"event_choices":[{"cards_removed":["Strike_R"],"damage_healed":0.0,"max_hp_gain":0.0,"max_hp_loss":0.0,"gold_gain":0.0,"event_name":"The Cleric","player_choice":"Card Removal","floor":2.0,"gold_loss":75.0,"damage_taken":0.0},{"cards_removed":["Defend_R"],"damage_healed":0.0,"max_hp_gain":0.0,"max_hp_loss":0.0,"gold_gain":0.0,"event_name":"Golden Wing","player_choice":"Card Removal","floor":3.0,"gold_loss":0.0,"damage_taken":7.0},{"cards_removed":["Strike_R"],"damage_healed":0.0,"max_hp_gain":0.0,"max_hp_loss":0.0,"gold_gain":0.0,"event_name":"Living Wall","player_choice":"Forget","floor":4.0,"gold_loss":0.0,"damage_taken":0.0},{"damage_healed":0.0,"max_hp_gain":0.0,"max_hp_loss":0.0,"gold_gain":0.0,"event_name":"Colosseum","player_choice":"Fight","floor":19.0,"gold_loss":0.0,"damage_taken":0.0},{"damage_healed":0.0,"max_hp_gain":0.0,"max_hp_loss":0.0,"gold_gain":0.0,"event_name":"Colosseum","player_choice":"Fled From Nobs","floor":19.0,"gold_loss":0.0,"damage_taken":0.0},{"damage_healed":0.0,"max_hp_gain":0.0,"max_hp_loss":0.0,"gold_gain":0.0,"event_name":"Ghosts","player_choice":"Ignored","floor":27.0,"gold_loss":0.0,"damage_taken":0.0},{"cards_removed":["Defend_R"],"damage_healed":0.0,"max_hp_gain":0.0,"max_hp_loss":0.0,"gold_gain":0.0,"event_name":"Beggar","player_choice":"Gave Gold","floor":28.0,"gold_loss":75.0,"damage_taken":0.0}],"is_beta":true,"boss_relics":[{"not_picked":["Ectoplasm","Mark of Pain"],"picked":"Philosopher\u0027s Stone"}],"items_purged_floors":[20,22],"is_endless":false,"potions_floor_spawned":[5,8,14,16,18,19],"killed_by":"Shelled Parasite and Fungi","ascension_level":18}