{"gold_per_floor":[111,127,127,142,142,142,18,18,43,43,57,57,78,117,117,216,216,236,236,146,161,175,210,210,253,277,293,293,218,239,0,0,93,93,107,120,145,145,209,209,242,242,242,242,262,262,301,13,13,13],"floor_reached":51,"playtime":4393,"items_purged":["Strike_B"],"score":1480,"play_id":"e9a4ceba-9d3c-4c10-9950-42b6f6396714","local_time":"20190504111438","is_ascension_mode":true,"campfire_choices":[{"data":"White Noise","floor":6,"key":"SMITH"},{"data":"Go for the Eyes","floor":10,"key":"SMITH"},{"data":"Coolheaded","floor":12,"key":"SMITH"},{"data":"Coolheaded","floor":15,"key":"SMITH"},{"floor":24,"key":"REST"},{"floor":32,"key":"REST"},{"floor":40,"key":"REST"},{"data":"Strike_B","floor":42,"key":"PURGE"},{"floor":46,"key":"REST"},{"floor":49,"key":"REST"}],"neow_cost":"NONE","seed_source_timestamp":38488435914418,"circlet_count":0,"master_deck":["AscendersBane","Strike_B+1","Defend_B","Defend_B","Defend_B","Zap","Dualcast","White Noise+1","Coolheaded+1","Go for the Eyes+1","Defragment+1","Ball Lightning+1","Compile Driver+1","Coolheaded+1","Hologram","Machine Learning","BootSequence+1","White Noise","Go for the Eyes","Chill","Coolheaded","Core Surge","Capacitor","Finesse","Echo Form","Defragment","Ball Lightning","Secret Weapon","Double Energy","Compile Driver","Conserve Battery","Capacitor+1"],"relics":["Cracked Core","Golden Idol","Whetstone","Mango","Fusion Hammer","Pen Nib","FossilizedHelix","Dodecahedron","Art of War","Sozu","Anchor","Pocketwatch","Peace Pipe","Dream Catcher","Mummified Hand","StoneCalendar"],"potions_floor_usage":[13,13,23,25,39,39],"damage_taken":[{"damage":1,"enemies":"Cultist","floor":1,"turns":3},{"damage":7,"enemies":"Jaw Worm","floor":2,"turns":3},{"damage":3,"enemies":"2 Louse","floor":4,"turns":3},{"damage":7,"enemies":"Blue Slaver","floor":11,"turns":3},{"damage":3,"enemies":"Red Slaver","floor":13,"turns":5},{"damage":2,"enemies":"Lagavulin","floor":14,"turns":6},{"damage":19,"enemies":"Hexaghost","floor":16,"turns":9},{"damage":31,"enemies":"3 Byrds","floor":18,"turns":4},{"damage":0,"enemies":"Chosen","floor":21,"turns":4},{"damage":15,"enemies":"Sentry and Sphere","floor":22,"turns":5},{"damage":31,"enemies":"Slavers","floor":23,"turns":5},{"damage":0,"enemies":"Book of Stabbing","floor":25,"turns":5},{"damage":0,"enemies":"Cultist and Chosen","floor":27,"turns":7},{"damage":1,"enemies":"Centurion and Healer","floor":30,"turns":8},{"damage":0,"enemies":"Champ","floor":33,"turns":16},{"damage":0,"enemies":"3 Shapes","floor":35,"turns":6},{"damage":0,"enemies":"Orb Walker","floor":36,"turns":4},{"damage":43,"enemies":"2 Orb Walkers","floor":39,"turns":6},{"damage":0,"enemies":"Giant Head","floor":41,"turns":7},{"damage":13,"enemies":"Writhing Mass","floor":45,"turns":7},{"damage":35,"enemies":"Reptomancer","floor":47,"turns":7},{"damage":0,"enemies":"Donu and Deca","floor":50,"turns":8}],"seed_played":"-3512916888630399103","potions_obtained":[{"floor":1,"key":"SteroidPotion"},{"floor":2,"key":"Regen Potion"},{"floor":11,"key":"EssenceOfSteel"},{"floor":22,"key":"FocusPotion"},{"floor":23,"key":"SpeedPotion"},{"floor":27,"key":"Weak Potion"},{"floor":30,"key":"EntropicBrew"}],"is_trial":false,"path_per_floor":["M","M","?","M","?","R","$","?","T","R","M","R","M","E","R","B",null,"M","?","?","M","M","E","R","E","T","M","?","?","M","$","R","B",null,"M","M","T","?","?","R","E","R","T","?","M","R","E","$","R","B",null],"character_chosen":"DEFECT","items_purchased":["Defragment","Ball Lightning","Capacitor","Finesse","StoneCalendar"],"campfire_rested":5,"item_purchase_floors":[7,7,31,31,48],"current_hp_per_floor":[70,63,44,41,41,41,41,41,41,41,34,34,45,57,57,38,79,48,48,48,48,33,2,29,29,29,29,59,59,58,58,85,85,90,90,90,90,90,47,74,74,74,74,74,61,88,53,53,80,80],"gold":13,"neow_bonus":"TEN_PERCENT_HP_BONUS","is_prod":false,"is_daily":false,"chose_seed":false,"campfire_upgraded":4,"win_rate":0,"timestamp":1556993678,"path_taken":["M","?","?","M","?","R","$","?","T","R","M","R","M","E","R","BOSS","M","?","?","M","M","E","R","E","T","?","?","?","M","?","R","BOSS","M","M","?","?","?","R","E","R","T","?","?","R","E","$","R","BOSS"],"build_version":"2019-01-23","purchased_purges":1,"victory":true,"max_hp_per_floor":[78,78,78,78,78,78,78,78,78,78,78,78,78,92,92,92,92,92,92,92,92,92,92,92,92,92,92,92,92,92,92,92,92,92,92,92,92,92,92,92,92,92,92,92,92,92,92,92,92,92],"card_choices":[{"not_picked":["Double Energy","Streamline"],"picked":"White Noise","floor":1},{"not_picked":["Stack","Gash"],"picked":"Coolheaded","floor":2},{"not_picked":["Steam Power","Consume"],"picked":"Go for the Eyes","floor":4},{"not_picked":["Turbo","Go for the Eyes"],"picked":"Compile Driver","floor":11},{"not_picked":["Gash","Streamline"],"picked":"Coolheaded","floor":13},{"not_picked":["Storm","Stack"],"picked":"Hologram","floor":14},{"not_picked":["Fission","Hyperbeam"],"picked":"Machine Learning","floor":16},{"not_picked":["Auto Shields","Barrage","Streamline"],"picked":"SKIP","floor":18},{"not_picked":["Lockon","Streamline"],"picked":"BootSequence+1","floor":21},{"not_picked":["Beam Cell","Sweeping Beam"],"picked":"White Noise","floor":22},{"not_picked":["Tempest","Leap"],"picked":"Go for the Eyes","floor":23},{"not_picked":["Self Repair","Steam"],"picked":"Chill","floor":25},{"not_picked":["Double Energy","Barrage"],"picked":"Coolheaded","floor":27},{"not_picked":["Redo+1","Stack"],"picked":"Core Surge","floor":30},{"not_picked":["Rainbow","Creative AI"],"picked":"Echo Form","floor":33},{"not_picked":["Compile Driver","Chaos"],"picked":"Defragment","floor":35},{"not_picked":["Cold Snap","Turbo"],"picked":"Ball Lightning","floor":36},{"not_picked":["Impatience","Deep Breath"],"picked":"Secret Weapon","floor":38},{"not_picked":["Hello World+1","Heatsinks"],"picked":"Double Energy","floor":41},{"not_picked":["Gash","FTL+1"],"picked":"Compile Driver","floor":45},{"not_picked":["Redo","Rebound"],"picked":"Conserve Battery","floor":46},{"not_picked":["Hyperbeam","Force Field","Sweeping Beam+1"],"picked":"SKIP","floor":47},{"not_picked":["Storm","Compile Driver"],"picked":"Capacitor+1","floor":49}],"player_experience":451971,"relics_obtained":[{"floor":9,"key":"Whetstone"},{"floor":14,"key":"Mango"},{"floor":23,"key":"FossilizedHelix"},{"floor":25,"key":"Dodecahedron"},{"floor":26,"key":"Art of War"},{"floor":37,"key":"Anchor"},{"floor":39,"key":"Pocketwatch"},{"floor":41,"key":"Peace Pipe"},{"floor":43,"key":"Dream Catcher"},{"floor":47,"key":"Mummified Hand"}],"event_choices":[{"damage_healed":0,"gold_gain":0,"player_choice":"Take Damage","damage_taken":19,"relics_obtained":["Golden Idol"],"max_hp_gain":0,"max_hp_loss":0,"event_name":"Golden Idol","floor":3,"gold_loss":0},{"damage_healed":0,"gold_gain":0,"player_choice":"Ignored","damage_taken":0,"max_hp_gain":0,"max_hp_loss":0,"event_name":"Golden Wing","floor":5,"gold_loss":0},{"damage_healed":0,"gold_gain":0,"player_choice":"Grow","damage_taken":0,"max_hp_gain":0,"max_hp_loss":0,"event_name":"Living Wall","floor":8,"gold_loss":0,"cards_upgraded":["Defragment"]},{"damage_healed":0,"gold_gain":0,"player_choice":"Opened","damage_taken":0,"relics_obtained":["Pen Nib"],"max_hp_gain":0,"max_hp_loss":0,"event_name":"The Mausoleum","floor":19,"gold_loss":0,"cards_obtained":["Writhe"]},{"cards_removed":["Writhe"],"damage_healed":0,"gold_gain":0,"player_choice":"Upgrade and Remove","damage_taken":0,"max_hp_gain":0,"max_hp_loss":0,"event_name":"Designer","floor":20,"gold_loss":90,"cards_upgraded":["Compile Driver"]},{"damage_healed":30,"gold_gain":0,"player_choice":"Heal","damage_taken":0,"max_hp_gain":0,"max_hp_loss":0,"event_name":"The Library","floor":28,"gold_loss":0},{"cards_removed":["Strike_B"],"damage_healed":0,"gold_gain":0,"player_choice":"Gave Gold","damage_taken":0,"max_hp_gain":0,"max_hp_loss":0,"event_name":"Beggar","floor":29,"gold_loss":75},{"damage_healed":0,"gold_gain":0,"player_choice":"Memory 1","damage_taken":0,"max_hp_gain":0,"max_hp_loss":0,"event_name":"SensoryStone","floor":38,"gold_loss":0},{"damage_healed":0,"gold_gain":0,"player_choice":"Fight","damage_taken":0,"max_hp_gain":0,"max_hp_loss":0,"event_name":"Mysterious Sphere","floor":39,"gold_loss":0},{"cards_removed":["Defend_B"],"damage_healed":0,"gold_gain":0,"player_choice":"Offered Basic","damage_taken":0,"max_hp_gain":0,"max_hp_loss":0,"event_name":"Bonfire Elementals","floor":44,"gold_loss":0}],"is_beta":false,"boss_relics":[{"not_picked":["Empty Cage","White Beast Statue"],"picked":"Fusion Hammer"},{"not_picked":["Runic Pyramid","Calling Bell"],"picked":"Sozu"}],"items_purged_floors":[31],"is_endless":false,"potions_floor_spawned":[1,2,11,22,23,27,30,36,39],"ascension_level":14}