{"gold_per_floor":[117,135,153,228,228,228,260,274,274,333,362,382,382,400,400,400],"floor_reached":16,"playtime":309,"items_purged":[],"score":118,"play_id":"9dacdbce-6ff3-43aa-9b79-e266b0f62704","local_time":"20190709141040","is_ascension_mode":true,"campfire_choices":[{"floor":6,"key":"REST"},{"floor":15,"key":"REST"}],"neow_cost":"NONE","seed_source_timestamp":960621053348700,"circlet_count":0,"master_deck":["Strike_R","Strike_R","Strike_R","Strike_R","Strike_R","Defend_R","Defend_R","Defend_R","Defend_R","Bash","Heavy Blade","Pommel Strike","Flex+1","Juggernaut+1","Uppercut","Flame Barrier","Headbutt","Ghostly Armor","Parasite","Havoc"],"relics":["Burning Blood","Vajra","Frozen Egg 2","Paper Frog","Blood Vial","Juzu Bracelet"],"potions_floor_usage":[10,10],"damage_taken":[{"damage":6,"enemies":"Jaw Worm","floor":1,"turns":3},{"damage":5,"enemies":"2 Louse","floor":2,"turns":2},{"damage":12,"enemies":"Small Slimes","floor":3,"turns":3},{"damage":31,"enemies":"Lagavulin","floor":7,"turns":5},{"damage":12,"enemies":"3 Louse","floor":8,"turns":4},{"damage":40,"enemies":"3 Sentries","floor":10,"turns":6},{"damage":18,"enemies":"Gremlin Nob","floor":11,"turns":4},{"damage":16,"enemies":"Red Slaver","floor":12,"turns":3},{"damage":15,"enemies":"Lots of Slimes","floor":14,"turns":4},{"damage":58,"enemies":"The Guardian","floor":16,"turns":8}],"seed_played":"7915833849015341720","potions_obtained":[{"floor":7,"key":"Strength Potion"},{"floor":8,"key":"BloodPotion"},{"floor":14,"key":"Ancient Potion"}],"is_trial":false,"path_per_floor":["M","M","M","?","?","R","E","M","T","?","E","M","?","M","R","B"],"character_chosen":"IRONCLAD","items_purchased":[],"campfire_rested":2,"item_purchase_floors":[],"current_hp_per_floor":[80,80,74,63,63,80,55,49,49,35,25,17,37,30,54,0],"gold":400,"neow_bonus":"RANDOM_COMMON_RELIC","is_prod":false,"is_daily":false,"chose_seed":false,"campfire_upgraded":0,"win_rate":0,"timestamp":1562695840,"path_taken":["M","M","M","?","?","R","E","M","T","?","E","M","?","M","R","BOSS"],"build_version":"2019-07-05","purchased_purges":0,"victory":false,"max_hp_per_floor":[80,80,80,80,80,80,80,80,80,80,80,80,80,80,80,80],"card_choices":[{"not_picked":["Twin Strike","Combust"],"picked":"Heavy Blade","floor":1},{"not_picked":["Shrug It Off","Clothesline"],"picked":"Pommel Strike","floor":2},{"not_picked":["Armaments","Metallicize"],"picked":"Flex","floor":3},{"not_picked":["Body Slam","Fire Breathing"],"picked":"Juggernaut","floor":7},{"not_picked":["Body Slam","Searing Blow"],"picked":"Uppercut","floor":8},{"not_picked":["Bloodletting","Iron Wave"],"picked":"Flame Barrier","floor":10},{"not_picked":["Thunderclap","Flex"],"picked":"Headbutt","floor":11},{"not_picked":["Flex","Rupture+1"],"picked":"Ghostly Armor","floor":12},{"not_picked":["Shrug It Off","Dual Wield"],"picked":"Havoc","floor":14}],"player_experience":1814259,"relics_obtained":[{"floor":7,"key":"Frozen Egg 2"},{"floor":9,"key":"Paper Frog"},{"floor":10,"key":"Blood Vial"},{"floor":11,"key":"Juzu Bracelet"}],"event_choices":[{"damage_healed":0,"gold_gain":75,"player_choice":"Gather Gold","damage_taken":11,"max_hp_gain":0,"max_hp_loss":0,"event_name":"World of Goop","floor":4,"gold_loss":0},{"damage_healed":0,"gold_gain":0,"player_choice":"Grow","damage_taken":0,"max_hp_gain":0,"max_hp_loss":0,"event_name":"Living Wall","floor":5,"gold_loss":0,"cards_upgraded":["Flex"]},{"damage_healed":0,"gold_gain":0,"player_choice":"Searched \u00271\u0027 times","damage_taken":0,"max_hp_gain":0,"max_hp_loss":0,"event_name":"Dead Adventurer","floor":10,"gold_loss":0},{"damage_healed":20,"gold_gain":0,"player_choice":"Healed and dodged fight","damage_taken":0,"max_hp_gain":0,"max_hp_loss":0,"event_name":"Mushrooms","floor":13,"gold_loss":0,"cards_obtained":["Parasite"]}],"is_beta":false,"boss_relics":[],"items_purged_floors":[],"is_endless":false,"potions_floor_spawned":[7,8,14],"killed_by":"The Guardian","ascension_level":1}