{"gold_per_floor":[116,129,143,155,47,82,82,1,25,36,46,46,46,64,64,160,460,473,21,34,34],"floor_reached":21,"playtime":3772,"items_purged":["Strike_B"],"score":183,"play_id":"05549a8c-9ca9-4fa2-b567-3993e3e7323b","local_time":"20190722113919","is_ascension_mode":false,"campfire_choices":[{"floor":13,"key":"REST"},{"floor":15,"key":"REST"}],"neow_cost":"NONE","seed_source_timestamp":241163261214800,"circlet_count":0,"master_deck":["Strike_B","Strike_B","Strike_B+1","Defend_B","Defend_B","Defend_B","Defend_B","Zap","Dualcast+1","Fusion","Redo","Conserve Battery","Cold Snap","White Noise","Conserve Battery","Echo Form","Deep Breath","Auto Shields","Coolheaded","Electrodynamics","Writhe","Pain","Normality","Streamline+1","Multi-Cast+1"],"relics":["Cracked Core","NeowsBlessing","Bronze Scales","Orichalcum","Smiling Mask","Calling Bell","Centennial Puzzle","Toxic Egg 2","Old Coin","Vajra","Bottled Lightning"],"potions_floor_usage":[20,20],"damage_taken":[{"damage":0,"enemies":"2 Louse","floor":1,"turns":1},{"damage":0,"enemies":"Cultist","floor":2,"turns":1},{"damage":0,"enemies":"Small Slimes","floor":3,"turns":1},{"damage":15,"enemies":"3 Louse","floor":4,"turns":4},{"damage":12,"enemies":"3 Sentries","floor":6,"turns":9},{"damage":22,"enemies":"Exordium Thugs","floor":10,"turns":5},{"damage":5,"enemies":"Red Slaver","floor":11,"turns":2},{"damage":6,"enemies":"Large Slime","floor":14,"turns":8},{"damage":26,"enemies":"Slime Boss","floor":16,"turns":7},{"damage":16,"enemies":"Spheric Guardian","floor":18,"turns":6},{"damage":30,"enemies":"2 Thieves","floor":20,"turns":4},{"damage":33,"enemies":"Chosen and Byrds","floor":21,"turns":6}],"seed_played":"-347417046397223705","potions_obtained":[{"floor":1,"key":"SkillPotion"},{"floor":3,"key":"Poison Potion"},{"floor":16,"key":"FocusPotion"},{"floor":20,"key":"SkillPotion"}],"is_trial":false,"path_per_floor":["M","M","M","M","$","E","?","$","T","M","M","?","R","M","R","B",null,"M","$","M","M"],"character_chosen":"DEFECT","items_purchased":["White Noise","Conserve Battery","Deep Breath","Vajra","Bottled Lightning"],"campfire_rested":2,"item_purchase_floors":[5,5,8,19,19],"current_hp_per_floor":[75,75,75,60,60,48,48,48,48,26,21,6,28,22,44,18,75,59,59,29,0],"gold":34,"neow_bonus":"THREE_ENEMY_KILL","is_prod":false,"is_daily":false,"chose_seed":false,"campfire_upgraded":0,"win_rate":0.0,"timestamp":1563791959,"path_taken":["M","M","M","M","$","E","?","$","T","?","M","?","R","M","R","BOSS","M","$","M","M"],"build_version":"2019-07-17","purchased_purges":1,"victory":false,"max_hp_per_floor":[75,75,75,75,75,75,75,75,75,75,75,75,75,75,75,75,75,75,75,75,75],"card_choices":[{"not_picked":["Self Repair","Double Energy"],"picked":"Fusion","floor":1},{"not_picked":["Undo","Consume"],"picked":"Redo","floor":2},{"not_picked":["Redo","Steam"],"picked":"Conserve Battery","floor":3},{"not_picked":["Beam Cell","Barrage"],"picked":"Cold Snap","floor":4},{"not_picked":["Self Repair","Cold Snap"],"picked":"Echo Form","floor":6},{"not_picked":["Stack","Blizzard","Consume"],"picked":"SKIP","floor":10},{"not_picked":["Hologram","Gash"],"picked":"Auto Shields","floor":11},{"not_picked":["Chaos","Genetic Algorithm"],"picked":"Coolheaded","floor":14},{"not_picked":["Buffer","Creative AI"],"picked":"Electrodynamics","floor":16},{"not_picked":["Conserve Battery+1","Compile Driver"],"picked":"Streamline+1","floor":18},{"not_picked":["Reinforced Body+1","Glacier+1"],"picked":"Multi-Cast+1","floor":20}],"player_experience":354888,"relics_obtained":[{"floor":6,"key":"Bronze Scales"},{"floor":9,"key":"Smiling Mask"},{"floor":17,"key":"Centennial Puzzle"},{"floor":17,"key":"Toxic Egg 2"},{"floor":17,"key":"Old Coin"}],"event_choices":[{"damage_healed":0,"gold_gain":0,"player_choice":"Gave Potion","damage_taken":0,"relics_obtained":["Orichalcum"],"max_hp_gain":0,"max_hp_loss":0,"event_name":"WeMeetAgain","floor":7,"gold_loss":0},{"damage_healed":0,"gold_gain":0,"player_choice":"Entered Light","damage_taken":15,"max_hp_gain":0,"max_hp_loss":0,"event_name":"Shining Light","floor":12,"gold_loss":0,"cards_upgraded":["Strike_B","Dualcast"]}],"is_beta":false,"boss_relics":[{"not_picked":["Tiny House","Runic Dome"],"picked":"Calling Bell"}],"items_purged_floors":[19],"is_endless":false,"potions_floor_spawned":[1,3,16,20],"killed_by":"Chosen and Byrds","ascension_level":0}