{"gold_per_floor":[110,110,121,140,18,18,45,45,120,134,159,159,159,173,173,268,268,287,301,319,319,3,3,22,22,49,82,99,99,113,113],"floor_reached":31,"playtime":11527,"items_purged":["Strike_G"],"score":317,"play_id":"48b4b4f5-7a34-4ebd-84b8-7c5d4d4052d6","local_time":"20190724131436","is_ascension_mode":false,"campfire_choices":[{"data":"Adrenaline","floor":6.0,"key":"SMITH"},{"data":"Neutralize","floor":8.0,"key":"SMITH"},{"floor":12.0,"key":"REST"},{"floor":15.0,"key":"REST"},{"floor":23.0,"key":"REST"},{"floor":25.0,"key":"REST"}],"neow_cost":"NONE","seed_source_timestamp":0,"circlet_count":0,"master_deck":["Strike_G","Strike_G","Strike_G","Strike_G","Defend_G","Defend_G","Defend_G","Defend_G","Defend_G","Survivor","Neutralize+1","Well Laid Plans","All Out Attack","Neutralize","Well Laid Plans","Adrenaline+1","Acrobatics","Poisoned Stab","Well Laid Plans","Poisoned Stab","Acrobatics","Escape Plan+1","Noxious Fumes","Backflip","After Image","Deadly Poison","Deadly Poison","PiercingWail","Noxious Fumes","Blur+1","Deflect","Catalyst","Finesse","Backflip","Calculated Gamble","Well Laid Plans","Deflect+1","Writhe"],"special_seed":0,"relics":["Ring of the Snake","Happy Flower","Shuriken","Dream Catcher","Orrery","Vajra","Boot","Gambling Chip","Bag of Preparation"],"potions_floor_usage":[],"damage_taken":[{"damage":0.0,"enemies":"2 Louse","floor":1.0,"turns":4.0},{"damage":1.0,"enemies":"Cultist","floor":3.0,"turns":4.0},{"damage":2.0,"enemies":"Jaw Worm","floor":4.0,"turns":4.0},{"damage":18.0,"enemies":"Gremlin Nob","floor":7.0,"turns":4.0},{"damage":4.0,"enemies":"Blue Slaver","floor":10.0,"turns":3.0},{"damage":18.0,"enemies":"3 Sentries","floor":11.0,"turns":5.0},{"damage":0.0,"enemies":"2 Fungi Beasts","floor":14.0,"turns":2.0},{"damage":40.0,"enemies":"The Guardian","floor":16.0,"turns":7.0},{"damage":40.0,"enemies":"2 Thieves","floor":18.0,"turns":4.0},{"damage":0.0,"enemies":"3 Byrds","floor":19.0,"turns":6.0},{"damage":9.0,"enemies":"Shelled Parasite and Fungi","floor":20.0,"turns":7.0},{"damage":10.0,"enemies":"Chosen and Byrds","floor":24.0,"turns":5.0},{"damage":33.0,"enemies":"Gremlin Leader","floor":27.0,"turns":6.0},{"damage":13.0,"enemies":"Sentry and Sphere","floor":28.0,"turns":7.0},{"damage":0,"enemies":"Snake Plant","floor":30,"turns":4},{"damage":9,"enemies":"Slavers","floor":31,"turns":2}],"seed_played":"-7508394791238359423","potions_obtained":[{"floor":1.0,"key":"PowerPotion"},{"floor":3.0,"key":"EssenceOfSteel"},{"floor":4.0,"key":"LiquidBronze"},{"floor":18.0,"key":"FearPotion"},{"floor":24.0,"key":"Weak Potion"}],"is_trial":false,"path_per_floor":["M","?","M","M","$","R","E","R","T","M","E","R","?","M","R","B",null,"M","M","M","?","$","R","M","R","T","E","M","?","M","E"],"character_chosen":"THE_SILENT","items_purchased":["Poisoned Stab","Well Laid Plans","Vajra","Finesse"],"campfire_rested":4,"item_purchase_floors":[5,5,22,22],"current_hp_per_floor":[70,70,69,67,67,67,49,49,49,45,27,48,48,48,69,29,70,30,30,21,21,21,42,32,53,53,20,7,7,7,0],"gold":113,"neow_bonus":"THREE_CARDS","is_prod":false,"is_daily":false,"chose_seed":false,"campfire_upgraded":2,"win_rate":0,"timestamp":1563970476,"path_taken":["M","?","M","M","$","R","E","R","T","?","E","R","?","M","R","BOSS","M","?","M","?","$","R","M","R","T","E","M","?","M","E"],"build_version":"2019-07-17","purchased_purges":1,"victory":false,"max_hp_per_floor":[70,70,70,70,70,70,70,70,70,70,70,70,70,70,70,70,70,70,70,70,70,70,70,70,70,70,70,70,70,70,70],"card_choices":[{"not_picked":["PiercingWail","Sucker Punch"],"picked":"Well Laid Plans","floor":0.0},{"not_picked":["Bane","Sucker Punch"],"picked":"All Out Attack","floor":1.0},{"not_picked":["Prepared","Footwork"],"picked":"Adrenaline","floor":3.0},{"not_picked":["Endless Agony","Slice"],"picked":"Acrobatics","floor":4.0},{"not_picked":["Finisher","Underhanded Strike"],"picked":"Poisoned Stab","floor":7.0},{"not_picked":["Bane","Masterful Stab"],"picked":"Acrobatics","floor":10.0},{"not_picked":["Malaise","Crippling Poison"],"picked":"Escape Plan","floor":11.0},{"not_picked":["Quick Slash","Reflex"],"picked":"Noxious Fumes","floor":12.0},{"not_picked":["PiercingWail","Outmaneuver"],"picked":"Backflip","floor":14.0},{"not_picked":["Unload","Venomology"],"picked":"After Image","floor":16.0},{"not_picked":["Acrobatics","Sucker Punch"],"picked":"Deadly Poison","floor":17.0},{"not_picked":["Choke","Infinite Blades"],"picked":"Deadly Poison","floor":17.0},{"not_picked":["Blur","Leg Sweep"],"picked":"PiercingWail","floor":17.0},{"not_picked":["Slice","Choke"],"picked":"Noxious Fumes","floor":18.0},{"not_picked":["Burst","Underhanded Strike"],"picked":"Blur+1","floor":19.0},{"not_picked":["Dagger Throw+1","Acrobatics"],"picked":"Deflect","floor":20.0},{"not_picked":["Blade Dance","Underhanded Strike"],"picked":"Backflip","floor":24.0},{"not_picked":["PiercingWail","Blade Dance"],"picked":"Calculated Gamble","floor":25.0},{"not_picked":["Prepared","Reflex+1"],"picked":"Well Laid Plans","floor":27.0},{"not_picked":["Slice","Prepared"],"picked":"Deflect+1","floor":28},{"not_picked":["Underhanded Strike","Blade Dance","Caltrops"],"picked":"SKIP","floor":30}],"player_experience":386544,"relics_obtained":[{"floor":7.0,"key":"Happy Flower"},{"floor":9.0,"key":"Shuriken"},{"floor":11.0,"key":"Dream Catcher"},{"floor":26.0,"key":"Boot"},{"floor":27.0,"key":"Gambling Chip"}],"event_choices":[{"damage_healed":0.0,"max_hp_gain":0.0,"max_hp_loss":0.0,"gold_gain":0.0,"event_name":"Match and Keep!","player_choice":"2 cards matched","floor":2.0,"gold_loss":0.0,"damage_taken":0.0,"cards_obtained":["Neutralize","Well Laid Plans"]},{"damage_healed":0.0,"max_hp_gain":0.0,"max_hp_loss":0.0,"gold_gain":0.0,"event_name":"Upgrade Shrine","player_choice":"Upgraded","floor":13.0,"gold_loss":0.0,"damage_taken":0.0,"cards_upgraded":["Escape Plan"]},{"damage_healed":0.0,"max_hp_gain":0.0,"max_hp_loss":0.0,"gold_gain":0.0,"event_name":"The Library","player_choice":"Read","floor":21.0,"gold_loss":0.0,"damage_taken":0.0,"cards_obtained":["Catalyst"]},{"damage_healed":0,"gold_gain":0,"player_choice":"Opened","damage_taken":0,"relics_obtained":["Bag of Preparation"],"max_hp_gain":0,"max_hp_loss":0,"event_name":"The Mausoleum","floor":29,"gold_loss":0,"cards_obtained":["Writhe"]}],"is_beta":false,"boss_relics":[{"not_picked":["Empty Cage","Coffee Dripper"],"picked":"Orrery"}],"items_purged_floors":[22],"is_endless":false,"potions_floor_spawned":[1,3,4,18,24],"killed_by":"Slavers","ascension_level":0}