{"gold_per_floor":[111,111,158,173,173,200,200,212,236,269,285,317,333,31,31,108,108,126,26,126,126,140,140,158,158,158,158,183,193,206,256,256,332,332,351,351,364,324,27,27,38,38,114,130,130,130,142,6,6,6,6],"floor_reached":51,"playtime":2481,"items_purged":["Strike_R","Normality","Strike_R"],"score":1520,"play_id":"15d0e99e-3d59-4937-87da-c0bd138cc898","local_time":"20190701113534","is_ascension_mode":true,"campfire_choices":[{"data":"Cleave","floor":7,"key":"SMITH"},{"data":"Bash","floor":15,"key":"SMITH"},{"floor":23,"key":"REST"},{"data":"Whirlwind","floor":25,"key":"SMITH"},{"data":"Offering","floor":27,"key":"SMITH"},{"floor":32,"key":"REST"},{"floor":40,"key":"REST"},{"data":"Corruption","floor":42,"key":"SMITH"},{"data":"Metamorphosis","floor":45,"key":"SMITH"},{"data":"Seeing Red","floor":46,"key":"SMITH"},{"floor":49,"key":"REST"}],"neow_cost":"NONE","seed_source_timestamp":257945591240300,"circlet_count":0,"master_deck":["AscendersBane","Strike_R","Strike_R","Strike_R","Defend_R","Defend_R","Defend_R","Defend_R","Bash+1","Pommel Strike+1","Shrug It Off","Cleave+1","Infernal Blade","Whirlwind+1","Warcry","Seeing Red+1","Offering+1","Disarm","Warcry","Necronomicurse","Seeing Red","Burning Pact+1","Intimidate","Shrug It Off","Feed","True Grit+1","Panache","Metamorphosis+1","Corruption+1","Offering"],"relics":["Burning Blood","NeowsBlessing","Orichalcum","Red Skull","Omamori","WingedGreaves","Bronze Scales","Medical Kit","Calling Bell","Regal Pillow","Meat on the Bone","Dead Branch","Pocketwatch","Matryoshka","Necronomicon","Blood Vial","Centennial Puzzle","Smiling Mask","Busted Crown","OrangePellets","Dream Catcher","Letter Opener"],"potions_floor_usage":[10,11,16,16,16,20,20,30,33,41,47,47],"damage_taken":[{"damage":0,"enemies":"2 Louse","floor":1,"turns":2},{"damage":0,"enemies":"Jaw Worm","floor":4,"turns":1},{"damage":0,"enemies":"3 Sentries","floor":6,"turns":2},{"damage":0,"enemies":"Cultist","floor":8,"turns":3},{"damage":2,"enemies":"Gremlin Nob","floor":10,"turns":3},{"damage":0,"enemies":"Looter","floor":11,"turns":2},{"damage":21,"enemies":"3 Sentries","floor":12,"turns":7},{"damage":17,"enemies":"Large Slime","floor":13,"turns":4},{"damage":14,"enemies":"Slime Boss","floor":16,"turns":8},{"damage":6,"enemies":"Chosen","floor":18,"turns":2},{"damage":21,"enemies":"Colosseum Slavers","floor":20,"turns":3},{"damage":14,"enemies":"Colosseum Nobs","floor":20,"turns":3},{"damage":16,"enemies":"2 Thieves","floor":22,"turns":2},{"damage":6,"enemies":"3 Cultists","floor":24,"turns":3},{"damage":0,"enemies":"Slavers","floor":28,"turns":1},{"damage":24,"enemies":"Snake Plant","floor":29,"turns":2},{"damage":6,"enemies":"Centurion and Healer","floor":30,"turns":2},{"damage":45,"enemies":"Collector","floor":33,"turns":3},{"damage":11,"enemies":"Orb Walker","floor":35,"turns":3},{"damage":17,"enemies":"3 Darklings","floor":37,"turns":3},{"damage":0,"enemies":"Jaw Worm Horde","floor":41,"turns":2},{"damage":18,"enemies":"Maw","floor":44,"turns":4},{"damage":54,"enemies":"Writhing Mass","floor":47,"turns":4},{"damage":18,"enemies":"Awakened One","floor":50,"turns":5},{"damage":73,"enemies":"Donu and Deca","floor":51,"turns":4}],"seed_played":"-5815937057449488114","potions_obtained":[{"floor":1,"key":"AttackPotion"},{"floor":5,"key":"EntropicBrew"},{"floor":8,"key":"Fire Potion"},{"floor":10,"key":"SkillPotion"},{"floor":11,"key":"Ancient Potion"},{"floor":16,"key":"SpeedPotion"},{"floor":20,"key":"Ancient Potion"},{"floor":24,"key":"SkillPotion"},{"floor":38,"key":"Energy Potion"},{"floor":38,"key":"AttackPotion"},{"floor":44,"key":"Block Potion"}],"is_trial":false,"path_per_floor":["M","?","T","M","?","E","R","M","T","E","M","E","M","$","R","B",null,"M","$","?","?","M","R","M","R","T","R","E","M","M","?","R","B",null,"M","?","M","?","$","R","M","R","T","M","R","R","M","$","R","B","B"],"character_chosen":"IRONCLAD","items_purchased":["Medical Kit","OrangePellets","Corruption","Offering"],"campfire_rested":4,"item_purchase_floors":[14,39,39,48],"current_hp_per_floor":[74,74,74,75,75,75,75,75,75,75,75,60,49,49,49,41,67,67,67,44,23,25,62,62,62,62,62,70,54,56,56,75,48,68,65,55,46,46,46,75,78,78,78,66,66,66,32,32,70,60,0],"gold":6,"neow_bonus":"THREE_ENEMY_KILL","is_prod":false,"is_daily":false,"chose_seed":false,"campfire_upgraded":7,"win_rate":0,"timestamp":1561995334,"path_taken":["M","?","?","M","?","E","R","M","T","E","M","E","M","$","R","BOSS","M","$","?","?","M","R","M","R","T","R","E","M","M","?","R","BOSS","M","?","M","?","$","R","M","R","T","M","R","R","M","$","R","BOSS","BOSS"],"build_version":"2019-01-23","purchased_purges":3,"victory":false,"max_hp_per_floor":[75,75,75,75,75,75,75,75,75,75,75,75,75,75,75,75,75,75,75,75,75,75,75,75,75,75,75,75,75,75,75,75,75,75,75,75,75,75,75,75,78,78,78,78,78,78,78,78,78,78,78],"card_choices":[{"not_picked":["Burning Pact","Rampage"],"picked":"Pommel Strike","floor":1},{"not_picked":["Body Slam","Sever Soul"],"picked":"Shrug It Off","floor":4},{"not_picked":["Anger","Perfected Strike"],"picked":"Cleave","floor":6},{"not_picked":["Rage","Second Wind"],"picked":"Infernal Blade","floor":8},{"not_picked":["Bloodletting","Warcry"],"picked":"Whirlwind","floor":10},{"not_picked":["Rampage","Heavy Blade"],"picked":"Warcry","floor":11},{"not_picked":["Warcry","Havoc"],"picked":"Seeing Red","floor":12},{"not_picked":["Anger","Searing Blow","Body Slam"],"picked":"SKIP","floor":13},{"not_picked":["Impervious","Berserk"],"picked":"Offering","floor":16},{"not_picked":["Anger","Clothesline"],"picked":"Disarm","floor":18},{"not_picked":["Clothesline","Flex"],"picked":"Warcry","floor":20},{"not_picked":["Sword Boomerang","Cleave"],"picked":"Seeing Red","floor":22},{"not_picked":["Whirlwind","Wild Strike","Perfected Strike+1"],"picked":"SKIP","floor":24},{"not_picked":["Dark Embrace","Pommel Strike"],"picked":"Burning Pact+1","floor":28},{"not_picked":["Flame Barrier","Spot Weakness"],"picked":"Intimidate","floor":29},{"not_picked":["Pommel Strike","Reckless Charge"],"picked":"Shrug It Off","floor":30},{"not_picked":["Limit Break","Barricade"],"picked":"Feed","floor":33},{"not_picked":[],"picked":"True Grit+1","floor":35},{"not_picked":[],"picked":"Panache","floor":36},{"not_picked":[],"picked":"Metamorphosis","floor":36},{"not_picked":["Armaments"],"picked":"SKIP","floor":37},{"not_picked":["Rage"],"picked":"SKIP","floor":41},{"not_picked":["Pommel Strike"],"picked":"SKIP","floor":44},{"not_picked":["Thunderclap"],"picked":"SKIP","floor":47}],"player_experience":1609451,"relics_obtained":[{"floor":3,"key":"Orichalcum"},{"floor":6,"key":"Red Skull"},{"floor":9,"key":"Omamori"},{"floor":10,"key":"WingedGreaves"},{"floor":12,"key":"Bronze Scales"},{"floor":17,"key":"Regal Pillow"},{"floor":17,"key":"Meat on the Bone"},{"floor":17,"key":"Dead Branch"},{"floor":20,"key":"Pocketwatch"},{"floor":20,"key":"Matryoshka"},{"floor":21,"key":"Necronomicon"},{"floor":26,"key":"Blood Vial"},{"floor":26,"key":"Centennial Puzzle"},{"floor":28,"key":"Smiling Mask"},{"floor":43,"key":"Dream Catcher"},{"floor":43,"key":"Letter Opener"}],"event_choices":[{"damage_healed":0,"gold_gain":0,"player_choice":"Grow","damage_taken":0,"max_hp_gain":0,"max_hp_loss":0,"event_name":"Living Wall","floor":2,"gold_loss":0,"cards_upgraded":["Pommel Strike"]},{"damage_healed":0,"gold_gain":0,"player_choice":"Got Potions","damage_taken":0,"max_hp_gain":0,"max_hp_loss":0,"event_name":"Lab","floor":5,"gold_loss":0},{"damage_healed":0,"gold_gain":0,"player_choice":"Fight","damage_taken":0,"max_hp_gain":0,"max_hp_loss":0,"event_name":"Colosseum","floor":20,"gold_loss":0},{"damage_healed":0,"gold_gain":0,"player_choice":"Fought Nobs","damage_taken":0,"max_hp_gain":0,"max_hp_loss":0,"event_name":"Colosseum","floor":20,"gold_loss":0},{"damage_healed":0,"gold_gain":0,"player_choice":"Obtained Book","damage_taken":21,"max_hp_gain":0,"max_hp_loss":0,"event_name":"Cursed Tome","floor":21,"gold_loss":0},{"damage_healed":0,"gold_gain":50,"player_choice":"Stole From Cult","damage_taken":0,"max_hp_gain":0,"max_hp_loss":0,"event_name":"Nest","floor":31,"gold_loss":0},{"damage_healed":0,"gold_gain":0,"player_choice":"Memory 3","damage_taken":10,"max_hp_gain":0,"max_hp_loss":0,"event_name":"SensoryStone","floor":36,"gold_loss":0},{"damage_healed":0,"gold_gain":0,"player_choice":"Bought 3 Potions","damage_taken":0,"max_hp_gain":0,"max_hp_loss":0,"event_name":"The Woman in Blue","floor":38,"gold_loss":0}],"is_beta":false,"boss_relics":[{"not_picked":["Velvet Choker","Eternal Feather"],"picked":"Calling Bell"},{"not_picked":["Philosopher\u0027s Stone","Astrolabe"],"picked":"Busted Crown"}],"items_purged_floors":[14,19,48],"is_endless":false,"potions_floor_spawned":[1,8,10,11,16,20,24,29,44],"killed_by":"Donu and Deca","ascension_level":20}