{"gold_per_floor":[119,137,8,83,102,134,1,1,78,78,109,167,96,47,47,47],"floor_reached":16,"playtime":258,"items_purged":["Strike_R","Strike_R"],"score":106,"play_id":"6f818d30-3ec8-4db7-bdab-4c859c59419e","local_time":"20190708165604","is_ascension_mode":false,"campfire_choices":[{"floor":8,"key":"REST"},{"floor":10,"key":"REST"},{"floor":15,"key":"REST"}],"neow_cost":"NONE","seed_source_timestamp":884196209071800,"circlet_count":0,"master_deck":["Strike_R","Defend_R","Defend_R","Defend_R","Defend_R","Bash","Wild Strike","Armaments","Wild Strike","Iron Wave","Headbutt","Feel No Pain","Berserk","Sword Boomerang","Corruption"],"relics":["Empty Cage","Ancient Tea Set","Meat on the Bone","PreservedInsect","Matryoshka"],"potions_floor_usage":[11,16],"damage_taken":[{"damage":17,"enemies":"Small Slimes","floor":1,"turns":3},{"damage":2,"enemies":"2 Louse","floor":2,"turns":2},{"damage":8,"enemies":"Jaw Worm","floor":5,"turns":3},{"damage":12,"enemies":"Gremlin Nob","floor":6,"turns":4},{"damage":40,"enemies":"Lagavulin","floor":11,"turns":7},{"damage":6,"enemies":"Gremlin Nob","floor":12,"turns":3},{"damage":70,"enemies":"Hexaghost","floor":16,"turns":9}],"seed_played":"-3381809194253825669","potions_obtained":[{"floor":2,"key":"EssenceOfSteel"},{"floor":12,"key":"Explosive Potion"}],"is_trial":false,"path_per_floor":["M","M","$","?","M","E","$","R","T","R","E","?","$","$","R","B"],"character_chosen":"IRONCLAD","items_purchased":["Wild Strike","Feel No Pain","Corruption","Poison Potion"],"campfire_rested":3,"item_purchase_floors":[3,7,13,14],"current_hp_per_floor":[63,61,61,50,42,30,30,54,54,78,50,44,44,44,68,0],"gold":47,"neow_bonus":"BOSS_RELIC","is_prod":false,"is_daily":false,"chose_seed":false,"campfire_upgraded":0,"win_rate":0,"timestamp":1562619364,"path_taken":["M","M","$","?","M","E","$","R","T","R","E","?","?","$","R","BOSS"],"build_version":"2019-07-05","purchased_purges":2,"victory":false,"max_hp_per_floor":[80,80,80,80,80,80,80,80,80,80,80,80,80,80,80,80],"card_choices":[{"not_picked":["Clothesline","Shrug It Off"],"picked":"Wild Strike","floor":1},{"not_picked":["Wild Strike","Thunderclap"],"picked":"Armaments","floor":2},{"not_picked":["Body Slam","Combust"],"picked":"Iron Wave","floor":5},{"not_picked":["Havoc","Bloodletting"],"picked":"Headbutt","floor":6},{"not_picked":["Body Slam","Limit Break"],"picked":"Berserk","floor":11},{"not_picked":["Fire Breathing","True Grit"],"picked":"Sword Boomerang","floor":12}],"player_experience":1809982,"relics_obtained":[{"floor":6,"key":"Ancient Tea Set"},{"floor":9,"key":"Meat on the Bone"},{"floor":11,"key":"PreservedInsect"},{"floor":12,"key":"Matryoshka"}],"event_choices":[{"damage_healed":0,"gold_gain":75,"player_choice":"Gather Gold","damage_taken":11,"max_hp_gain":0,"max_hp_loss":0,"event_name":"World of Goop","floor":4,"gold_loss":0},{"damage_healed":0,"gold_gain":0,"player_choice":"Searched \u00271\u0027 times","damage_taken":0,"max_hp_gain":0,"max_hp_loss":0,"event_name":"Dead Adventurer","floor":12,"gold_loss":0}],"is_beta":false,"boss_relics":[],"items_purged_floors":[3,7],"is_endless":false,"potions_floor_spawned":[2,12],"killed_by":"Hexaghost","ascension_level":0}