{"gold_per_floor":[118,136,7,7,18,18,32,32],"floor_reached":8,"playtime":555,"items_purged":["Strike_R"],"score":96,"play_id":"9d89ee25-9371-4dc7-bf7e-9f7d11c9dba5","local_time":"20190701105404","is_ascension_mode":true,"campfire_choices":[{"data":"Entrench","floor":6,"key":"SMITH"}],"neow_cost":"PERCENT_DAMAGE","seed_source_timestamp":257379134260500,"circlet_count":0,"master_deck":["AscendersBane","Strike_R","Strike_R","Strike_R","Strike_R","Defend_R","Defend_R","Defend_R","Defend_R","Bash","Intimidate","Shrug It Off","Seeing Red","Feel No Pain","Shrug It Off","Ghostly Armor","Entrench+1","Uppercut"],"relics":["Burning Blood","Prayer Wheel"],"potions_floor_usage":[8,8],"damage_taken":[{"damage":18,"enemies":"Cultist","floor":1,"turns":5},{"damage":8,"enemies":"Small Slimes","floor":2,"turns":4},{"damage":0,"enemies":"Jaw Worm","floor":5,"turns":5},{"damage":11,"enemies":"2 Fungi Beasts","floor":7,"turns":8},{"damage":56,"enemies":"Lagavulin","floor":8,"turns":9}],"seed_played":"3274315473144310124","potions_obtained":[{"floor":1,"key":"Energy Potion"},{"floor":7,"key":"Block Potion"}],"is_trial":false,"path_per_floor":["M","M","$","?","M","R","M","E"],"character_chosen":"IRONCLAD","items_purchased":["Shrug It Off"],"campfire_rested":0,"item_purchase_floors":[3],"current_hp_per_floor":[38,36,36,36,42,42,37,0],"gold":32,"neow_bonus":"ONE_RARE_RELIC","is_prod":false,"is_daily":false,"chose_seed":false,"campfire_upgraded":1,"win_rate":0,"timestamp":1561992844,"path_taken":["M","M","$","?","M","R","M","E"],"build_version":"2019-01-23","purchased_purges":1,"victory":false,"max_hp_per_floor":[75,75,75,75,75,75,75,75],"card_choices":[{"not_picked":["Flex","Iron Wave"],"picked":"Intimidate","floor":1},{"not_picked":["Evolve","Dropkick"],"picked":"Shrug It Off","floor":1},{"not_picked":["Flex","Iron Wave"],"picked":"Seeing Red","floor":2},{"not_picked":["Havoc","Flex"],"picked":"Feel No Pain","floor":2},{"not_picked":["Rampage","Combust"],"picked":"Ghostly Armor","floor":5},{"not_picked":["Twin Strike","Heavy Blade"],"picked":"Entrench","floor":5},{"not_picked":["Barricade","Havoc"],"picked":"Uppercut","floor":7},{"not_picked":["Metallicize","Infernal Blade","Fire Breathing"],"picked":"SKIP","floor":7}],"player_experience":1608896,"relics_obtained":[],"event_choices":[{"damage_healed":0,"gold_gain":0,"player_choice":"Ignored","damage_taken":0,"max_hp_gain":0,"max_hp_loss":0,"event_name":"Golden Idol","floor":4,"gold_loss":0}],"is_beta":false,"boss_relics":[],"items_purged_floors":[3],"is_endless":false,"potions_floor_spawned":[1,7],"killed_by":"Lagavulin","ascension_level":20}