{"gold_per_floor":[14,14,32,32,32,32,48,83,83,60,76,76,101,117,117,237,237,262,91,91,91,115,115,140,140,164,164,187,187,206,225,225,353,416,440,36,136,152,165,165,17,17],"floor_reached":42,"playtime":4565,"items_purged":[],"score":475,"play_id":"12e25ddd-693f-47f4-b667-36b05cb3eab7","local_time":"20190711143546","is_ascension_mode":false,"campfire_choices":[{"data":"Thunderclap","floor":6,"key":"SMITH"},{"floor":12,"key":"REST"},{"data":"Demon Form","floor":15,"key":"SMITH"},{"floor":23,"key":"REST"},{"floor":25,"key":"REST"},{"data":"Heavy Blade","floor":27,"key":"SMITH"},{"floor":32,"key":"REST"},{"floor":40,"key":"REST"}],"neow_cost":"NO_GOLD","seed_source_timestamp":508915180651200,"circlet_count":0,"master_deck":["Strike_R","Strike_R","Strike_R","Strike_R+1","Strike_R","Defend_R+1","Defend_R","Defend_R","Defend_R","Bash","Double Tap+1","Sword Boomerang","Thunderclap+1","Feed","Rampage","Headbutt","Cleave","Carnage","Demon Form+1","Limit Break+1","Secret Weapon","Sword Boomerang+1","Heavy Blade+1","Dropkick+1","Twin Strike+1","Reaper","Dropkick+1","Flex","Intimidate+1","Heavy Blade"],"relics":["Burning Blood","Golden Idol","Sundial","Self Forming Clay","Velvet Choker","Enchiridion","War Paint","Tiny House","Frozen Egg 2","Centennial Puzzle","Anchor"],"potions_floor_usage":[8,16,16,31,31,33,33,39,39],"damage_taken":[{"damage":11,"enemies":"Jaw Worm","floor":1,"turns":2},{"damage":7,"enemies":"Small Slimes","floor":3,"turns":3},{"damage":0,"enemies":"2 Louse","floor":7,"turns":2},{"damage":36,"enemies":"3 Sentries","floor":8,"turns":5},{"damage":6,"enemies":"Large Slime","floor":11,"turns":3},{"damage":7,"enemies":"Blue Slaver","floor":13,"turns":3},{"damage":1,"enemies":"3 Louse","floor":14,"turns":2},{"damage":0,"enemies":"Slime Boss","floor":16,"turns":4},{"damage":5,"enemies":"Chosen","floor":18,"turns":4},{"damage":16,"enemies":"Shell Parasite","floor":22,"turns":3},{"damage":25,"enemies":"Sentry and Sphere","floor":24,"turns":5},{"damage":21,"enemies":"Snake Plant","floor":28,"turns":2},{"damage":17,"enemies":"Shelled Parasite and Fungi","floor":30,"turns":4},{"damage":12,"enemies":"Centurion and Healer","floor":31,"turns":3},{"damage":31,"enemies":"Collector","floor":33,"turns":4},{"damage":18,"enemies":"3 Shapes","floor":35,"turns":3},{"damage":35,"enemies":"3 Darklings","floor":38,"turns":3},{"damage":47,"enemies":"Sphere and 2 Shapes","floor":39,"turns":5},{"damage":95,"enemies":"Reptomancer","floor":42,"turns":3}],"seed_played":"-7026647123714563552","potions_obtained":[{"floor":3,"key":"AttackPotion"},{"floor":13,"key":"AttackPotion"},{"floor":14,"key":"FearPotion"},{"floor":22,"key":"Regen Potion"},{"floor":24,"key":"EssenceOfSteel"},{"floor":30,"key":"LiquidBronze"},{"floor":31,"key":"Energy Potion"},{"floor":34,"key":"Swift Potion"},{"floor":35,"key":"SpeedPotion"}],"is_trial":false,"path_per_floor":["M","?","M","?","?","R","M","E","T","$","M","R","M","M","R","B",null,"M","$","?","?","M","R","M","R","T","R","M","?","M","M","R","B",null,"M","$","?","M","M","R","$","E"],"character_chosen":"IRONCLAD","items_purchased":["Headbutt","Secret Weapon","Frozen Egg 2","Centennial Puzzle","Anchor"],"campfire_rested":5,"item_purchase_floors":[10,19,36,36,41],"current_hp_per_floor":[75,75,74,74,74,74,74,44,44,44,44,66,65,70,70,74,74,77,77,77,61,51,74,55,77,77,77,62,62,51,45,68,43,82,70,70,70,59,43,68,68,0],"gold":17,"neow_bonus":"THREE_RARE_CARDS","is_prod":false,"is_daily":false,"chose_seed":false,"campfire_upgraded":3,"win_rate":0.0,"timestamp":1562852146,"path_taken":["M","?","M","?","?","R","M","E","T","$","M","R","M","M","R","BOSS","M","$","?","?","M","R","M","R","T","R","M","?","?","M","R","BOSS","M","$","?","?","M","R","$","E"],"build_version":"2019-07-05","purchased_purges":0,"victory":false,"max_hp_per_floor":[80,80,80,74,74,74,74,74,74,74,74,74,74,74,74,74,74,77,77,77,77,77,77,77,77,77,77,77,77,77,77,77,77,82,82,82,82,82,85,85,85,85],"card_choices":[{"not_picked":["Brutality","Fiend Fire"],"picked":"Double Tap","floor":0},{"not_picked":["Warcry","Clash"],"picked":"Sword Boomerang","floor":1},{"not_picked":["Shrug It Off","Flex"],"picked":"Thunderclap","floor":3},{"not_picked":["Warcry","Headbutt"],"picked":"Feed","floor":7},{"not_picked":["Blood for Blood","Impervious"],"picked":"Rampage","floor":8},{"not_picked":["Clash","Flex"],"picked":"Cleave","floor":11},{"not_picked":["Whirlwind","Spot Weakness"],"picked":"Carnage","floor":13},{"not_picked":["Sword Boomerang","Reckless Charge"],"picked":"Demon Form","floor":14},{"not_picked":["Juggernaut","Bludgeon"],"picked":"Limit Break","floor":16},{"not_picked":["Ghostly Armor","Clothesline","Intimidate"],"picked":"SKIP","floor":18},{"not_picked":["Thunderclap","Clash"],"picked":"Sword Boomerang+1","floor":22},{"not_picked":["Intimidate","Combust"],"picked":"Heavy Blade","floor":24},{"not_picked":["Metallicize","Clothesline"],"picked":"Dropkick+1","floor":28},{"not_picked":["Reckless Charge","Carnage"],"picked":"Twin Strike+1","floor":30},{"not_picked":["Entrench+1","Shockwave","Cleave"],"picked":"SKIP","floor":31},{"not_picked":["Brutality","Dark Embrace"],"picked":"Reaper","floor":33},{"not_picked":["Dual Wield","Second Wind"],"picked":"Dropkick+1","floor":34},{"not_picked":["Intimidate+1","Thunderclap"],"picked":"Flex","floor":35},{"not_picked":["Ghostly Armor","Rupture+1"],"picked":"Intimidate+1","floor":38},{"not_picked":["Twin Strike","Clash+1"],"picked":"Heavy Blade","floor":39}],"player_experience":205971,"relics_obtained":[{"floor":8,"key":"Sundial"},{"floor":9,"key":"Self Forming Clay"},{"floor":21,"key":"Enchiridion"},{"floor":26,"key":"War Paint"}],"event_choices":[{"damage_healed":0,"gold_gain":0,"player_choice":"Grow","damage_taken":0,"max_hp_gain":0,"max_hp_loss":0,"event_name":"Living Wall","floor":2,"gold_loss":0,"cards_upgraded":["Double Tap"]},{"damage_healed":0,"gold_gain":0,"player_choice":"Lose Max HP","damage_taken":0,"relics_obtained":["Golden Idol"],"max_hp_gain":0,"max_hp_loss":6,"event_name":"Golden Idol","floor":4,"gold_loss":0},{"damage_healed":0,"gold_gain":0,"player_choice":"Ignored","damage_taken":0,"max_hp_gain":0,"max_hp_loss":0,"event_name":"Golden Wing","floor":5,"gold_loss":0},{"damage_healed":0,"gold_gain":0,"player_choice":"Ignored","damage_taken":0,"max_hp_gain":0,"max_hp_loss":0,"event_name":"Vampires","floor":20,"gold_loss":0},{"damage_healed":0,"gold_gain":0,"player_choice":"Obtained Book","damage_taken":16,"max_hp_gain":0,"max_hp_loss":0,"event_name":"Cursed Tome","floor":21,"gold_loss":0},{"damage_healed":0,"gold_gain":0,"player_choice":"Ignored","damage_taken":0,"max_hp_gain":0,"max_hp_loss":0,"event_name":"Transmorgrifier","floor":29,"gold_loss":0},{"damage_healed":0,"gold_gain":100,"player_choice":"Pray","damage_taken":0,"max_hp_gain":0,"max_hp_loss":0,"event_name":"Golden Shrine","floor":37,"gold_loss":0}],"is_beta":false,"boss_relics":[{"not_picked":["Coffee Dripper","Empty Cage"],"picked":"Velvet Choker"},{"not_picked":["Runic Pyramid","Fusion Hammer"],"picked":"Tiny House"}],"items_purged_floors":[],"is_endless":false,"potions_floor_spawned":[3,13,14,22,24,30,31,35],"killed_by":"Reptomancer","ascension_level":0}