{"gold_per_floor":[115,134,60,125,125,155,172,192,192,203,215,230,230,250,250,250],"floor_reached":16,"playtime":2754,"items_purged":[],"score":106,"play_id":"e58dce63-8d92-47a0-802c-94ab11946e4b","local_time":"20190711094225","is_ascension_mode":false,"campfire_choices":[{"floor":13,"key":"REST"},{"floor":15,"key":"REST"}],"neow_cost":"NONE","seed_source_timestamp":0,"circlet_count":0,"master_deck":["Strike_R","Strike_R","Strike_R","Strike_R","Defend_R","Defend_R","Defend_R","Defend_R","Bash","Headbutt","Pommel Strike","Rampage","Carnage","Pain","Searing Blow","Twin Strike","Warcry","Spot Weakness","Armaments","Warcry"],"special_seed":0,"relics":["Burning Blood","WarpedTongs","Vajra","Letter Opener"],"potions_floor_usage":[16,16,16],"damage_taken":[{"damage":13.0,"enemies":"Cultist","floor":1.0,"turns":5.0},{"damage":6.0,"enemies":"Jaw Worm","floor":2.0,"turns":3.0},{"damage":26.0,"enemies":"3 Sentries","floor":6.0,"turns":6.0},{"damage":3.0,"enemies":"2 Louse","floor":7.0,"turns":2.0},{"damage":27.0,"enemies":"Exordium Thugs","floor":8.0,"turns":5.0},{"damage":28.0,"enemies":"Exordium Wildlife","floor":10.0,"turns":4.0},{"damage":11,"enemies":"Looter","floor":11,"turns":2},{"damage":0,"enemies":"2 Fungi Beasts","floor":12,"turns":3},{"damage":8,"enemies":"Large Slime","floor":14,"turns":4},{"damage":60,"enemies":"The Guardian","floor":16,"turns":8}],"seed_played":"4255550587919906584","potions_obtained":[{"floor":7.0,"key":"AttackPotion"},{"floor":11,"key":"Swift Potion"},{"floor":12,"key":"Explosive Potion"}],"is_trial":false,"path_per_floor":["M","M","$","?","?","E","M","M","T","M","M","M","R","M","R","B"],"character_chosen":"IRONCLAD","items_purchased":["Carnage"],"campfire_rested":2,"item_purchase_floors":[3],"current_hp_per_floor":[73,73,73,73,73,53,56,35,35,13,8,14,38,36,60,0],"gold":250,"neow_bonus":"TRANSFORM_CARD","is_prod":false,"is_daily":false,"chose_seed":false,"campfire_upgraded":0,"win_rate":0.0,"timestamp":1562834545,"path_taken":["M","?","$","?","?","E","?","M","T","M","M","M","R","M","R","BOSS"],"build_version":"2019-07-05","purchased_purges":0,"victory":false,"max_hp_per_floor":[80,80,80,80,80,80,80,80,80,80,80,80,80,80,80,80],"card_choices":[{"not_picked":["Flame Barrier","Power Through"],"picked":"Pommel Strike","floor":1.0},{"not_picked":["Combust","Armaments"],"picked":"Rampage","floor":2.0},{"not_picked":["Limit Break","Dropkick"],"picked":"Searing Blow","floor":6.0},{"not_picked":["Iron Wave","Entrench"],"picked":"Twin Strike","floor":7.0},{"not_picked":["Ghostly Armor","True Grit"],"picked":"Warcry","floor":8.0},{"not_picked":["Flex","Metallicize"],"picked":"Spot Weakness","floor":10},{"not_picked":["Clash","Dual Wield"],"picked":"Armaments","floor":11},{"not_picked":["Sever Soul","Cleave"],"picked":"Warcry","floor":12},{"not_picked":["Feel No Pain","Pummel","Body Slam"],"picked":"SKIP","floor":14}],"player_experience":194051,"relics_obtained":[{"floor":6.0,"key":"Vajra"},{"floor":9.0,"key":"Letter Opener"}],"event_choices":[{"damage_healed":0.0,"max_hp_gain":0.0,"max_hp_loss":0.0,"gold_gain":65.0,"event_name":"Golden Wing","player_choice":"Gained Gold","floor":4.0,"gold_loss":0.0,"damage_taken":0.0},{"damage_healed":0.0,"max_hp_gain":0.0,"max_hp_loss":0.0,"gold_gain":0.0,"event_name":"Accursed Blacksmith","player_choice":"Rummage","floor":5.0,"gold_loss":0.0,"damage_taken":0.0,"relics_obtained":["WarpedTongs"],"cards_obtained":["Pain"]}],"is_beta":false,"boss_relics":[],"items_purged_floors":[],"is_endless":false,"potions_floor_spawned":[7,11,12,14],"killed_by":"The Guardian","ascension_level":0}