{"gold_per_floor":[114,127,146,146,165,195,210,230,255,289,464,478,497,511,511,511],"floor_reached":16,"playtime":510,"items_purged":[],"score":118,"play_id":"0f120259-cf8b-46fe-b79f-0c4795d4f56a","local_time":"20190711171745","is_ascension_mode":false,"campfire_choices":[{"data":"Havoc","floor":15,"key":"SMITH"}],"neow_cost":"NONE","seed_source_timestamp":1144444539783900,"circlet_count":0,"master_deck":["Strike_R","Strike_R","Strike_R","Strike_R","Strike_R+1","Defend_R","Defend_R","Defend_R","Defend_R+1","Bash","Wild Strike","Sword Boomerang","Wild Strike","Clothesline","True Grit","Wild Strike","Armaments","Doubt","Pommel Strike","Havoc+1"],"relics":["Burning Blood","Dream Catcher","Bird Faced Urn","Blood Vial","Calipers"],"potions_floor_usage":[12,12,13,16,16,16],"damage_taken":[{"damage":7,"enemies":"2 Louse","floor":1,"turns":3},{"damage":0,"enemies":"Small Slimes","floor":2,"turns":2},{"damage":11,"enemies":"Jaw Worm","floor":3,"turns":2},{"damage":7,"enemies":"3 Louse","floor":5,"turns":3},{"damage":14,"enemies":"Gremlin Nob","floor":6,"turns":4},{"damage":8,"enemies":"Large Slime","floor":7,"turns":6},{"damage":19,"enemies":"Blue Slaver","floor":8,"turns":3},{"damage":36,"enemies":"3 Sentries","floor":10,"turns":9},{"damage":10,"enemies":"Gremlin Gang","floor":12,"turns":7},{"damage":6,"enemies":"2 Fungi Beasts","floor":13,"turns":4},{"damage":1,"enemies":"Blue Slaver","floor":14,"turns":4},{"damage":37,"enemies":"Hexaghost","floor":16,"turns":9}],"seed_played":"-1294694066282265342","potions_obtained":[{"floor":6,"key":"BloodPotion"},{"floor":8,"key":"SpeedPotion"},{"floor":10,"key":"Poison Potion"},{"floor":12,"key":"FearPotion"},{"floor":13,"key":"Poison Potion"},{"floor":14,"key":"Fire Potion"}],"is_trial":false,"path_per_floor":["M","M","M","?","M","E","M","M","T","E","?","M","M","M","R","B"],"character_chosen":"IRONCLAD","items_purchased":[],"campfire_rested":0,"item_purchase_floors":[],"current_hp_per_floor":[79,80,75,59,58,50,48,35,35,7,7,25,27,34,34,0],"gold":511,"neow_bonus":"RANDOM_COMMON_RELIC","is_prod":false,"is_daily":false,"chose_seed":false,"campfire_upgraded":1,"win_rate":0,"timestamp":1562879865,"path_taken":["M","M","M","?","M","E","M","M","T","E","?","M","M","M","R","BOSS"],"build_version":"2019-07-05","purchased_purges":0,"victory":false,"max_hp_per_floor":[80,80,80,80,80,80,80,80,80,80,80,80,80,80,80,80],"card_choices":[{"not_picked":["True Grit","Body Slam"],"picked":"Wild Strike","floor":1},{"not_picked":["Rampage","Sword Boomerang","Dual Wield"],"picked":"SKIP","floor":2},{"not_picked":["Rampage","Dual Wield"],"picked":"Sword Boomerang","floor":2},{"not_picked":["Pummel","Body Slam"],"picked":"Wild Strike","floor":3},{"not_picked":["Burning Pact","Cleave"],"picked":"Clothesline","floor":5},{"not_picked":["Reaper","Heavy Blade"],"picked":"True Grit","floor":6},{"not_picked":["Fire Breathing","Cleave"],"picked":"Wild Strike","floor":7},{"not_picked":["Sever Soul","Disarm"],"picked":"Armaments","floor":8},{"not_picked":["Clash","Battle Trance","Reckless Charge"],"picked":"SKIP","floor":10},{"not_picked":["Shrug It Off","Sword Boomerang"],"picked":"Pommel Strike","floor":12},{"not_picked":["Barricade","Carnage","Uppercut"],"picked":"SKIP","floor":13},{"not_picked":["Searing Blow","Pummel"],"picked":"Havoc","floor":14}],"player_experience":1835411,"relics_obtained":[{"floor":6,"key":"Bird Faced Urn"},{"floor":9,"key":"Blood Vial"},{"floor":10,"key":"Calipers"}],"event_choices":[{"damage_healed":0,"gold_gain":0,"player_choice":"Entered Light","damage_taken":16,"max_hp_gain":0,"max_hp_loss":0,"event_name":"Shining Light","floor":4,"gold_loss":0,"cards_upgraded":["Defend_R","Strike_R"]},{"damage_healed":0,"gold_gain":175,"player_choice":"AGREE","damage_taken":0,"max_hp_gain":0,"max_hp_loss":0,"event_name":"Liars Game","floor":11,"gold_loss":0,"cards_obtained":["Doubt"]}],"is_beta":false,"boss_relics":[],"items_purged_floors":[],"is_endless":false,"potions_floor_spawned":[6,8,10,12,13,14],"killed_by":"Hexaghost","ascension_level":0}