{"gold_per_floor":[361,372,36,36,36,36,70,70,97,97,111,111,61,72,72,172,172,189,44,55,55,5,5,17,17,44,44,44,64,74,106,106,206,256,274,274,374,374,123,123,137,149,176,176,192,40,40,55,55,55],"floor_reached":50,"playtime":1659,"items_purged":["Strike_R","Strike_R","Strike_R"],"score":458,"play_id":"6ca99503-30f4-49a2-901e-48c1f65a638e","local_time":"20190712120950","is_ascension_mode":false,"campfire_choices":[{"data":"Flex","floor":6,"key":"SMITH"},{"floor":8,"key":"REST"},{"data":"Anger","floor":10,"key":"SMITH"},{"data":"Pommel Strike","floor":12,"key":"SMITH"},{"data":"Clash","floor":15,"key":"SMITH"},{"data":"Shrug It Off","floor":23,"key":"SMITH"},{"data":"Thunderclap","floor":25,"key":"SMITH"},{"data":"J.A.X.","floor":28,"key":"SMITH"},{"floor":32,"key":"REST"},{"floor":40,"key":"REST"},{"data":"Headbutt","floor":44,"key":"SMITH"},{"floor":47,"key":"REST"},{"data":"Defend_R","floor":49,"key":"SMITH"}],"neow_cost":"TEN_PERCENT_HP_LOSS","seed_source_timestamp":3936374558200,"circlet_count":0,"master_deck":["Strike_R+1","Defend_R+1","Defend_R+1","Defend_R+1","Defend_R","Bash+1","Anger+1","Flex+1","Shrug It Off+1","Pommel Strike+1","Clash+1","Thunderclap+1","Iron Wave+1","Clash+1","J.A.X.+1","Cleave+1","Anger+1","Sword Boomerang+1","Clash+1","Headbutt+1","Pommel Strike+1","Headbutt"],"relics":["Black Blood","Toolbox","Bag of Preparation","Dream Catcher","Smiling Mask","Regal Pillow","Blood Vial","Potion Belt","War Paint","Tiny House","Nunchaku","Whetstone","Oddly Smooth Stone","Bag of Marbles"],"potions_floor_usage":[16,31,33,33,35,50,50,50,50,50],"damage_taken":[{"damage":10,"enemies":"Jaw Worm","floor":1,"turns":4},{"damage":2,"enemies":"Small Slimes","floor":2,"turns":4},{"damage":34,"enemies":"3 Sentries","floor":7,"turns":8},{"damage":0,"enemies":"2 Louse","floor":11,"turns":3},{"damage":0,"enemies":"Looter","floor":14,"turns":1},{"damage":36,"enemies":"Hexaghost","floor":16,"turns":6},{"damage":22,"enemies":"Shell Parasite","floor":18,"turns":6},{"damage":6,"enemies":"Chosen","floor":20,"turns":3},{"damage":8,"enemies":"Shelled Parasite and Fungi","floor":24,"turns":5},{"damage":10,"enemies":"3 Cultists","floor":29,"turns":3},{"damage":26,"enemies":"Snake Plant","floor":30,"turns":3},{"damage":14,"enemies":"Book of Stabbing","floor":31,"turns":3},{"damage":63,"enemies":"Collector","floor":33,"turns":7},{"damage":9,"enemies":"Orb Walker","floor":35,"turns":3},{"damage":28,"enemies":"Mind Bloom Boss Battle","floor":37,"turns":5},{"damage":10,"enemies":"3 Darklings","floor":41,"turns":4},{"damage":6,"enemies":"Transient","floor":42,"turns":5},{"damage":25,"enemies":"Writhing Mass","floor":45,"turns":4},{"damage":9,"enemies":"4 Shapes","floor":48,"turns":1},{"damage":89,"enemies":"Awakened One","floor":50,"turns":5}],"seed_played":"-826919188205622430","potions_obtained":[{"floor":2,"key":"Poison Potion"},{"floor":7,"key":"SkillPotion"},{"floor":14,"key":"FearPotion"},{"floor":20,"key":"Swift Potion"},{"floor":30,"key":"Ancient Potion"},{"floor":31,"key":"EssenceOfSteel"},{"floor":33,"key":"AttackPotion"},{"floor":34,"key":"Dexterity Potion"},{"floor":37,"key":"FearPotion"},{"floor":41,"key":"Regen Potion"},{"floor":42,"key":"AttackPotion"}],"is_trial":false,"path_per_floor":["M","M","$","?","?","R","E","R","T","R","M","R","$","M","R","B",null,"M","$","M","?","$","R","M","R","T","?","R","M","M","E","R","B",null,"M","?","?","?","$","R","M","M","T","R","M","$","R","M","R","B"],"character_chosen":"IRONCLAD","items_purchased":["Toolbox","Bag of Preparation","Regal Pillow","Clash","Whetstone","Bag of Marbles"],"campfire_rested":4,"item_purchase_floors":[3,3,19,39,39,46],"current_hp_per_floor":[68,72,72,65,65,65,37,58,58,58,64,64,64,70,70,40,72,60,60,64,64,64,64,68,68,68,68,68,70,56,54,72,19,77,77,67,51,51,51,77,77,77,77,77,62,62,77,77,77,0],"gold":55,"neow_bonus":"TWO_FIFTY_GOLD","is_prod":false,"is_daily":false,"chose_seed":false,"campfire_upgraded":9,"win_rate":0,"timestamp":1562947790,"path_taken":["M","M","$","?","?","R","E","R","T","R","M","R","?","M","R","BOSS","M","$","M","?","$","R","M","R","T","?","R","M","M","E","R","BOSS","M","?","?","?","?","R","?","M","T","R","M","$","R","M","R","BOSS"],"build_version":"2019-07-05","purchased_purges":3,"victory":false,"max_hp_per_floor":[72,72,72,72,72,72,72,72,72,72,72,72,72,72,72,72,72,72,72,72,72,72,72,72,72,72,72,72,72,72,72,72,72,77,77,77,77,77,77,77,77,77,77,77,77,77,77,77,77,77],"card_choices":[{"not_picked":["Whirlwind","Rampage"],"picked":"Anger","floor":1},{"not_picked":["Power Through","Fire Breathing"],"picked":"Flex","floor":2},{"not_picked":["Body Slam","Infernal Blade","Rupture"],"picked":"SKIP","floor":7},{"not_picked":["Sword Boomerang","Burning Pact"],"picked":"Shrug It Off","floor":8},{"not_picked":["Battle Trance","Wild Strike"],"picked":"Pommel Strike","floor":11},{"not_picked":["Pommel Strike","Double Tap"],"picked":"Clash","floor":14},{"not_picked":["Sentinel","Anger"],"picked":"Thunderclap","floor":18},{"not_picked":["Uppercut+1","Evolve"],"picked":"Iron Wave+1","floor":20},{"not_picked":["Body Slam","Warcry"],"picked":"Clash+1","floor":24},{"not_picked":["Rampage+1","Ghostly Armor"],"picked":"Cleave+1","floor":29},{"not_picked":["Sever Soul+1","Wild Strike","Feed"],"picked":"SKIP","floor":30},{"not_picked":["Entrench","Armaments+1"],"picked":"Clothesline","floor":31},{"not_picked":["Feel No Pain","Iron Wave"],"picked":"Anger+1","floor":34},{"not_picked":["Havoc","Corruption"],"picked":"Sword Boomerang+1","floor":35},{"not_picked":["True Grit+1","Rage","Burning Pact+1"],"picked":"SKIP","floor":41},{"not_picked":["Whirlwind","True Grit+1"],"picked":"Headbutt","floor":42},{"not_picked":["True Grit+1","Iron Wave","Dual Wield+1"],"picked":"SKIP","floor":45},{"not_picked":["Iron Wave+1","Clash"],"picked":"Pommel Strike+1","floor":47},{"not_picked":["Metallicize+1","Dark Embrace"],"picked":"Headbutt","floor":48}],"player_experience":1839190,"relics_obtained":[{"floor":7,"key":"Dream Catcher"},{"floor":9,"key":"Smiling Mask"},{"floor":26,"key":"Potion Belt"},{"floor":31,"key":"War Paint"},{"floor":37,"key":"Nunchaku"},{"floor":43,"key":"Oddly Smooth Stone"}],"event_choices":[{"cards_removed":["Strike_R"],"damage_healed":0,"gold_gain":0,"player_choice":"Card Removal","damage_taken":7,"max_hp_gain":0,"max_hp_loss":0,"event_name":"Golden Wing","floor":4,"gold_loss":0},{"damage_healed":0,"gold_gain":0,"player_choice":"Ignored","damage_taken":0,"max_hp_gain":0,"max_hp_loss":0,"event_name":"Liars Game","floor":5,"gold_loss":0},{"damage_healed":0,"gold_gain":0,"player_choice":"Opened","damage_taken":0,"relics_obtained":["Blood Vial"],"max_hp_gain":0,"max_hp_loss":0,"event_name":"The Mausoleum","floor":21,"gold_loss":0},{"damage_healed":0,"gold_gain":0,"player_choice":"Obtain J.A.X.","damage_taken":0,"max_hp_gain":0,"max_hp_loss":0,"event_name":"Drug Dealer","floor":27,"gold_loss":0,"cards_obtained":["J.A.X."]},{"damage_healed":0,"gold_gain":0,"player_choice":"Memory 3","damage_taken":10,"max_hp_gain":0,"max_hp_loss":0,"event_name":"SensoryStone","floor":36,"gold_loss":0},{"damage_healed":0,"gold_gain":0,"player_choice":"Fight","damage_taken":0,"max_hp_gain":0,"max_hp_loss":0,"event_name":"MindBloom","floor":37,"gold_loss":0},{"cards_removed":["Clothesline"],"damage_healed":0,"gold_gain":0,"player_choice":"Removed Attack","damage_taken":0,"max_hp_gain":0,"max_hp_loss":0,"event_name":"Falling","floor":38,"gold_loss":0}],"is_beta":false,"boss_relics":[{"not_picked":["Empty Cage","Philosopher\u0027s Stone"],"picked":"Black Blood"},{"not_picked":["Runic Dome","Coffee Dripper"],"picked":"Tiny House"}],"items_purged_floors":[13,22,39],"is_endless":false,"potions_floor_spawned":[2,7,14,20,30,31,33,37,41,42],"killed_by":"Awakened One","ascension_level":0}