{"gold_per_floor":[116,116,132,152,162,187,199,240,276,308,320,351,363,404,416,528,540,570,593,623,45,45,74,89,123,123,135,135,161,172,186,186,286,286,301,320,338,338,387,412,412,427,451,483,483,500,517,203,203,203,203,203,59,85,85],"floor_reached":56,"playtime":11173,"items_purged":["Strike_B","Writhe"],"score":1885,"play_id":"7a77bdff-fb01-44f3-8882-21393de56e4b","local_time":"20190619151321","is_ascension_mode":true,"campfire_choices":[{"data":"Defragment","floor":11.0,"key":"SMITH"},{"data":"Capacitor","floor":15.0,"key":"SMITH"},{"data":"Coolheaded","floor":28.0,"key":"SMITH"},{"data":"Seek","floor":32.0,"key":"SMITH"},{"data":"Echo Form","floor":41.0,"key":"SMITH"},{"floor":49.0,"key":"RECALL"},{"data":"Defragment","floor":52.0,"key":"SMITH"}],"neow_cost":"NONE","seed_source_timestamp":548028266633638,"circlet_count":0,"master_deck":["Strike_B+1","Strike_B+1","Defend_B+1","Defend_B+1","Defend_B+1","Defend_B+1","Zap+1","Dualcast+1","Melter+1","Defragment+1","Cold Snap+1","Capacitor+1","Chill+1","Go for the Eyes+1","Ball Lightning+1","Cold Snap+1","Heatsinks+1","Machine Learning+1","Turbo+1","Coolheaded+1","Blizzard+1","Secret Technique+1","Creative AI+1","Hologram+1","Coolheaded+1","Seek+1","Streamline+1","Amplify+1","Seek+1","Reboot+1","Barrage+1","Echo Form+1","Coolheaded+1","Defragment+1","Master of Strategy+1"],"special_seed":0,"relics":["Cracked Core","DataDisk","MawBank","Blood Vial","Bronze Scales","Regal Pillow","Nuclear Battery","Anchor","ClockworkSouvenir","Nloth\u0027s Gift","Strawberry","Pen Nib","Gremlin Horn","Bottled Flame","Cursed Key","Mark of the Bloom","Pocketwatch","Happy Flower","Singing Bowl","War Paint","Ornamental Fan"],"potions_floor_usage":[55],"damage_taken":[{"damage":0.0,"enemies":"Cultist","floor":1.0,"turns":3.0},{"damage":7.0,"enemies":"Jaw Worm","floor":3.0,"turns":3.0},{"damage":0.0,"enemies":"Small Slimes","floor":4.0,"turns":2.0},{"damage":12.0,"enemies":"Exordium Wildlife","floor":5.0,"turns":5.0},{"damage":27.0,"enemies":"3 Sentries","floor":6.0,"turns":7.0},{"damage":0.0,"enemies":"Lagavulin","floor":8.0,"turns":6.0},{"damage":0.0,"enemies":"2 Fungi Beasts","floor":10.0,"turns":2.0},{"damage":3.0,"enemies":"Blue Slaver","floor":12.0,"turns":2.0},{"damage":0.0,"enemies":"3 Sentries","floor":14.0,"turns":4.0},{"damage":0.0,"enemies":"The Guardian","floor":16.0,"turns":8.0},{"damage":4.0,"enemies":"Chosen","floor":18.0,"turns":4.0},{"damage":2.0,"enemies":"2 Thieves","floor":19.0,"turns":3.0},{"damage":0.0,"enemies":"Sentry and Sphere","floor":20.0,"turns":5.0},{"damage":4.0,"enemies":"Gremlin Leader","floor":23.0,"turns":7.0},{"damage":0.0,"enemies":"Shelled Parasite and Fungi","floor":24.0,"turns":4.0},{"damage":26.0,"enemies":"Slavers","floor":25.0,"turns":6.0},{"damage":0.0,"enemies":"Snake Plant","floor":27.0,"turns":5.0},{"damage":27.0,"enemies":"Gremlin Leader","floor":29.0,"turns":7.0},{"damage":0.0,"enemies":"Sentry and Sphere","floor":30.0,"turns":2.0},{"damage":0.0,"enemies":"Shelled Parasite and Fungi","floor":31.0,"turns":4.0},{"damage":11.0,"enemies":"Automaton","floor":33.0,"turns":11.0},{"damage":0.0,"enemies":"3 Shapes","floor":35.0,"turns":4.0},{"damage":2.0,"enemies":"Orb Walker","floor":36.0,"turns":3.0},{"damage":0.0,"enemies":"3 Darklings","floor":37.0,"turns":5.0},{"damage":0.0,"enemies":"2 Orb Walkers","floor":39.0,"turns":4.0},{"damage":0.0,"enemies":"Reptomancer","floor":40.0,"turns":4.0},{"damage":0.0,"enemies":"Sphere and 2 Shapes","floor":42.0,"turns":3.0},{"damage":0.0,"enemies":"Nemesis","floor":44.0,"turns":5.0},{"damage":0.0,"enemies":"Jaw Worm Horde","floor":46.0,"turns":3.0},{"damage":0.0,"enemies":"Spire Growth","floor":47.0,"turns":4.0},{"damage":0.0,"enemies":"Time Eater","floor":50.0,"turns":10.0},{"damage":13.0,"enemies":"Shield and Spear","floor":54.0,"turns":5.0},{"damage":0,"enemies":"The Heart","floor":55,"turns":11}],"seed_played":"8414915152180755207","potions_obtained":[{"floor":3.0,"key":"Energy Potion"},{"floor":4.0,"key":"SkillPotion"},{"floor":6.0,"key":"FocusPotion"},{"floor":14.0,"key":"Explosive Potion"},{"floor":18.0,"key":"PowerPotion"},{"floor":20.0,"key":"Energy Potion"},{"floor":25.0,"key":"FocusPotion"},{"floor":29.0,"key":"Strength Potion"},{"floor":33.0,"key":"Explosive Potion"},{"floor":35.0,"key":"Regen Potion"},{"floor":40.0,"key":"GamblersBrew"},{"floor":44.0,"key":"PowerPotion"},{"floor":46.0,"key":"SpeedPotion"},{"floor":54.0,"key":"Regen Potion"}],"is_trial":false,"path_per_floor":["M","?","M","M","M","E","T","E","T","M","R","M","?","E","R","B",null,"M","M","M","$","?","E","M","E","T","M","R","E","M","M","R","B",null,"M","M","M","?","?","E","R","M","T","E","T","M","M","$","R","B",null,"R","$","E","B",null],"character_chosen":"DEFECT","items_purchased":["Anchor","ClockworkSouvenir","Secret Technique","Defragment","Master of Strategy","War Paint"],"campfire_rested":0,"item_purchase_floors":[21,21,21,48,48,53],"current_hp_per_floor":[75,75,68,68,56,29,29,31,31,33,33,32,32,34,34,36,65,63,63,65,65,65,70,72,48,48,50,50,25,27,29,29,20,67,69,69,71,71,71,71,71,71,71,71,71,71,71,71,71,71,71,71,71,58,58],"gold":85,"neow_bonus":"RANDOM_COMMON_RELIC","is_prod":false,"is_daily":false,"chose_seed":false,"campfire_upgraded":6,"win_rate":0,"timestamp":1560946401,"path_taken":["M","?","M","M","?","E","?","E","T","M","R","M","?","E","R","BOSS","M","M","M","$","?","E","M","E","T","M","R","E","M","?","R","BOSS","M","M","M","?","?","E","R","M","T","E","?","M","M","$","R","BOSS","R","$","E","BOSS"],"build_version":"2019-01-23","purchased_purges":2,"victory":true,"max_hp_per_floor":[75,75,75,75,75,75,75,75,75,75,75,75,75,75,75,75,75,75,75,75,75,75,82,82,82,82,82,82,82,82,82,82,82,82,82,82,82,82,82,82,82,82,82,84,84,86,86,86,86,86,86,86,86,88,88],"card_choices":[{"not_picked":["Turbo","Gash"],"picked":"Melter","floor":1.0},{"not_picked":["Sweeping Beam","Compile Driver"],"picked":"Defragment","floor":3.0},{"not_picked":["Steam","Stack"],"picked":"Cold Snap","floor":4.0},{"not_picked":["Compile Driver","Go for the Eyes"],"picked":"Capacitor","floor":5.0},{"not_picked":["Hologram","Coolheaded"],"picked":"Chill","floor":6.0},{"not_picked":["Double Energy","Conserve Battery"],"picked":"Go for the Eyes","floor":8.0},{"not_picked":["Recycle","Hologram"],"picked":"Ball Lightning","floor":10.0},{"not_picked":["Undo","Beam Cell"],"picked":"Cold Snap","floor":12.0},{"not_picked":["Thunder Strike","Streamline"],"picked":"Heatsinks","floor":14.0},{"not_picked":["Multi-Cast","Meteor Strike"],"picked":"Machine Learning","floor":16.0},{"not_picked":["Ball Lightning","Beam Cell"],"picked":"Turbo","floor":18.0},{"not_picked":["Storm+1","Sweeping Beam"],"picked":"Coolheaded","floor":19.0},{"not_picked":["Aggregate+1","Beam Cell"],"picked":"Blizzard","floor":20.0},{"not_picked":["Cold Snap+1","Multi-Cast"],"picked":"Creative AI","floor":23.0},{"not_picked":["Reprogram","Steam Power","Double Energy"],"picked":"SKIP","floor":24.0},{"not_picked":["Storm","Core Surge"],"picked":"Hologram","floor":25.0},{"not_picked":["Go for the Eyes","Leap+1"],"picked":"Coolheaded+1","floor":27.0},{"not_picked":["Hologram","Coolheaded"],"picked":"Seek","floor":29.0},{"not_picked":["Compile Driver","BootSequence"],"picked":"Streamline+1","floor":30.0},{"not_picked":["Steam","Coolheaded"],"picked":"Amplify","floor":31.0},{"not_picked":["Multi-Cast","Meteor Strike"],"picked":"Seek","floor":33.0},{"not_picked":["Leap","Aggregate+1","Go for the Eyes"],"picked":"SKIP","floor":35.0},{"not_picked":["Scrape","Rebound","Beam Cell+1"],"picked":"SKIP","floor":36.0},{"not_picked":["Gash","Storm"],"picked":"Reboot","floor":37.0},{"not_picked":["Auto Shields+1","Beam Cell"],"picked":"Barrage+1","floor":39.0},{"not_picked":["Rebound","Rip and Tear"],"picked":"Echo Form","floor":40.0},{"not_picked":["Gash+1","Self Repair","BootSequence"],"picked":"SKIP","floor":42.0},{"not_picked":["Fusion","Rip and Tear","Reprogram"],"picked":"Singing Bowl","floor":44.0},{"not_picked":["Tempest+1","Leap+1","Ball Lightning+1"],"picked":"Singing Bowl","floor":46.0},{"not_picked":["Redo+1","Compile Driver"],"picked":"Coolheaded","floor":47.0},{"not_picked":["Sweeping Beam","Reboot","Scrape"],"picked":"Singing Bowl","floor":54.0}],"player_experience":314475,"relics_obtained":[{"floor":6.0,"key":"MawBank"},{"floor":7.0,"key":"Blood Vial"},{"floor":8.0,"key":"Mercury Hourglass"},{"floor":9.0,"key":"Bronze Scales"},{"floor":14.0,"key":"Regal Pillow"},{"floor":23.0,"key":"Strawberry"},{"floor":25.0,"key":"Pen Nib"},{"floor":26.0,"key":"Gremlin Horn"},{"floor":29.0,"key":"Bottled Flame"},{"floor":39.0,"key":"Pocketwatch"},{"floor":40.0,"key":"Happy Flower"},{"floor":44.0,"key":"Singing Bowl"},{"floor":54.0,"key":"Ornamental Fan"}],"event_choices":[{"cards_removed":["Strike_B"],"damage_healed":0.0,"max_hp_gain":0.0,"max_hp_loss":0.0,"gold_gain":0.0,"event_name":"Purifier","player_choice":"Purged","floor":2.0,"gold_loss":0.0,"damage_taken":0.0},{"damage_healed":0.0,"max_hp_gain":0.0,"max_hp_loss":0.0,"gold_gain":0.0,"event_name":"Upgrade Shrine","player_choice":"Upgraded","floor":13.0,"gold_loss":0.0,"damage_taken":0.0,"cards_upgraded":["Chill"]},{"damage_healed":0.0,"max_hp_gain":0.0,"max_hp_loss":0.0,"gold_gain":0.0,"event_name":"N\u0027loth","player_choice":"Traded Relic","floor":22.0,"relics_lost":["Mercury Hourglass"],"gold_loss":0.0,"damage_taken":0.0,"relics_obtained":["Nloth\u0027s Gift"]},{"damage_healed":0.0,"max_hp_gain":0.0,"max_hp_loss":0.0,"gold_gain":0.0,"event_name":"MindBloom","player_choice":"Upgrade","floor":38.0,"gold_loss":0.0,"damage_taken":0.0,"cards_upgraded":["Strike_B","Strike_B","Defend_B","Defend_B","Defend_B","Defend_B","Zap","Dualcast","Melter","Cold Snap","Go for the Eyes","Ball Lightning","Cold Snap","Heatsinks","Machine Learning","Turbo","Blizzard","Secret Technique","Creative AI","Hologram","Amplify","Seek","Reboot"],"relics_obtained":["Mark of the Bloom"]},{"damage_healed":0.0,"max_hp_gain":0.0,"max_hp_loss":0.0,"gold_gain":0.0,"event_name":"Mysterious Sphere","player_choice":"Fight","floor":39.0,"gold_loss":0.0,"damage_taken":0.0}],"is_beta":false,"boss_relics":[{"not_picked":["Tiny House","Runic Dome"],"picked":"Nuclear Battery"},{"not_picked":["Eternal Feather","FrozenCore"],"picked":"Cursed Key"}],"items_purged_floors":[21,48],"is_endless":false,"potions_floor_spawned":[3,4,6,14,18,20,25,29,33,35,40,44,46,54],"ascension_level":5}