{"gold_per_floor":[115,115,3,3,3,3,15,50,50,20,30,30,61,75,75,75],"floor_reached":16,"playtime":492,"items_purged":["Strike_R"],"score":216,"play_id":"18e8f1fc-e9c7-4fad-8b14-a575a1c19215","local_time":"20190702102113","is_ascension_mode":true,"campfire_choices":[{"data":"Whirlwind","floor":6,"key":"SMITH"},{"data":"Metallicize","floor":15,"key":"SMITH"}],"neow_cost":"CURSE","seed_source_timestamp":341871312040400,"circlet_count":0,"master_deck":["AscendersBane","Strike_R","Strike_R","Defend_R+1","Defend_R","Defend_R","Defend_R+1","Bash","Whirlwind+1","Combust","Cleave","Metallicize+1","Intimidate","Battle Trance","True Grit","Armaments","Shrug It Off","Sword Boomerang"],"relics":["Burning Blood","War Paint","FossilizedHelix","Bottled Tornado","Omamori"],"potions_floor_usage":[8,13,14],"damage_taken":[{"damage":6,"enemies":"2 Louse","floor":1,"turns":3},{"damage":4,"enemies":"Jaw Worm","floor":7,"turns":4},{"damage":25,"enemies":"Lagavulin","floor":8,"turns":8},{"damage":0,"enemies":"Cultist","floor":11,"turns":3},{"damage":22,"enemies":"Gremlin Nob","floor":13,"turns":5},{"damage":0,"enemies":"Looter","floor":14,"turns":4},{"damage":32,"enemies":"Slime Boss","floor":16,"turns":10}],"seed_played":"-176929612263570881","potions_obtained":[{"floor":7,"key":"Dexterity Potion"},{"floor":11,"key":"Block Potion"},{"floor":13,"key":"BloodPotion"}],"is_trial":false,"path_per_floor":["M","?","$","?","$","R","M","E","T","$","M","$","E","M","R","B"],"character_chosen":"IRONCLAD","items_purchased":["Metallicize","True Grit"],"campfire_rested":0,"item_purchase_floors":[3,10],"current_hp_per_floor":[68,61,61,35,35,35,37,18,18,18,24,24,8,32,32,0],"gold":75,"neow_bonus":"TRANSFORM_TWO_CARDS","is_prod":false,"is_daily":false,"chose_seed":false,"campfire_upgraded":2,"win_rate":0,"timestamp":1562077273,"path_taken":["M","?","$","?","?","R","M","E","T","$","M","?","E","M","R","BOSS"],"build_version":"2019-07-01","purchased_purges":1,"victory":false,"max_hp_per_floor":[75,75,75,75,75,75,75,75,75,75,75,75,75,75,75,75],"card_choices":[{"not_picked":["Warcry","Power Through"],"picked":"Cleave","floor":1},{"not_picked":["Pummel","Warcry"],"picked":"Intimidate","floor":7},{"not_picked":["Reaper","Clash"],"picked":"Battle Trance","floor":8},{"not_picked":["Whirlwind","Flex"],"picked":"Armaments","floor":11},{"not_picked":["Havoc","Cleave"],"picked":"Shrug It Off","floor":13},{"not_picked":["Havoc","True Grit"],"picked":"Sword Boomerang","floor":14}],"player_experience":1645341,"relics_obtained":[{"floor":8,"key":"FossilizedHelix"},{"floor":9,"key":"Bottled Tornado"},{"floor":13,"key":"Omamori"}],"event_choices":[{"cards_removed":["Pain"],"damage_healed":0,"gold_gain":0,"player_choice":"Card Removal","damage_taken":7,"max_hp_gain":0,"max_hp_loss":0,"event_name":"Golden Wing","floor":2,"gold_loss":0},{"damage_healed":0,"gold_gain":0,"player_choice":"Success","damage_taken":26,"relics_obtained":["War Paint"],"max_hp_gain":0,"max_hp_loss":0,"event_name":"Scrap Ooze","floor":4,"gold_loss":0}],"is_beta":false,"boss_relics":[],"items_purged_floors":[3],"is_endless":false,"potions_floor_spawned":[7,11,13],"killed_by":"Slime Boss","ascension_level":20}