{"gold_per_floor":[369,339,355,367,96,96,115,115,115,143,173,173,173,201,201,273,273,292,115,135,135,147,176,176,20,20,50,50,50,82,96,96,170,170,183,194,113,132,95,129,154,179,248,263,309,309,323,349,349,349,349,349,18,45,45],"floor_reached":56,"playtime":6039,"items_purged":["Strike_B","Strike_B","Strike_B"],"score":2109,"play_id":"a18b1503-abfe-45ee-a391-3d5abc047e25","local_time":"20190630130107","is_ascension_mode":true,"campfire_choices":[{"data":"Apotheosis","floor":6.0,"key":"SMITH"},{"floor":8.0,"key":"REST"},{"data":"Defragment","floor":12.0,"key":"SMITH"},{"data":"Defragment","floor":15.0,"key":"SMITH"},{"data":"Loop","floor":24.0,"key":"SMITH"},{"data":"Glacier","floor":29.0,"key":"SMITH"},{"floor":32.0,"key":"REST"},{"floor":46,"key":"RECALL"},{"data":"Echo Form","floor":49,"key":"SMITH"},{"data":"Glacier","floor":52,"key":"SMITH"}],"neow_cost":"PERCENT_DAMAGE","seed_source_timestamp":0,"circlet_count":0,"master_deck":["AscendersBane","Strike_B","Defend_B","Defend_B","Defend_B","Defend_B","Zap","Dualcast","Defragment+1","Defragment+1","Loop+1","Apotheosis+1","Self Repair","Glacier+1","Zap","Consume","Machine Learning+1","Defragment+1","Undo","Loop+1","Auto Shields","Rainbow","Genetic Algorithm","Echo Form+1","Creative AI","Compile Driver+1","Capacitor","Echo Form","Coolheaded+1","Hologram","Glacier+1","Force Field","Defragment","Cold Snap"],"special_seed":0,"relics":["Cracked Core","Mummified Hand","Pear","Happy Flower","Inserter","WingedGreaves","DataDisk","PreservedInsect","Nloth\u0027s Gift","StoneCalendar","Nuclear Battery","Bag of Preparation","Pantograph","Blood Vial","Mercury Hourglass","Pocketwatch","Anchor","Mango"],"potions_floor_usage":[40,42,55],"damage_taken":[{"damage":7.0,"enemies":"Jaw Worm","floor":1.0,"turns":3.0},{"damage":1.0,"enemies":"Cultist","floor":3.0,"turns":3.0},{"damage":10.0,"enemies":"Small Slimes","floor":4.0,"turns":3.0},{"damage":11.0,"enemies":"3 Louse","floor":7.0,"turns":3.0},{"damage":4.0,"enemies":"Lagavulin","floor":10.0,"turns":5.0},{"damage":16.0,"enemies":"Gremlin Nob","floor":14.0,"turns":5.0},{"damage":19.0,"enemies":"Slime Boss","floor":16.0,"turns":11.0},{"damage":7.0,"enemies":"Chosen","floor":18.0,"turns":4.0},{"damage":6.0,"enemies":"Spheric Guardian","floor":20.0,"turns":4.0},{"damage":0.0,"enemies":"3 Cultists","floor":22.0,"turns":6.0},{"damage":25.0,"enemies":"Slavers","floor":23.0,"turns":6.0},{"damage":14.0,"enemies":"Book of Stabbing","floor":27.0,"turns":5.0},{"damage":27.0,"enemies":"Gremlin Leader","floor":30.0,"turns":7.0},{"damage":4.0,"enemies":"Snecko","floor":31.0,"turns":5.0},{"damage":12.0,"enemies":"Collector","floor":33.0,"turns":7.0},{"damage":1,"enemies":"Orb Walker","floor":35,"turns":5},{"damage":3,"enemies":"3 Darklings","floor":36,"turns":5},{"damage":19,"enemies":"Writhing Mass","floor":38,"turns":7},{"damage":59,"enemies":"Reptomancer","floor":40,"turns":5},{"damage":0,"enemies":"Giant Head","floor":41,"turns":7},{"damage":11,"enemies":"Nemesis","floor":42,"turns":7},{"damage":10,"enemies":"Maw","floor":44,"turns":6},{"damage":40,"enemies":"2 Orb Walkers","floor":45,"turns":5},{"damage":16,"enemies":"4 Shapes","floor":47,"turns":7},{"damage":0,"enemies":"Giant Head","floor":48,"turns":7},{"damage":9,"enemies":"Donu and Deca","floor":50,"turns":10},{"damage":4,"enemies":"Shield and Spear","floor":54,"turns":7},{"damage":21,"enemies":"The Heart","floor":55,"turns":10}],"seed_played":"1411246794164669938","potions_obtained":[{"floor":2.0,"key":"LiquidBronze"},{"floor":2.0,"key":"Fire Potion"},{"floor":3.0,"key":"Dexterity Potion"},{"floor":10.0,"key":"SkillPotion"},{"floor":31.0,"key":"SpeedPotion"},{"floor":33.0,"key":"Explosive Potion"},{"floor":38,"key":"PowerPotion"},{"floor":40,"key":"Regen Potion"}],"is_trial":false,"path_per_floor":["M","?","M","M","$","R","M","R","T","E","?","R","?","E","R","B",null,"M","$","M","?","M","E","R","$","T","E","?","R","E","M","R","B",null,"M","M","$","M","$","E","E","E","T","M","?","R","M","E","R","B",null,"R","$","E","B",null],"character_chosen":"DEFECT","items_purchased":["Apotheosis","Defragment+1","DataDisk","Creative AI","Capacitor","Force Field","Weak Potion","Defragment"],"campfire_rested":2,"item_purchase_floors":[5,19,25,37,39,53,53,53],"current_hp_per_floor":[43,43,42,32,32,32,21,43,43,49,59,59,59,50,50,38,73,73,73,77,61,71,56,56,56,56,49,49,49,29,35,62,57,82,90,90,90,85,85,46,60,74,74,86,58,58,54,76,76,88,90,90,90,104,93],"gold":45,"neow_bonus":"TWO_FIFTY_GOLD","is_prod":false,"is_daily":false,"chose_seed":false,"campfire_upgraded":7,"win_rate":0,"timestamp":1561888867,"path_taken":["M","?","M","?","$","R","M","R","T","E","?","R","?","E","R","BOSS","M","$","?","?","M","E","R","$","T","E","?","R","E","M","R","BOSS","M","M","?","M","$","E","E","E","T","M","?","R","M","E","R","BOSS","R","$","E","BOSS"],"build_version":"2019-01-23","purchased_purges":3,"victory":true,"max_hp_per_floor":[75,75,75,75,75,75,75,75,75,75,85,85,85,85,85,85,85,85,85,85,90,90,90,90,90,90,90,90,90,90,90,90,90,90,90,90,90,90,90,90,90,90,90,90,90,90,90,90,90,90,90,90,90,104,104],"card_choices":[{"not_picked":["Stack","Gash"],"picked":"Defragment","floor":1.0},{"not_picked":["Aggregate","Steam"],"picked":"Defragment","floor":3.0},{"not_picked":["Heatsinks","Rebound"],"picked":"Loop","floor":4.0},{"not_picked":["Beam Cell","Rebound"],"picked":"Self Repair","floor":7.0},{"not_picked":["Conserve Battery","Reboot"],"picked":"Glacier","floor":10.0},{"not_picked":["Sweeping Beam","Turbo"],"picked":"Consume","floor":14.0},{"not_picked":["Rainbow","Multi-Cast"],"picked":"Machine Learning+1","floor":16.0},{"not_picked":["Sweeping Beam","Beam Cell","BootSequence"],"picked":"SKIP","floor":18.0},{"not_picked":["Beam Cell","Stack","Compile Driver"],"picked":"SKIP","floor":20.0},{"not_picked":["Rip and Tear","Recycle"],"picked":"Undo","floor":22.0},{"not_picked":["White Noise","Blizzard"],"picked":"Loop+1","floor":23.0},{"not_picked":["Compile Driver","Tempest"],"picked":"Auto Shields","floor":27.0},{"not_picked":["Multi-Cast","Meteor Strike"],"picked":"Rainbow","floor":30.0},{"not_picked":["Conserve Battery+1","Lockon"],"picked":"Genetic Algorithm","floor":31.0},{"not_picked":["Multi-Cast","Meteor Strike"],"picked":"Echo Form","floor":33.0},{"not_picked":["Redo","Aggregate","Turbo"],"picked":"SKIP","floor":35},{"not_picked":["Go for the Eyes+1","Stack","Reprogram"],"picked":"SKIP","floor":36},{"not_picked":["Barrage","Multi-Cast"],"picked":"Compile Driver+1","floor":38},{"not_picked":["Multi-Cast","Amplify"],"picked":"Echo Form","floor":40},{"not_picked":["Barrage","Skim"],"picked":"Coolheaded+1","floor":41},{"not_picked":["Rebound+1","Recycle+1","Chaos"],"picked":"SKIP","floor":42},{"not_picked":["Steam","Leap"],"picked":"Hologram","floor":44},{"not_picked":["Leap","Redo"],"picked":"Glacier","floor":47},{"not_picked":["Rebound","Ball Lightning+1","Streamline"],"picked":"SKIP","floor":48},{"not_picked":["Redo+1","Biased Cognition"],"picked":"Cold Snap","floor":54}],"player_experience":655228,"relics_obtained":[{"floor":9.0,"key":"Mummified Hand"},{"floor":10.0,"key":"Frozen Egg 2"},{"floor":14.0,"key":"Happy Flower"},{"floor":23.0,"key":"WingedGreaves"},{"floor":27.0,"key":"PreservedInsect"},{"floor":30.0,"key":"StoneCalendar"},{"floor":40,"key":"Bag of Preparation"},{"floor":41,"key":"Pantograph"},{"floor":42,"key":"Blood Vial"},{"floor":43,"key":"Mercury Hourglass"},{"floor":45,"key":"Pocketwatch"},{"floor":48,"key":"Anchor"},{"floor":54,"key":"Mango"}],"event_choices":[{"damage_healed":0.0,"max_hp_gain":0.0,"max_hp_loss":0.0,"gold_gain":0.0,"event_name":"The Woman in Blue","player_choice":"Bought 2 Potions","floor":2.0,"gold_loss":0.0,"damage_taken":0.0},{"damage_healed":0.0,"max_hp_gain":0.0,"max_hp_loss":0.0,"gold_gain":30.0,"event_name":"Dead Adventurer","player_choice":"Searched \u00272\u0027 times","floor":11.0,"gold_loss":0.0,"damage_taken":0.0,"relics_obtained":["Pear"]},{"damage_healed":0.0,"max_hp_gain":0.0,"max_hp_loss":0.0,"gold_gain":0.0,"event_name":"Match and Keep!","player_choice":"1 cards matched","floor":13.0,"gold_loss":0.0,"damage_taken":0.0,"cards_obtained":["Zap"]},{"damage_healed":0.0,"max_hp_gain":5.0,"max_hp_loss":0.0,"gold_gain":0.0,"event_name":"Forgotten Altar","player_choice":"Shed Blood","floor":21.0,"gold_loss":0.0,"damage_taken":21.0},{"damage_healed":0.0,"max_hp_gain":0.0,"max_hp_loss":0.0,"gold_gain":0.0,"event_name":"N\u0027loth","player_choice":"Traded Relic","floor":28.0,"relics_lost":["Frozen Egg 2"],"gold_loss":0.0,"damage_taken":0.0,"relics_obtained":["Nloth\u0027s Gift"]},{"damage_healed":0,"gold_gain":0,"player_choice":"Fight","damage_taken":0,"max_hp_gain":0,"max_hp_loss":0,"event_name":"Mysterious Sphere","floor":45,"gold_loss":0}],"is_beta":false,"boss_relics":[{"not_picked":["Coffee Dripper","Calling Bell"],"picked":"Inserter"},{"not_picked":["Astrolabe","Orrery"],"picked":"Nuclear Battery"}],"items_purged_floors":[5,19,53],"is_endless":false,"potions_floor_spawned":[3,10,14,20,22,31,33,38,40],"ascension_level":13}