{"gold_per_floor":[10,23,36,36,36,36,63,63,87,102,167,182,214,225,225,303,303,315,415,51,70,84,84,84,118,118,146,46,64,82,115,115,189,189,203,222,222,238,249,281,281,309,309,344,361,375,402,420,420,420,420,420,72,107,107],"floor_reached":56,"playtime":7321,"items_purged":["Demon Form","Hemokinesis+1"],"score":2514,"play_id":"3d10bb8e-9dd0-458e-b436-aebb9f661413","local_time":"20190627000309","is_ascension_mode":true,"campfire_choices":[{"data":"Bash","floor":6.0,"key":"SMITH"},{"data":"Iron Wave","floor":8.0,"key":"SMITH"},{"data":"Corruption","floor":15.0,"key":"SMITH"},{"floor":23.0,"key":"REST"},{"data":"Feel No Pain","floor":32.0,"key":"SMITH"},{"data":"Feel No Pain","floor":41.0,"key":"SMITH"},{"floor":49.0,"key":"RECALL"},{"data":"Warcry","floor":52.0,"key":"SMITH"}],"neow_cost":"NO_GOLD","seed_source_timestamp":0,"circlet_count":0,"master_deck":["AscendersBane","Defend_R","Defend_R","Defend_R","Bash+1","Iron Wave+1","Spot Weakness","True Grit","Anger","Corruption+1","Spot Weakness","Spot Weakness","Reaper","Shrug It Off","Corruption+1","Havoc+1","True Grit","Evolve","Feel No Pain+1","Feel No Pain+1","Ghostly","Ghostly","Ghostly","Reckless Charge","Warcry+1","Spot Weakness","Feed","Ghostly Armor","Body Slam","Madness","Madness","Body Slam+1","Havoc","Juggernaut","Dual Wield","Havoc","Parasite","Seeing Red","Havoc","Havoc","Feel No Pain","Master of Strategy","Warcry"],"special_seed":0,"relics":["Burning Blood","Vajra","Unceasing Top","Art of War","Regal Pillow","Red Skull","Astrolabe","Ginger","Shuriken","Medical Kit","Anchor","Juzu Bracelet","Dead Branch","Torii","Coffee Dripper","Blue Candle","Champion Belt","Centennial Puzzle","Orichalcum","Mercury Hourglass"],"potions_floor_usage":[55,55],"damage_taken":[{"damage":1.0,"enemies":"Cultist","floor":1.0,"turns":4.0},{"damage":17.0,"enemies":"Small Slimes","floor":2.0,"turns":4.0},{"damage":0.0,"enemies":"2 Louse","floor":3.0,"turns":4.0},{"damage":9.0,"enemies":"3 Sentries","floor":7.0,"turns":7.0},{"damage":6.0,"enemies":"Exordium Wildlife","floor":10.0,"turns":3.0},{"damage":25.0,"enemies":"Gremlin Nob","floor":11.0,"turns":4.0},{"damage":1.0,"enemies":"3 Louse","floor":12.0,"turns":3.0},{"damage":12.0,"enemies":"Gremlin Nob","floor":13.0,"turns":3.0},{"damage":22.0,"enemies":"Gremlin Gang","floor":14.0,"turns":3.0},{"damage":28.0,"enemies":"Hexaghost","floor":16.0,"turns":6.0},{"damage":18.0,"enemies":"Spheric Guardian","floor":18.0,"turns":5.0},{"damage":44.0,"enemies":"Colosseum Slavers","floor":19.0,"turns":5.0},{"damage":52.0,"enemies":"Colosseum Nobs","floor":19.0,"turns":4.0},{"damage":64.0,"enemies":"2 Thieves","floor":21.0,"turns":5.0},{"damage":6.0,"enemies":"Snecko","floor":22.0,"turns":5.0},{"damage":19.0,"enemies":"Gremlin Leader","floor":25.0,"turns":6.0},{"damage":5.0,"enemies":"Slavers","floor":27.0,"turns":6.0},{"damage":0.0,"enemies":"Snake Plant","floor":29.0,"turns":2.0},{"damage":1.0,"enemies":"Cultist and Chosen","floor":30.0,"turns":4.0},{"damage":3.0,"enemies":"Book of Stabbing","floor":31.0,"turns":6.0},{"damage":30.0,"enemies":"Collector","floor":33.0,"turns":6.0},{"damage":1.0,"enemies":"3 Darklings","floor":35.0,"turns":5.0},{"damage":0.0,"enemies":"3 Shapes","floor":36.0,"turns":2.0},{"damage":1.0,"enemies":"Transient","floor":38.0,"turns":5.0},{"damage":20.0,"enemies":"Spire Growth","floor":39.0,"turns":6.0},{"damage":0.0,"enemies":"Giant Head","floor":40.0,"turns":1.0},{"damage":8.0,"enemies":"Nemesis","floor":42.0,"turns":3.0},{"damage":0.0,"enemies":"Reptomancer","floor":44.0,"turns":3.0},{"damage":3.0,"enemies":"Sphere and 2 Shapes","floor":45.0,"turns":2.0},{"damage":1.0,"enemies":"Writhing Mass","floor":46.0,"turns":2.0},{"damage":7.0,"enemies":"Nemesis","floor":47.0,"turns":7.0},{"damage":1.0,"enemies":"4 Shapes","floor":48.0,"turns":3.0},{"damage":0.0,"enemies":"Time Eater","floor":50.0,"turns":11.0},{"damage":3,"enemies":"Shield and Spear","floor":54,"turns":6},{"damage":5,"enemies":"The Heart","floor":55,"turns":5}],"seed_played":"-9084251667043951417","potions_obtained":[{"floor":2.0,"key":"SkillPotion"},{"floor":3.0,"key":"EntropicBrew"},{"floor":13.0,"key":"Ancient Potion"},{"floor":14.0,"key":"Weak Potion"},{"floor":33.0,"key":"Energy Potion"}],"is_trial":false,"path_per_floor":["M","M","M","?","?","R","E","R","T","M","?","M","E","M","R","B",null,"M","?","$","M","M","R","?","E","T","E","$","M","M","E","R","B",null,"M","M","?","M","M","E","R","E","T","E","M","M","E","M","R","B",null,"R","$","E","B",null],"character_chosen":"IRONCLAD","items_purchased":["Medical Kit","Feel No Pain","Feel No Pain","Master of Strategy","Warcry"],"campfire_rested":1,"item_purchase_floors":[20,20,53,53,53],"current_hp_per_floor":[73,62,68,50,50,50,47,47,47,47,28,33,27,55,55,53,70,75,49,49,7,7,44,37,24,24,37,37,37,37,37,37,37,37,37,40,33,40,27,33,33,36,36,40,40,40,39,40,40,43,43,43,43,43,43],"gold":107,"neow_bonus":"REMOVE_TWO","is_prod":false,"is_daily":false,"chose_seed":false,"campfire_upgraded":6,"win_rate":0,"timestamp":1561582989,"path_taken":["M","M","M","?","?","R","E","R","T","?","?","M","E","M","R","BOSS","M","?","$","M","M","R","?","E","T","E","?","M","M","E","R","BOSS","M","M","?","M","M","E","R","E","T","E","M","M","E","M","R","BOSS","R","$","E","BOSS"],"build_version":"2019-01-23","purchased_purges":2,"victory":true,"max_hp_per_floor":[75,75,75,75,75,75,75,75,75,75,75,75,75,75,75,75,75,75,75,75,75,75,75,37,37,37,37,37,37,37,37,37,37,37,37,40,40,40,40,40,40,40,40,40,40,40,40,40,40,43,43,43,43,43,43],"card_choices":[{"not_picked":["True Grit","Sentinel","Warcry"],"picked":"SKIP","floor":1.0},{"not_picked":["Clash","Perfected Strike"],"picked":"Iron Wave","floor":2.0},{"not_picked":["Wild Strike","Rupture"],"picked":"Spot Weakness","floor":3.0},{"not_picked":["Shockwave","Clash"],"picked":"Anger","floor":7.0},{"not_picked":["Seeing Red","Pommel Strike"],"picked":"Corruption","floor":10.0},{"not_picked":["Intimidate","Havoc"],"picked":"Spot Weakness","floor":11.0},{"not_picked":["Wild Strike","Havoc"],"picked":"Spot Weakness","floor":12.0},{"not_picked":["Disarm","Warcry"],"picked":"Reaper","floor":13.0},{"not_picked":["Flex","Uppercut"],"picked":"Shrug It Off","floor":14.0},{"not_picked":["Dark Embrace","Immolate"],"picked":"Demon Form","floor":16.0},{"not_picked":["Pommel Strike","Anger"],"picked":"True Grit","floor":18.0},{"not_picked":["Thunderclap","Twin Strike"],"picked":"Evolve","floor":19.0},{"not_picked":["Rupture","Intimidate"],"picked":"Feel No Pain","floor":21.0},{"not_picked":["Clothesline","Rupture","Carnage"],"picked":"SKIP","floor":22.0},{"not_picked":["Dropkick","Headbutt"],"picked":"Reckless Charge","floor":25.0},{"not_picked":["Headbutt","Combust","Whirlwind"],"picked":"SKIP","floor":27.0},{"not_picked":["Clash+1","Whirlwind"],"picked":"Warcry","floor":29.0},{"not_picked":["Headbutt","Body Slam","Iron Wave"],"picked":"SKIP","floor":30.0},{"not_picked":["Rampage","Twin Strike+1"],"picked":"Spot Weakness","floor":31.0},{"not_picked":["Limit Break","Berserk"],"picked":"Feed","floor":33.0},{"not_picked":["Pommel Strike","Inflame+1"],"picked":"Ghostly Armor","floor":35.0},{"not_picked":["Flex+1","Clash+1"],"picked":"Body Slam","floor":36.0},{"not_picked":["Inflame","Flex"],"picked":"Body Slam+1","floor":38.0},{"not_picked":["Sword Boomerang","Armaments"],"picked":"Havoc","floor":39.0},{"not_picked":["Double Tap","Entrench"],"picked":"Juggernaut","floor":40.0},{"not_picked":["Hemokinesis+1","Dropkick"],"picked":"Dual Wield","floor":42.0},{"not_picked":["Rage","Clothesline"],"picked":"Havoc","floor":44.0},{"not_picked":["Flex","Cleave","Sword Boomerang"],"picked":"SKIP","floor":45.0},{"not_picked":["Rage+1","Armaments"],"picked":"Seeing Red","floor":46.0},{"not_picked":["Immolate","Iron Wave"],"picked":"Havoc","floor":47.0},{"not_picked":["Battle Trance+1","Cleave"],"picked":"Havoc","floor":48.0},{"not_picked":["Anger","Uppercut+1","Juggernaut"],"picked":"SKIP","floor":54}],"player_experience":590101,"relics_obtained":[{"floor":7.0,"key":"Unceasing Top"},{"floor":9.0,"key":"Art of War"},{"floor":11.0,"key":"Regal Pillow"},{"floor":13.0,"key":"Red Skull"},{"floor":19.0,"key":"Ginger"},{"floor":19.0,"key":"Shuriken"},{"floor":25.0,"key":"Anchor"},{"floor":26.0,"key":"Juzu Bracelet"},{"floor":27.0,"key":"Dead Branch"},{"floor":31.0,"key":"Torii"},{"floor":40.0,"key":"Blue Candle"},{"floor":42.0,"key":"Champion Belt"},{"floor":44.0,"key":"Centennial Puzzle"},{"floor":47.0,"key":"Orichalcum"},{"floor":54,"key":"Mercury Hourglass"}],"event_choices":[{"damage_healed":0.0,"max_hp_gain":0.0,"max_hp_loss":0.0,"gold_gain":0.0,"event_name":"Scrap Ooze","player_choice":"Success","floor":4.0,"gold_loss":0.0,"damage_taken":18.0,"relics_obtained":["Vajra"]},{"damage_healed":0.0,"max_hp_gain":0.0,"max_hp_loss":0.0,"gold_gain":0.0,"cards_transformed":["Strike_R"],"event_name":"Transmorgrifier","player_choice":"Transformed","floor":5.0,"gold_loss":0.0,"damage_taken":0.0,"cards_obtained":["True Grit"]},{"damage_healed":0.0,"max_hp_gain":0.0,"max_hp_loss":0.0,"gold_gain":0.0,"event_name":"Dead Adventurer","player_choice":"Searched \u00272\u0027 times","floor":11.0,"gold_loss":0.0,"damage_taken":0.0},{"damage_healed":0.0,"max_hp_gain":0.0,"max_hp_loss":0.0,"gold_gain":0.0,"event_name":"Colosseum","player_choice":"Fight","floor":19.0,"gold_loss":0.0,"damage_taken":0.0},{"damage_healed":0.0,"max_hp_gain":0.0,"max_hp_loss":0.0,"gold_gain":0.0,"event_name":"Colosseum","player_choice":"Fought Nobs","floor":19.0,"gold_loss":0.0,"damage_taken":0.0},{"damage_healed":0.0,"max_hp_gain":0.0,"max_hp_loss":38.0,"gold_gain":0.0,"event_name":"Ghosts","player_choice":"Became a Ghost","floor":24.0,"gold_loss":0.0,"damage_taken":0.0,"cards_obtained":["Ghostly","Ghostly","Ghostly"]},{"damage_healed":0.0,"max_hp_gain":0.0,"max_hp_loss":0.0,"gold_gain":0.0,"event_name":"Winding Halls","player_choice":"Embrace Madness","floor":37.0,"gold_loss":0.0,"damage_taken":7.0,"cards_obtained":["Madness","Madness"]}],"is_beta":false,"boss_relics":[{"not_picked":["Velvet Choker","White Beast Statue"],"picked":"Astrolabe"},{"not_picked":["Tiny House","Calling Bell"],"picked":"Coffee Dripper"}],"items_purged_floors":[20,28],"is_endless":false,"potions_floor_spawned":[2,3,13,14,21,25,27,31,33,38,39,40,44],"ascension_level":16}