{"gold_per_floor":[360,360,360,360,535,562,419,419,419,437,437,513,546,561,561,680,680,704,719,740,740,781,820,820,844,844,859,903,917,748,748,748,868,868,893,1892,1915,1928,1732,1732,1767,1781,1781,1781,1781,2114,10,29,29,29],"floor_reached":51,"playtime":1948,"items_purged":[],"score":1182,"play_id":"05b08233-797d-48a9-b2b0-22349f9f66f8","local_time":"20190721175636","is_ascension_mode":true,"campfire_choices":[{"data":"Armaments","floor":11.0,"key":"SMITH"},{"floor":15.0,"key":"REST"},{"floor":24.0,"key":"REST"},{"data":"Demon Form","floor":32.0,"key":"SMITH"},{"data":"Armaments","floor":40.0,"key":"SMITH"},{"data":"Perfected Strike","floor":44.0,"key":"SMITH"},{"floor":49.0,"key":"REST"}],"neow_cost":"TEN_PERCENT_HP_LOSS","seed_source_timestamp":0,"circlet_count":0,"master_deck":["Strike_R","Strike_R","Strike_R","Strike_R","Strike_R","Defend_R","Defend_R","Defend_R","Defend_R","Bash","Battle Trance","Regret","Doubt","Armaments+1","True Grit","Carnage","Headbutt","Injury","Pommel Strike","Intimidate","Wild Strike","Demon Form+1","Iron Wave","Shrug It Off+1","Thunderclap+1","Clothesline+1","Armaments+1","Twin Strike","Clumsy","Shockwave","Disarm","Blood for Blood","Armaments+1","Shame","Barricade","Perfected Strike+1","Normality","Normality","Sever Soul+1","Clothesline+1","Heavy Blade","Clash","Wild Strike","Flex","Second Wind","True Grit","Armaments","True Grit","Havoc","Flex","Heavy Blade","Parasite","Perfected Strike+1","Injury","Regret","Headbutt","Wild Strike","Rupture","Sentinel","Entrench","Warcry","Havoc","Warcry","Shrug It Off","Warcry","Dropkick","Rampage","Twin Strike","Iron Wave","Carnage","Battle Trance","Shrug It Off","Seeing Red","Infernal Blade","Battle Trance","Intimidate","Flex","Warcry","Havoc","Warcry","Intimidate","Shrug It Off","Armaments","Warcry","Immolate","Bludgeon","Immolate","Twin Strike","Body Slam","Sever Soul","Carnage","Immolate","Searing Blow","Perfected Strike","Wild Strike","Headbutt","Blood for Blood","Cleave","Bludgeon","Rampage","Reckless Charge","Pummel","Thunderclap","Clothesline","Body Slam","Uppercut","Reaper","Reaper","Reaper","Sever Soul","Whirlwind","Cleave","Rampage","Whirlwind","Thunderclap","Sword Boomerang","Body Slam","Clash","Cleave","Uppercut","Cleave","Perfected Strike","Whirlwind","Twin Strike","Wild Strike","Offering","Bloodletting","Offering","Armaments","Armaments"],"special_seed":0,"relics":["Burning Blood","Kunai","PreservedInsect","Matryoshka","Pear","Darkstone Periapt","Orichalcum","Gremlin Horn","Bronze Scales","Cursed Key","Red Mask","The Courier","Regal Pillow","Vajra","Membership Card","Pantograph","Snecko Eye","Letter Opener","Potion Belt","Bottled Tornado"],"potions_floor_usage":[],"damage_taken":[{"damage":2.0,"enemies":"Jaw Worm","floor":1.0,"turns":6.0},{"damage":27.0,"enemies":"3 Sentries","floor":6.0,"turns":7.0},{"damage":10.0,"enemies":"2 Louse","floor":10.0,"turns":4.0},{"damage":24.0,"enemies":"Lagavulin","floor":13.0,"turns":6.0},{"damage":6.0,"enemies":"Small Slimes","floor":14.0,"turns":3.0},{"damage":42.0,"enemies":"The Guardian","floor":16.0,"turns":14.0},{"damage":5.0,"enemies":"3 Byrds","floor":18.0,"turns":2.0},{"damage":18.0,"enemies":"2 Thieves","floor":19.0,"turns":3.0},{"damage":21.0,"enemies":"Centurion and Healer","floor":20.0,"turns":8.0},{"damage":13.0,"enemies":"Masked Bandits","floor":22.0,"turns":4.0},{"damage":21.0,"enemies":"Gremlin Leader","floor":23.0,"turns":4.0},{"damage":4.0,"enemies":"Cultist and Chosen","floor":25.0,"turns":4.0},{"damage":4.0,"enemies":"Snecko","floor":27.0,"turns":4.0},{"damage":33.0,"enemies":"Book of Stabbing","floor":28.0,"turns":5.0},{"damage":0.0,"enemies":"Centurion and Healer","floor":29.0,"turns":6.0},{"damage":17.0,"enemies":"Collector","floor":33.0,"turns":7.0},{"damage":17.0,"enemies":"3 Darklings","floor":35.0,"turns":6.0},{"damage":2.0,"enemies":"Orb Walker","floor":37.0,"turns":3.0},{"damage":8.0,"enemies":"3 Darklings","floor":38.0,"turns":3.0},{"damage":29.0,"enemies":"Nemesis","floor":41.0,"turns":3.0},{"damage":19.0,"enemies":"Writhing Mass","floor":42.0,"turns":7.0},{"damage":16.0,"enemies":"Jaw Worm Horde","floor":48.0,"turns":2.0},{"damage":97,"enemies":"Awakened One","floor":50,"turns":10}],"seed_played":"5767355032235757534","potions_obtained":[{"floor":1.0,"key":"Explosive Potion"},{"floor":14.0,"key":"SteroidPotion"},{"floor":18.0,"key":"Energy Potion"},{"floor":22.0,"key":"Regen Potion"},{"floor":23.0,"key":"SpeedPotion"},{"floor":25.0,"key":"SpeedPotion"},{"floor":33.0,"key":"EssenceOfSteel"},{"floor":38.0,"key":"Regen Potion"},{"floor":42.0,"key":"SpeedPotion"}],"is_trial":false,"path_per_floor":["M","?","T","?","?","E","$","?","T","M","R","T","E","M","R","B",null,"M","M","M","$","?","E","R","M","T","M","E","M","$","?","R","B",null,"M","?","M","M","$","R","E","M","T","R","T","?","$","M","R","B",null],"character_chosen":"IRONCLAD","items_purchased":["True Grit","Carnage","Headbutt","Membership Card","Armaments","Heavy Blade","Clash","Wild Strike","Flex","Second Wind","True Grit","Armaments","True Grit","Havoc","Flex","Headbutt","Wild Strike","Rupture","Sentinel","Entrench","Warcry","Havoc","Warcry","Shrug It Off","Warcry","Dropkick","Rampage","Twin Strike","Iron Wave","Carnage","Battle Trance","Shrug It Off","Seeing Red","Infernal Blade","Battle Trance","Intimidate","Flex","Warcry","Havoc","Warcry","Intimidate","Shrug It Off","Armaments","Warcry","Immolate","Bludgeon","Immolate","Twin Strike","Body Slam","Sever Soul","Carnage","Immolate","Searing Blow","Perfected Strike","Wild Strike","Headbutt","Blood for Blood","Cleave","Bludgeon","Rampage","Reckless Charge","Pummel","Thunderclap","Clothesline","Body Slam","Uppercut","Reaper","Reaper","Reaper","Sever Soul","Whirlwind","Cleave","Rampage","Whirlwind","Thunderclap","Sword Boomerang","Body Slam","Clash","Cleave","Uppercut","Cleave","Perfected Strike","Whirlwind","Twin Strike","Wild Strike","Offering","Bloodletting","Offering","Armaments"],"campfire_rested":3,"item_purchase_floors":[7,7,7,30,30,39,39,39,39,39,39,39,39,39,39,47,47,47,47,47,47,47,47,47,47,47,47,47,47,47,47,47,47,47,47,47,47,47,47,47,47,47,47,47,47,47,47,47,47,47,47,47,47,47,47,47,47,47,47,47,47,47,47,47,47,47,47,47,47,47,47,47,47,47,47,47,47,47,47,47,47,47,47,47,47,47,47,47,47],"current_hp_per_floor":[72,72,72,72,72,51,51,51,61,57,57,57,39,39,63,27,82,82,70,55,55,48,45,69,71,77,79,52,58,58,64,64,78,94,83,95,99,97,97,97,74,82,88,88,94,94,94,84,124,66],"gold":29,"neow_bonus":"TWO_FIFTY_GOLD","is_prod":false,"is_daily":false,"chose_seed":false,"campfire_upgraded":4,"win_rate":0,"timestamp":1563699396,"path_taken":["M","?","?","?","?","E","$","?","T","M","R","?","E","?","R","BOSS","M","M","M","$","?","E","R","M","T","M","E","M","$","?","R","BOSS","M","?","M","M","$","R","E","M","T","R","?","?","$","?","R","BOSS"],"build_version":"2019-07-17","purchased_purges":0,"victory":true,"max_hp_per_floor":[72,72,72,72,72,72,72,72,82,82,82,82,82,82,82,82,82,82,82,82,82,82,82,82,82,88,88,88,88,88,94,94,94,94,94,106,106,106,106,106,106,112,118,118,124,124,124,124,124,124],"card_choices":[{"not_picked":["Clash","Shrug It Off"],"picked":"Battle Trance","floor":1.0},{"not_picked":["Sentinel","Searing Blow"],"picked":"Armaments","floor":6.0},{"not_picked":["Clothesline","Anger"],"picked":"Pommel Strike","floor":10.0},{"not_picked":["Pummel","Sword Boomerang"],"picked":"Intimidate","floor":13.0},{"not_picked":["Thunderclap","Havoc"],"picked":"Wild Strike","floor":14.0},{"not_picked":["Offering","Dark Embrace"],"picked":"Demon Form","floor":16.0},{"not_picked":["Anger","Rupture"],"picked":"Iron Wave","floor":18.0},{"not_picked":["Bloodletting","Sword Boomerang"],"picked":"Shrug It Off+1","floor":19.0},{"not_picked":["Cleave","Clash+1"],"picked":"Thunderclap+1","floor":20.0},{"not_picked":["Blood for Blood","Sword Boomerang"],"picked":"Clothesline+1","floor":22.0},{"not_picked":["Body Slam","Sentinel+1"],"picked":"Armaments+1","floor":23.0},{"not_picked":["Brutality","Disarm"],"picked":"Twin Strike","floor":25.0},{"not_picked":["Havoc","Heavy Blade"],"picked":"Shockwave","floor":27.0},{"not_picked":["Warcry","Reckless Charge+1"],"picked":"Disarm","floor":28.0},{"not_picked":["Combust","Sword Boomerang"],"picked":"Blood for Blood","floor":29.0},{"not_picked":["Brutality","Limit Break"],"picked":"Barricade","floor":33.0},{"not_picked":["Sword Boomerang","Body Slam"],"picked":"Perfected Strike+1","floor":35.0},{"not_picked":["Headbutt","Disarm"],"picked":"Sever Soul+1","floor":37.0},{"not_picked":["Flex+1","Thunderclap+1"],"picked":"Clothesline+1","floor":38.0},{"not_picked":["Exhume","Seeing Red"],"picked":"Heavy Blade","floor":41.0},{"not_picked":["Clothesline","Whirlwind"],"picked":"Perfected Strike","floor":42.0},{"not_picked":["Clash+1","Rupture+1"],"picked":"Armaments","floor":48.0}],"player_experience":713492,"relics_obtained":[{"floor":3.0,"key":"PreservedInsect"},{"floor":6.0,"key":"Matryoshka"},{"floor":9.0,"key":"Pear"},{"floor":9.0,"key":"Darkstone Periapt"},{"floor":12.0,"key":"Orichalcum"},{"floor":12.0,"key":"Gremlin Horn"},{"floor":13.0,"key":"Bronze Scales"},{"floor":22.0,"key":"Red Mask"},{"floor":23.0,"key":"The Courier"},{"floor":26.0,"key":"Regal Pillow"},{"floor":28.0,"key":"Vajra"},{"floor":41.0,"key":"Letter Opener"},{"floor":43.0,"key":"Potion Belt"},{"floor":45.0,"key":"Bottled Tornado"}],"event_choices":[{"damage_healed":0.0,"max_hp_gain":0.0,"max_hp_loss":0.0,"gold_gain":0.0,"event_name":"Big Fish","player_choice":"Box","floor":2.0,"gold_loss":0.0,"damage_taken":0.0,"relics_obtained":["Kunai"],"cards_obtained":["Regret"]},{"damage_healed":0.0,"max_hp_gain":0.0,"max_hp_loss":0.0,"gold_gain":0.0,"event_name":"Golden Wing","player_choice":"Ignored","floor":4.0,"gold_loss":0.0,"damage_taken":0.0},{"damage_healed":0.0,"max_hp_gain":0.0,"max_hp_loss":0.0,"gold_gain":175.0,"event_name":"Liars Game","player_choice":"AGREE","floor":5.0,"gold_loss":0.0,"damage_taken":0.0,"cards_obtained":["Doubt"]},{"damage_healed":0.0,"max_hp_gain":0.0,"max_hp_loss":0.0,"gold_gain":0.0,"event_name":"Golden Idol","player_choice":"Take Wound","floor":8.0,"gold_loss":0.0,"damage_taken":0.0,"relics_obtained":["Golden Idol"],"cards_obtained":["Injury"]},{"damage_healed":0.0,"max_hp_gain":0.0,"max_hp_loss":0.0,"gold_gain":0.0,"event_name":"Masked Bandits","player_choice":"Fought Bandits","floor":22.0,"gold_loss":0.0,"damage_taken":0.0},{"damage_healed":0.0,"max_hp_gain":0.0,"max_hp_loss":0.0,"gold_gain":0.0,"event_name":"Addict","player_choice":"Stole Relic","floor":31.0,"gold_loss":0.0,"damage_taken":0.0,"relics_obtained":["Pantograph"],"cards_obtained":["Shame"]},{"damage_healed":0.0,"max_hp_gain":0.0,"max_hp_loss":0.0,"gold_gain":999.0,"event_name":"MindBloom","player_choice":"Gold","floor":36.0,"gold_loss":0.0,"damage_taken":0.0,"cards_obtained":["Normality","Normality"]},{"damage_healed":0.0,"max_hp_gain":0.0,"max_hp_loss":0.0,"gold_gain":333.0,"event_name":"The Moai Head","player_choice":"Gave Idol","floor":46.0,"relics_lost":["Golden Idol"],"gold_loss":0.0,"damage_taken":0.0}],"is_beta":false,"boss_relics":[{"not_picked":["Runic Pyramid","Fusion Hammer"],"picked":"Cursed Key"},{"not_picked":["Eternal Feather","Mark of Pain"],"picked":"Snecko Eye"}],"items_purged_floors":[],"is_endless":false,"potions_floor_spawned":[1,14,18,22,23,25,33,35,38,42],"ascension_level":1}