{"gold_per_floor":[110,123,7,17,17,17,77,77,126,149,195,225,265,293,305,421,433,461,491,522,534,461,499,511,523,558,570,611,117,145,245,245,347,347,359,359,373,420,443,469,484,517,540,567,567,451,482,224,224,224,224,224,6,34,34],"floor_reached":56,"playtime":10292,"items_purged":["Shame","Clash"],"score":2005,"play_id":"01f1aa96-7985-4c06-9cc5-e854c770a3d4","local_time":"20190616132907","is_ascension_mode":true,"campfire_choices":[{"data":"Clothesline","floor":6.0,"key":"SMITH"},{"floor":8.0,"key":"REST"},{"data":"Corruption","floor":15.0,"key":"SMITH"},{"data":"Blood for Blood","floor":24.0,"key":"SMITH"},{"data":"Feel No Pain","floor":27.0,"key":"SMITH"},{"data":"Brutality","floor":32.0,"key":"SMITH"},{"data":"Barricade","floor":45.0,"key":"SMITH"},{"floor":49,"key":"RECALL"},{"data":"Rupture","floor":52,"key":"SMITH"}],"neow_cost":"CURSE","seed_source_timestamp":283082384388582,"circlet_count":0,"master_deck":["Defend_R","Defend_R+1","Defend_R","Defend_R","Bash","Pommel Strike","Sword Boomerang","Clothesline+1","Corruption+1","Metallicize","Brutality+1","Battle Trance","Blood for Blood+1","Intimidate","Shrug It Off","Clothesline","Ghostly Armor","Immolate","Feel No Pain+1","Pommel Strike+1","Shrug It Off+1","Entrench","Entrench","Rupture+1","Inflame","Shrug It Off","Havoc","Disarm","Brutality","Corruption+1","Havoc+1","Barricade+1","Shrug It Off","Havoc","Dark Embrace","Blood for Blood+1","Feel No Pain","Battle Trance","Havoc+1","Body Slam","Shrug It Off"],"special_seed":0,"relics":["Burning Blood","Tiny Chest","MawBank","Smiling Mask","Magic Flower","Coffee Dripper","Pen Nib","War Paint","Blood Vial","Anchor","Centennial Puzzle","Incense Burner","Regal Pillow","Nunchaku","Bottled Flame","Runic Cube","Unceasing Top","Red Skull","Bottled Lightning","Sundial","Happy Flower","Darkstone Periapt","Oddly Smooth Stone","Frozen Eye","Bronze Scales"],"potions_floor_usage":[50,54,55],"damage_taken":[{"damage":23.0,"enemies":"Jaw Worm","floor":1.0,"turns":5.0},{"damage":8.0,"enemies":"Small Slimes","floor":2.0,"turns":4.0},{"damage":11.0,"enemies":"2 Louse","floor":4.0,"turns":2.0},{"damage":23.0,"enemies":"Lagavulin","floor":7.0,"turns":8.0},{"damage":9.0,"enemies":"Blue Slaver","floor":10.0,"turns":5.0},{"damage":9.0,"enemies":"Gremlin Nob","floor":11.0,"turns":3.0},{"damage":8.0,"enemies":"2 Fungi Beasts","floor":12.0,"turns":3.0},{"damage":4.0,"enemies":"Lagavulin","floor":13.0,"turns":7.0},{"damage":8.0,"enemies":"Looter","floor":14.0,"turns":3.0},{"damage":22.0,"enemies":"Hexaghost","floor":16.0,"turns":9.0},{"damage":10.0,"enemies":"Shell Parasite","floor":18.0,"turns":6.0},{"damage":7.0,"enemies":"3 Byrds","floor":19.0,"turns":5.0},{"damage":14.0,"enemies":"Cultist and Chosen","floor":20.0,"turns":7.0},{"damage":13.0,"enemies":"Book of Stabbing","floor":23.0,"turns":6.0},{"damage":9.0,"enemies":"Slavers","floor":28.0,"turns":7.0},{"damage":8.0,"enemies":"Book of Stabbing","floor":30.0,"turns":6.0},{"damage":9.0,"enemies":"Colosseum Slavers","floor":31.0,"turns":7.0},{"damage":4.0,"enemies":"Colosseum Nobs","floor":31.0,"turns":5.0},{"damage":19.0,"enemies":"Collector","floor":33.0,"turns":8.0},{"damage":3.0,"enemies":"Orb Walker","floor":35.0,"turns":3.0},{"damage":6.0,"enemies":"3 Darklings","floor":37.0,"turns":5.0},{"damage":32.0,"enemies":"2 Orb Walkers","floor":38.0,"turns":7.0},{"damage":8.0,"enemies":"Giant Head","floor":40.0,"turns":6.0},{"damage":7.0,"enemies":"Transient","floor":41.0,"turns":5.0},{"damage":24.0,"enemies":"Reptomancer","floor":42.0,"turns":7.0},{"damage":7.0,"enemies":"Giant Head","floor":44.0,"turns":7.0},{"damage":9,"enemies":"Nemesis","floor":47,"turns":7},{"damage":24,"enemies":"Awakened One","floor":50,"turns":5},{"damage":6,"enemies":"Shield and Spear","floor":54,"turns":5},{"damage":11,"enemies":"The Heart","floor":55,"turns":5}],"seed_played":"-7726922370490369565","potions_obtained":[{"floor":1.0,"key":"Strength Potion"},{"floor":10.0,"key":"SkillPotion"},{"floor":11.0,"key":"Weak Potion"},{"floor":12.0,"key":"Weak Potion"},{"floor":18.0,"key":"AttackPotion"},{"floor":23.0,"key":"Energy Potion"},{"floor":33.0,"key":"Ancient Potion"},{"floor":41.0,"key":"GamblersBrew"}],"is_trial":false,"path_per_floor":["M","M","$","M","?","R","E","R","T","M","E","M","E","M","R","B",null,"M","M","M","?","?","E","R","T","T","R","E","$","E","?","R","B",null,"M","?","M","?","T","E","M","E","T","E","R","$","E","$","R","B",null,"R","$","E","B",null],"character_chosen":"IRONCLAD","items_purchased":["Metallicize","Incense Burner","Inflame","Shrug It Off","Havoc","Feel No Pain","Battle Trance","Oddly Smooth Stone","Body Slam","Dexterity Potion","Shrug It Off","Frozen Eye"],"campfire_rested":1,"item_purchase_floors":[3,29,29,29,29,46,46,48,48,48,53,53],"current_hp_per_floor":[55,53,53,48,48,48,31,55,55,52,49,47,49,50,50,37,69,68,70,65,65,65,61,61,61,61,61,64,64,68,79,79,70,78,80,80,80,57,57,61,66,54,54,59,59,59,62,62,62,50,73,73,73,79,78],"gold":34,"neow_bonus":"TRANSFORM_TWO_CARDS","is_prod":false,"is_daily":false,"chose_seed":false,"campfire_upgraded":7,"win_rate":0,"timestamp":1560680947,"path_taken":["M","M","$","M","?","R","E","R","T","M","E","M","E","M","R","BOSS","M","M","M","?","?","E","R","?","T","R","E","$","E","?","R","BOSS","M","?","M","?","?","E","M","E","T","E","R","$","E","$","R","BOSS","R","$","E","BOSS"],"build_version":"2019-01-23","purchased_purges":2,"victory":true,"max_hp_per_floor":[80,80,80,80,80,80,80,80,80,80,80,80,80,80,80,80,80,80,80,80,80,80,80,80,80,80,80,80,80,80,80,80,80,80,80,80,80,80,80,80,80,80,80,80,80,80,80,80,80,80,80,80,80,80,80],"card_choices":[{"not_picked":["Hemokinesis","Disarm"],"picked":"Clothesline","floor":1.0},{"not_picked":["Havoc","Reckless Charge"],"picked":"Corruption","floor":2.0},{"not_picked":["Power Through","Flex"],"picked":"Brutality","floor":4.0},{"not_picked":["Entrench","Dropkick"],"picked":"Battle Trance","floor":7.0},{"not_picked":["Body Slam","Warcry"],"picked":"Blood for Blood","floor":10.0},{"not_picked":["True Grit","Heavy Blade"],"picked":"Intimidate","floor":11.0},{"not_picked":["Anger","Body Slam"],"picked":"Shrug It Off","floor":12.0},{"not_picked":["Sword Boomerang","Rampage"],"picked":"Clothesline","floor":13.0},{"not_picked":["Perfected Strike","Anger"],"picked":"Ghostly Armor","floor":14.0},{"not_picked":["Bludgeon","Impervious"],"picked":"Immolate","floor":16.0},{"not_picked":["True Grit","Blood for Blood+1"],"picked":"Feel No Pain","floor":18.0},{"not_picked":["Heavy Blade","Fire Breathing"],"picked":"Pommel Strike+1","floor":19.0},{"not_picked":["Bloodletting","Corruption"],"picked":"Shrug It Off","floor":20.0},{"not_picked":["Clothesline","Fire Breathing"],"picked":"Entrench","floor":23.0},{"not_picked":["Headbutt","Dark Embrace"],"picked":"Rupture","floor":28.0},{"not_picked":["Metallicize","Pommel Strike"],"picked":"Disarm","floor":30.0},{"not_picked":["Limit Break","Exhume"],"picked":"Brutality","floor":33.0},{"not_picked":["Thunderclap","Twin Strike"],"picked":"Corruption+1","floor":35.0},{"not_picked":["Headbutt+1","Twin Strike+1"],"picked":"Havoc+1","floor":37.0},{"not_picked":["Bloodletting","Pommel Strike+1"],"picked":"Barricade","floor":38.0},{"not_picked":["Evolve","Sword Boomerang+1"],"picked":"Shrug It Off","floor":40.0},{"not_picked":["Flex+1","Whirlwind+1"],"picked":"Havoc","floor":41.0},{"not_picked":["Sword Boomerang","Wild Strike"],"picked":"Dark Embrace","floor":42.0},{"not_picked":["Pommel Strike","Clash+1"],"picked":"Blood for Blood+1","floor":44.0},{"not_picked":["Evolve","Reckless Charge"],"picked":"Havoc+1","floor":47},{"not_picked":["Rampage+1","Corruption","Sword Boomerang"],"picked":"SKIP","floor":54}],"player_experience":226563,"relics_obtained":[{"floor":7.0,"key":"Tiny Chest"},{"floor":9.0,"key":"MawBank"},{"floor":11.0,"key":"Smiling Mask"},{"floor":13.0,"key":"Magic Flower"},{"floor":23.0,"key":"War Paint"},{"floor":25.0,"key":"Blood Vial"},{"floor":26.0,"key":"Anchor"},{"floor":28.0,"key":"Centennial Puzzle"},{"floor":30.0,"key":"Regal Pillow"},{"floor":31.0,"key":"Nunchaku"},{"floor":31.0,"key":"Bottled Flame"},{"floor":38.0,"key":"Unceasing Top"},{"floor":39.0,"key":"Red Skull"},{"floor":40.0,"key":"Bottled Lightning"},{"floor":42.0,"key":"Sundial"},{"floor":44.0,"key":"Happy Flower"},{"floor":47,"key":"Darkstone Periapt"},{"floor":54,"key":"Bronze Scales"}],"event_choices":[{"damage_healed":0.0,"max_hp_gain":0.0,"max_hp_loss":0.0,"gold_gain":0.0,"cards_transformed":["Strike_R"],"event_name":"Living Wall","player_choice":"Change","floor":5.0,"gold_loss":0.0,"damage_taken":0.0,"cards_obtained":["Heavy Blade"]},{"damage_healed":0.0,"max_hp_gain":0.0,"max_hp_loss":0.0,"gold_gain":0.0,"cards_transformed":["Strike_R","Strike_R"],"event_name":"Drug Dealer","player_choice":"Became Test Subject","floor":21.0,"gold_loss":0.0,"damage_taken":0.0,"cards_obtained":["Clash","Entrench"]},{"damage_healed":0.0,"max_hp_gain":0.0,"max_hp_loss":0.0,"gold_gain":0.0,"event_name":"Addict","player_choice":"Obtained Relic","floor":22.0,"gold_loss":85.0,"damage_taken":0.0,"relics_obtained":["Pen Nib"]},{"damage_healed":0.0,"max_hp_gain":0.0,"max_hp_loss":0.0,"gold_gain":0.0,"event_name":"Colosseum","player_choice":"Fight","floor":31.0,"gold_loss":0.0,"damage_taken":0.0},{"damage_healed":0.0,"max_hp_gain":0.0,"max_hp_loss":0.0,"gold_gain":0.0,"event_name":"Colosseum","player_choice":"Fought Nobs","floor":31.0,"gold_loss":0.0,"damage_taken":0.0},{"cards_removed":["Heavy Blade"],"damage_healed":0.0,"max_hp_gain":0.0,"max_hp_loss":0.0,"gold_gain":0.0,"event_name":"Falling","player_choice":"Removed Attack","floor":36.0,"gold_loss":0.0,"damage_taken":0.0},{"damage_healed":0.0,"max_hp_gain":0.0,"max_hp_loss":0.0,"gold_gain":0.0,"event_name":"Mysterious Sphere","player_choice":"Fight","floor":38.0,"gold_loss":0.0,"damage_taken":0.0}],"is_beta":false,"boss_relics":[{"not_picked":["Calling Bell","Black Star"],"picked":"Coffee Dripper"},{"not_picked":["White Beast Statue","Tiny House"],"picked":"Runic Cube"}],"items_purged_floors":[3,29],"is_endless":false,"potions_floor_spawned":[1,10,11,12,18,23,33,41,42,44],"ascension_level":7}