{"gold_per_floor":[114,114,134,150,150,150,179,26,49,49,89,114,133,133,133,133],"floor_reached":16,"playtime":2903,"items_purged":[],"score":110,"play_id":"b446b667-6ea3-40cc-bb2a-781747371ac2","local_time":"20190725134157","is_ascension_mode":false,"campfire_choices":[{"data":"Armaments","floor":6,"key":"SMITH"},{"floor":15,"key":"RECALL"}],"neow_cost":"NONE","seed_source_timestamp":508569017559300,"circlet_count":0,"master_deck":["Strike_R","Strike_R","Strike_R","Strike_R","Strike_R","Defend_R","Defend_R","Defend_R","Defend_R","Bash","Sentinel+1","Armaments+1","Infernal Blade","Carnage","Seeing Red","Entrench","Armaments","Heavy Blade"],"relics":["Burning Blood","Blood Vial","Dream Catcher","Golden Idol","Art of War","CultistMask"],"potions_floor_usage":[7,11,13,16],"damage_taken":[{"damage":8,"enemies":"Jaw Worm","floor":1,"turns":4},{"damage":10,"enemies":"2 Louse","floor":3,"turns":3},{"damage":2,"enemies":"Cultist","floor":4,"turns":4},{"damage":15,"enemies":"Gremlin Nob","floor":7,"turns":4},{"damage":22,"enemies":"3 Sentries","floor":11,"turns":9},{"damage":5,"enemies":"Gremlin Gang","floor":12,"turns":5},{"damage":1,"enemies":"Large Slime","floor":13,"turns":5},{"damage":80,"enemies":"The Guardian","floor":16,"turns":11}],"seed_played":"-7900635188629865935","potions_obtained":[{"floor":4,"key":"AttackPotion"},{"floor":7,"key":"Swift Potion"},{"floor":12,"key":"AttackPotion"},{"floor":13,"key":"Block Potion"}],"is_trial":false,"path_per_floor":["M","?","M","M","?","R","E","$","T","?","E","M","M","?","R","B"],"character_chosen":"IRONCLAD","items_purchased":["Seeing Red","Entrench"],"campfire_rested":0,"item_purchase_floors":[8,8],"current_hp_per_floor":[86,86,82,86,91,91,82,82,82,59,45,48,55,55,55,0],"gold":133,"neow_bonus":"TEN_PERCENT_HP_BONUS","is_prod":false,"is_daily":false,"chose_seed":false,"campfire_upgraded":1,"win_rate":0,"timestamp":1564058517,"path_taken":["M","?","M","M","?","R","E","$","T","?","E","M","M","?","R","BOSS"],"build_version":"2019-07-17","purchased_purges":0,"victory":false,"max_hp_per_floor":[88,88,88,88,93,93,93,93,93,93,93,93,93,93,93,93],"card_choices":[{"not_picked":["Clothesline","Rupture"],"picked":"Sentinel","floor":1},{"not_picked":["Shrug It Off","Wild Strike"],"picked":"Armaments","floor":3},{"not_picked":["Pommel Strike","Disarm"],"picked":"Infernal Blade","floor":4},{"not_picked":["Warcry","Berserk"],"picked":"Carnage","floor":7},{"not_picked":["Clash","Headbutt"],"picked":"Armaments","floor":11},{"not_picked":["Cleave","Anger"],"picked":"Heavy Blade","floor":12},{"not_picked":["Sword Boomerang","Second Wind","True Grit"],"picked":"SKIP","floor":13}],"player_experience":417521,"relics_obtained":[{"floor":7,"key":"Blood Vial"},{"floor":9,"key":"Dream Catcher"},{"floor":11,"key":"Art of War"}],"event_choices":[{"damage_healed":0,"gold_gain":0,"player_choice":"Grow","damage_taken":0,"max_hp_gain":0,"max_hp_loss":0,"event_name":"Living Wall","floor":2,"gold_loss":0,"cards_upgraded":["Sentinel"]},{"damage_healed":0,"gold_gain":0,"player_choice":"Donut","damage_taken":0,"max_hp_gain":5,"max_hp_loss":0,"event_name":"Big Fish","floor":5,"gold_loss":0},{"damage_healed":0,"gold_gain":0,"player_choice":"Take Damage","damage_taken":23,"relics_obtained":["Golden Idol"],"max_hp_gain":0,"max_hp_loss":0,"event_name":"Golden Idol","floor":10,"gold_loss":0},{"damage_healed":0,"gold_gain":0,"player_choice":"Trade","damage_taken":0,"relics_obtained":["CultistMask"],"max_hp_gain":0,"max_hp_loss":0,"event_name":"FaceTrader","floor":14,"gold_loss":0}],"is_beta":false,"boss_relics":[],"items_purged_floors":[],"is_endless":false,"potions_floor_spawned":[4,7,12,13],"killed_by":"The Guardian","ascension_level":0}