{"gold_per_floor":[209,223,233,252,202,202,222,222,222,253,253,273,273,300,300,403,403,420,420,345,356,455,455,483,499,499,529,546,546,546,563,563,563],"floor_reached":33,"playtime":994,"items_purged":["Writhe"],"score":362,"play_id":"cbf67479-7b27-47ab-b475-46f09f6ae29d","local_time":"20190715200753","is_ascension_mode":true,"campfire_choices":[{"data":"Whirlwind","floor":6,"key":"SMITH"},{"data":"Berserk","floor":8,"key":"SMITH"},{"data":"Battle Trance","floor":13,"key":"SMITH"},{"data":"Fiend Fire","floor":15,"key":"SMITH"},{"data":"Offering","floor":23,"key":"SMITH"},{"floor":29,"key":"REST"},{"data":"Double Tap","floor":32,"key":"SMITH"}],"neow_cost":"NONE","seed_source_timestamp":18133180254800,"circlet_count":0,"master_deck":["Strike_R","Strike_R","Strike_R","Strike_R","Defend_R","Defend_R","Defend_R","Bash","Cleave","Whirlwind+1","Armaments","Berserk+1","Battle Trance+1","Strike_B","Fiend Fire+1","Offering+1","Parasite","Decay","Reckless Charge+1","Infernal Blade+1","Blood for Blood+1","Double Tap+1","Metallicize+1"],"relics":["Burning Blood","PreservedInsect","Oddly Smooth Stone","Darkstone Periapt","Calling Bell","Anchor","Pear","Calipers","Smiling Mask","Torii","Dream Catcher"],"potions_floor_usage":[12,24,25,33,33],"damage_taken":[{"damage":9,"enemies":"Jaw Worm","floor":1,"turns":4},{"damage":0,"enemies":"Small Slimes","floor":2,"turns":3},{"damage":1,"enemies":"Cultist","floor":3,"turns":3},{"damage":4,"enemies":"Exordium Wildlife","floor":4,"turns":3},{"damage":7,"enemies":"Gremlin Gang","floor":7,"turns":3},{"damage":9,"enemies":"3 Sentries","floor":10,"turns":2},{"damage":12,"enemies":"Blue Slaver","floor":12,"turns":2},{"damage":18,"enemies":"Lagavulin","floor":14,"turns":4},{"damage":34,"enemies":"The Guardian","floor":16,"turns":9},{"damage":6,"enemies":"3 Byrds","floor":18,"turns":3},{"damage":8,"enemies":"Chosen","floor":21,"turns":3},{"damage":23,"enemies":"Gremlin Leader","floor":24,"turns":3},{"damage":15,"enemies":"Snake Plant","floor":25,"turns":4},{"damage":23,"enemies":"Book of Stabbing","floor":27,"turns":4},{"damage":19,"enemies":"Shelled Parasite and Fungi","floor":28,"turns":4},{"damage":8,"enemies":"3 Cultists","floor":31,"turns":4},{"damage":80,"enemies":"Collector","floor":33,"turns":8}],"seed_played":"-1460640425422788569","potions_obtained":[{"floor":1,"key":"FearPotion"},{"floor":3,"key":"PowerPotion"},{"floor":7,"key":"SneckoOil"},{"floor":14,"key":"FearPotion"},{"floor":21,"key":"AttackPotion"},{"floor":24,"key":"Regen Potion"}],"is_trial":false,"path_per_floor":["M","M","M","M","?","R","M","R","T","E","?","M","R","E","R","B",null,"M","?","$","M","?","R","E","M","T","E","M","R","?","M","R","B"],"character_chosen":"IRONCLAD","items_purchased":[],"campfire_rested":1,"item_purchase_floors":[],"current_hp_per_floor":[77,80,80,80,80,80,79,79,79,76,76,70,70,58,58,30,108,108,86,86,84,84,84,67,70,70,53,40,73,73,71,71,0],"gold":563,"neow_bonus":"HUNDRED_GOLD","is_prod":false,"is_daily":false,"chose_seed":false,"campfire_upgraded":6,"win_rate":0,"timestamp":1563235673,"path_taken":["M","M","M","M","?","R","M","R","T","E","?","?","R","E","R","BOSS","M","?","$","M","?","R","E","?","T","E","?","R","?","M","R","BOSS"],"build_version":"2019-07-05","purchased_purges":1,"victory":false,"max_hp_per_floor":[80,80,80,80,80,80,80,80,80,80,80,80,80,80,80,80,108,108,113,113,113,113,113,113,113,113,113,113,113,113,113,113,113],"card_choices":[{"not_picked":["Corruption","Clash"],"picked":"Cleave","floor":1},{"not_picked":["Heavy Blade","Pommel Strike"],"picked":"Whirlwind","floor":2},{"not_picked":["Bloodletting","Headbutt"],"picked":"Armaments","floor":3},{"not_picked":["Pummel","Sword Boomerang"],"picked":"Berserk","floor":4},{"not_picked":["Infernal Blade","Searing Blow","Warcry"],"picked":"SKIP","floor":7},{"not_picked":["Thunderclap","Armaments"],"picked":"Battle Trance","floor":10},{"not_picked":["Thunderclap","Twin Strike","Battle Trance"],"picked":"SKIP","floor":12},{"not_picked":["Evolve","Pommel Strike"],"picked":"Fiend Fire","floor":14},{"not_picked":["Dark Embrace","Demon Form"],"picked":"Offering","floor":16},{"not_picked":["Thunderclap","Anger","Perfected Strike"],"picked":"SKIP","floor":18},{"not_picked":["Second Wind","Clothesline"],"picked":"Reckless Charge+1","floor":21},{"not_picked":["Shrug It Off","Bludgeon"],"picked":"Infernal Blade+1","floor":24},{"not_picked":["Pummel","Searing Blow"],"picked":"Blood for Blood+1","floor":25},{"not_picked":["Thunderclap","Rampage"],"picked":"Double Tap","floor":27},{"not_picked":["Infernal Blade","Heavy Blade","Carnage"],"picked":"SKIP","floor":28},{"not_picked":["Power Through","Ghostly Armor"],"picked":"Metallicize+1","floor":29},{"not_picked":["Hemokinesis","Headbutt","Rampage"],"picked":"SKIP","floor":31}],"player_experience":1923134,"relics_obtained":[{"floor":9,"key":"PreservedInsect"},{"floor":10,"key":"Oddly Smooth Stone"},{"floor":14,"key":"Darkstone Periapt"},{"floor":17,"key":"Anchor"},{"floor":17,"key":"Pear"},{"floor":17,"key":"Calipers"},{"floor":24,"key":"Smiling Mask"},{"floor":26,"key":"Torii"},{"floor":27,"key":"Dream Catcher"}],"event_choices":[{"cards_removed":["Strike_R"],"damage_healed":0,"gold_gain":0,"player_choice":"Card Removal","damage_taken":0,"max_hp_gain":0,"max_hp_loss":0,"event_name":"The Cleric","floor":5,"gold_loss":50},{"cards_removed":["Defend_R"],"damage_healed":0,"gold_gain":0,"player_choice":"Took Card","damage_taken":0,"max_hp_gain":0,"max_hp_loss":0,"event_name":"NoteForYourself","floor":11,"gold_loss":0,"cards_obtained":["Strike_B"]},{"damage_healed":0,"gold_gain":0,"player_choice":"Shed Blood","damage_taken":27,"max_hp_gain":5,"max_hp_loss":0,"event_name":"Forgotten Altar","floor":19,"gold_loss":0},{"damage_healed":0,"gold_gain":99,"player_choice":"Stole From Cult","damage_taken":0,"max_hp_gain":0,"max_hp_loss":0,"event_name":"Nest","floor":22,"gold_loss":0},{"damage_healed":0,"gold_gain":0,"player_choice":"0 cards matched","damage_taken":0,"max_hp_gain":0,"max_hp_loss":0,"event_name":"Match and Keep!","floor":30,"gold_loss":0,"cards_obtained":[]}],"is_beta":false,"boss_relics":[{"not_picked":["Mark of Pain","Velvet Choker"],"picked":"Calling Bell"}],"items_purged_floors":[20],"is_endless":false,"potions_floor_spawned":[1,3,7,14,21,24],"killed_by":"Collector","ascension_level":1}