{"gold_per_floor":[113,188,200,200,55,84,95,95,122,122,155,173,173,187,187,284,284,301,321,331,331,349,378,378,397,448,466,480,480,505,537,537,632,632,650,1649,1649,496,496,496,506,506,506,45,62,62,62,73,73,73],"floor_reached":51,"playtime":1231,"items_purged":["Normality","Normality"],"score":772,"play_id":"7d4630fb-5d2a-41a6-8e8a-33c4ccd24945","local_time":"20190708165118","is_ascension_mode":false,"campfire_choices":[{"data":"Sword Boomerang","floor":8.0,"key":"SMITH"},{"data":"Shrug It Off","floor":10.0,"key":"SMITH"},{"data":"Shrug It Off","floor":13.0,"key":"SMITH"},{"data":"Iron Wave","floor":15.0,"key":"SMITH"},{"floor":29,"key":"REST"},{"floor":32,"key":"REST"},{"floor":40,"key":"DIG"},{"floor":47,"key":"DIG"},{"floor":49,"key":"DIG"}],"neow_cost":"NONE","seed_source_timestamp":879139369207800,"circlet_count":0,"master_deck":["Strike_R","Strike_R","Strike_R","Defend_R","Defend_R","Defend_R","Defend_R","Bash","Inflame+1","Shrug It Off+1","Sword Boomerang+1","Shrug It Off+1","Iron Wave+1","Immolate","Corruption","Wild Strike+1","Shrug It Off+1","Flex+1","Sever Soul+1","Cleave+1","Evolve","Warcry+1","Corruption+1","Intimidate","Impervious","Combust","Panache","Sentinel+1","Clothesline","Panache","Panache","Shrug It Off","Pommel Strike+1"],"special_seed":0,"relics":["Burning Blood","NeowsBlessing","Regal Pillow","Happy Flower","Anchor","Kunai","Empty Cage","Prayer Wheel","Pocketwatch","PreservedInsect","Red Mask","Calipers","Busted Crown","Omamori","Shovel","Mummified Hand","Brimstone","Bag of Marbles","Shuriken","Membership Card","Letter Opener","Centennial Puzzle","Charon\u0027s Ashes"],"potions_floor_usage":[33,41,50,50,50],"damage_taken":[{"damage":0.0,"enemies":"Small Slimes","floor":1.0,"turns":1.0},{"damage":0.0,"enemies":"Cultist","floor":3.0,"turns":1.0},{"damage":0.0,"enemies":"3 Sentries","floor":6.0,"turns":2.0},{"damage":5.0,"enemies":"Jaw Worm","floor":7.0,"turns":3.0},{"damage":19.0,"enemies":"Gremlin Nob","floor":11.0,"turns":4.0},{"damage":2.0,"enemies":"2 Fungi Beasts","floor":12.0,"turns":3.0},{"damage":0.0,"enemies":"Exordium Wildlife","floor":14.0,"turns":3.0},{"damage":56.0,"enemies":"Hexaghost","floor":16.0,"turns":10.0},{"damage":0.0,"enemies":"Spheric Guardian","floor":18.0,"turns":5.0},{"damage":11.0,"enemies":"3 Byrds","floor":19.0,"turns":4.0},{"damage":3.0,"enemies":"Snecko","floor":20.0,"turns":5.0},{"damage":9.0,"enemies":"Centurion and Healer","floor":22.0,"turns":6.0},{"damage":36.0,"enemies":"Slavers","floor":23.0,"turns":5.0},{"damage":4.0,"enemies":"3 Cultists","floor":25.0,"turns":5.0},{"damage":23.0,"enemies":"Sentry and Sphere","floor":27.0,"turns":6.0},{"damage":15,"enemies":"Snake Plant","floor":28,"turns":4},{"damage":0,"enemies":"Masked Bandits","floor":30,"turns":2},{"damage":28,"enemies":"Book of Stabbing","floor":31,"turns":4},{"damage":67,"enemies":"Champ","floor":33,"turns":14},{"damage":17,"enemies":"3 Darklings","floor":35,"turns":5},{"damage":0,"enemies":"3 Shapes","floor":41,"turns":2},{"damage":4,"enemies":"Writhing Mass","floor":45,"turns":4},{"damage":8,"enemies":"Transient","floor":48,"turns":5},{"damage":64,"enemies":"Awakened One","floor":50,"turns":8}],"seed_played":"-680825965355347589","potions_obtained":[{"floor":7.0,"key":"Energy Potion"},{"floor":16.0,"key":"EssenceOfSteel"},{"floor":18.0,"key":"LiquidBronze"},{"floor":19.0,"key":"AttackPotion"},{"floor":22.0,"key":"GamblersBrew"},{"floor":23.0,"key":"Swift Potion"},{"floor":30,"key":"EssenceOfSteel"},{"floor":41,"key":"Dexterity Potion"}],"is_trial":false,"path_per_floor":["M","?","M","?","$","E","M","R","T","R","E","M","R","M","R","B",null,"M","M","M","?","M","E","T","M","T","M","M","R","?","E","R","B",null,"M","?","T","$","?","R","M","?","T","$","M","?","R","M","R","B",null],"character_chosen":"IRONCLAD","items_purchased":["Regal Pillow","Shovel","Mummified Hand","Brimstone","Combust","SteroidPotion","Energy Potion","Panache","Membership Card","Letter Opener","Panache"],"campfire_rested":2,"item_purchase_floors":[5,38,38,38,38,38,38,38,44,44,44],"current_hp_per_floor":[80,69,75,75,75,80,80,80,80,80,67,71,71,77,77,27,80,80,75,78,78,75,45,45,47,47,30,21,60,66,44,80,19,80,69,69,69,69,69,69,75,75,75,75,76,76,76,74,74,16],"gold":73,"neow_bonus":"THREE_ENEMY_KILL","is_prod":false,"is_daily":false,"chose_seed":false,"campfire_upgraded":4,"win_rate":0,"timestamp":1562619078,"path_taken":["M","?","M","?","$","E","M","R","T","R","E","?","R","M","R","BOSS","M","M","?","?","M","E","?","M","T","M","M","R","?","E","R","BOSS","M","?","?","$","?","R","M","?","T","$","?","?","R","M","R","BOSS"],"build_version":"2019-07-05","purchased_purges":2,"victory":true,"max_hp_per_floor":[80,80,80,80,80,80,80,80,80,80,80,80,80,80,80,80,80,80,80,80,80,80,80,80,80,80,80,80,80,80,80,80,80,80,80,80,80,80,76,76,76,76,76,76,76,76,76,76,76,76],"card_choices":[{"not_picked":["Perfected Strike","Rampage"],"picked":"Inflame","floor":1.0},{"not_picked":["Bloodletting","Havoc"],"picked":"Shrug It Off","floor":3.0},{"not_picked":["Reckless Charge","Infernal Blade"],"picked":"Sword Boomerang","floor":6.0},{"not_picked":["Anger","Fire Breathing","Thunderclap"],"picked":"SKIP","floor":7.0},{"not_picked":["Carnage","Pummel"],"picked":"Shrug It Off","floor":11.0},{"not_picked":["Fire Breathing","Twin Strike","Entrench"],"picked":"SKIP","floor":12.0},{"not_picked":["Entrench","Anger"],"picked":"Iron Wave","floor":14.0},{"not_picked":["Double Tap","Barricade"],"picked":"Immolate","floor":16.0},{"not_picked":["Twin Strike","Combust","Sentinel"],"picked":"SKIP","floor":18.0},{"not_picked":["Warcry+1","Wild Strike"],"picked":"Corruption","floor":19.0},{"not_picked":["Flex","Pommel Strike"],"picked":"Wild Strike+1","floor":20.0},{"not_picked":["Pommel Strike","Uppercut"],"picked":"Shrug It Off+1","floor":22.0},{"not_picked":["Bloodletting","Shrug It Off+1"],"picked":"Flex+1","floor":23.0},{"not_picked":["Searing Blow","Rupture"],"picked":"Sever Soul+1","floor":25.0},{"not_picked":["Headbutt","Warcry","Thunderclap"],"picked":"SKIP","floor":25.0},{"not_picked":["Twin Strike+1","Power Through"],"picked":"Cleave+1","floor":27},{"not_picked":["Iron Wave","Sword Boomerang"],"picked":"Evolve","floor":27},{"not_picked":["Anger","Perfected Strike"],"picked":"Warcry+1","floor":28},{"not_picked":["Rupture","Dropkick+1","Body Slam+1"],"picked":"SKIP","floor":28},{"not_picked":["Second Wind","Shrug It Off"],"picked":"Corruption+1","floor":30},{"not_picked":["Twin Strike","True Grit"],"picked":"Intimidate","floor":31},{"not_picked":["Exhume","Barricade"],"picked":"Impervious","floor":33},{"not_picked":["Body Slam"],"picked":"SKIP","floor":35},{"not_picked":["Flex"],"picked":"SKIP","floor":35},{"not_picked":["Body Slam"],"picked":"SKIP","floor":35},{"not_picked":["Flex"],"picked":"SKIP","floor":35},{"not_picked":[],"picked":"Sentinel+1","floor":41},{"not_picked":[],"picked":"Clothesline","floor":41},{"not_picked":[],"picked":"Shrug It Off","floor":45},{"not_picked":["Dropkick+1"],"picked":"SKIP","floor":45},{"not_picked":[],"picked":"Pommel Strike+1","floor":48},{"not_picked":["Searing Blow+1"],"picked":"SKIP","floor":48}],"player_experience":1808751,"relics_obtained":[{"floor":6.0,"key":"Happy Flower"},{"floor":9.0,"key":"Anchor"},{"floor":11.0,"key":"Kunai"},{"floor":23.0,"key":"Prayer Wheel"},{"floor":24.0,"key":"Pocketwatch"},{"floor":26.0,"key":"PreservedInsect"},{"floor":30,"key":"Red Mask"},{"floor":31,"key":"Calipers"},{"floor":37,"key":"Omamori"},{"floor":40,"key":"Bag of Marbles"},{"floor":43,"key":"Shuriken"},{"floor":47,"key":"Centennial Puzzle"},{"floor":49,"key":"Charon\u0027s Ashes"}],"event_choices":[{"damage_healed":0.0,"max_hp_gain":0.0,"max_hp_loss":0.0,"gold_gain":75.0,"event_name":"World of Goop","player_choice":"Gather Gold","floor":2.0,"gold_loss":0.0,"damage_taken":11.0},{"damage_healed":0.0,"max_hp_gain":0.0,"max_hp_loss":0.0,"gold_gain":0.0,"event_name":"Upgrade Shrine","player_choice":"Upgraded","floor":4.0,"gold_loss":0.0,"damage_taken":0.0,"cards_upgraded":["Inflame"]},{"damage_healed":0.0,"max_hp_gain":0.0,"max_hp_loss":0.0,"gold_gain":0.0,"event_name":"Cursed Tome","player_choice":"Ignored","floor":21.0,"gold_loss":0.0,"damage_taken":0.0},{"damage_healed":0,"gold_gain":0,"player_choice":"Fought Bandits","damage_taken":0,"max_hp_gain":0,"max_hp_loss":0,"event_name":"Masked Bandits","floor":30,"gold_loss":0},{"damage_healed":0,"gold_gain":999,"player_choice":"Gold","damage_taken":0,"max_hp_gain":0,"max_hp_loss":0,"event_name":"MindBloom","floor":36,"gold_loss":0,"cards_obtained":["Normality","Normality"]},{"damage_healed":0,"gold_gain":0,"player_choice":"Max HP","damage_taken":0,"max_hp_gain":0,"max_hp_loss":4,"event_name":"Winding Halls","floor":39,"gold_loss":0},{"damage_healed":0,"gold_gain":0,"player_choice":"Copied","damage_taken":0,"max_hp_gain":0,"max_hp_loss":0,"event_name":"Duplicator","floor":42,"gold_loss":0,"cards_obtained":["Panache"]},{"damage_healed":0,"gold_gain":0,"player_choice":"Memory 1","damage_taken":0,"max_hp_gain":0,"max_hp_loss":0,"event_name":"SensoryStone","floor":46,"gold_loss":0}],"is_beta":false,"boss_relics":[{"not_picked":["Philosopher\u0027s Stone","Black Blood"],"picked":"Empty Cage"},{"not_picked":["Eternal Feather","Black Star"],"picked":"Busted Crown"}],"items_purged_floors":[38,44],"is_endless":false,"potions_floor_spawned":[7,16,18,19,22,23,30,41],"ascension_level":0}