{"gold_per_floor":[361,372,372,157,177,203,203,238,238,138,101,101,130,141,141,141],"floor_reached":16,"playtime":1769,"items_purged":["Regret","Strike_G"],"score":236,"play_id":"1afaeebb-a19f-46cc-9de7-7e1973c554af","local_time":"20190626111754","is_ascension_mode":true,"campfire_choices":[{"floor":7,"key":"REST"},{"floor":12,"key":"REST"},{"floor":15,"key":"REST"}],"neow_cost":"TEN_PERCENT_HP_LOSS","seed_source_timestamp":1148533773036582,"circlet_count":0,"master_deck":["AscendersBane","Defend_G","Defend_G","Defend_G","Defend_G","Defend_G","Strike_G","Strike_G","Strike_G","Strike_G","Survivor","Neutralize","Poisoned Stab","PiercingWail","Poisoned Stab","Crippling Poison","Dash","Escape Plan+1","Blade Dance+1","Cloak And Dagger+1"],"relics":["Ring of the Snake","Oddly Smooth Stone","Ornamental Fan","Toxic Egg 2","Blue Candle","Regal Pillow"],"potions_floor_usage":[13,14],"damage_taken":[{"damage":0,"enemies":"2 Louse","floor":1,"turns":5},{"damage":6,"enemies":"Jaw Worm","floor":2,"turns":5},{"damage":1,"enemies":"Small Slimes","floor":5,"turns":4},{"damage":43,"enemies":"Gremlin Nob","floor":6,"turns":5},{"damage":20,"enemies":"3 Sentries","floor":8,"turns":12},{"damage":19,"enemies":"Gremlin Nob","floor":13,"turns":6},{"damage":2,"enemies":"Gremlin Gang","floor":14,"turns":5},{"damage":37,"enemies":"Hexaghost","floor":16,"turns":11}],"seed_played":"7056667789445452116","potions_obtained":[{"floor":1,"key":"SmokeBomb"},{"floor":5,"key":"Dexterity Potion"},{"floor":8,"key":"GhostInAJar"}],"is_trial":false,"path_per_floor":["M","M","?","$","M","E","R","E","T","$","?","R","E","M","R","B"],"character_chosen":"THE_SILENT","items_purchased":["Poisoned Stab","GhostInAJar"],"campfire_rested":3,"item_purchase_floors":[4,4],"current_hp_per_floor":[59,53,53,53,52,9,27,7,7,7,7,25,6,4,37,0],"gold":141,"neow_bonus":"TWO_FIFTY_GOLD","is_prod":false,"is_daily":false,"chose_seed":false,"campfire_upgraded":0,"win_rate":0,"timestamp":1561537074,"path_taken":["M","M","?","$","M","E","R","E","T","$","?","R","E","M","R","BOSS"],"build_version":"2019-01-23","purchased_purges":2,"victory":false,"max_hp_per_floor":[60,60,60,60,60,60,60,60,60,60,60,60,60,60,60,60],"card_choices":[{"not_picked":["Leg Sweep","Cloak And Dagger"],"picked":"Poisoned Stab","floor":1},{"not_picked":["Backflip","Outmaneuver"],"picked":"PiercingWail","floor":2},{"not_picked":["Bane","Prepared"],"picked":"Crippling Poison","floor":5},{"not_picked":["Prepared","Outmaneuver"],"picked":"Dash","floor":6},{"not_picked":["Quick Slash","Calculated Gamble"],"picked":"Escape Plan","floor":8},{"not_picked":["Phantasmal Killer+1","Dagger Throw"],"picked":"Blade Dance+1","floor":13},{"not_picked":["Dagger Throw","Accuracy"],"picked":"Cloak And Dagger+1","floor":14}],"player_experience":561367,"relics_obtained":[{"floor":6,"key":"Ornamental Fan"},{"floor":8,"key":"Toxic Egg 2"},{"floor":9,"key":"Blue Candle"},{"floor":13,"key":"Regal Pillow"}],"event_choices":[{"damage_healed":0,"gold_gain":0,"player_choice":"Box","damage_taken":0,"relics_obtained":["Oddly Smooth Stone"],"max_hp_gain":0,"max_hp_loss":0,"event_name":"Big Fish","floor":3,"gold_loss":0,"cards_obtained":["Regret"]},{"damage_healed":0,"gold_gain":0,"player_choice":"Left Gold","damage_taken":0,"max_hp_gain":0,"max_hp_loss":0,"event_name":"World of Goop","floor":11,"gold_loss":37}],"is_beta":false,"boss_relics":[],"items_purged_floors":[4,10],"is_endless":false,"potions_floor_spawned":[1,5,8],"killed_by":"Hexaghost","ascension_level":20}