{"gold_per_floor":[116,116,27,27,43,73,73,87,87,115,115,134,134,166,166,237,237,249,249,259,275,8,38,38,56,79,134,159,194,194,194,194,269,269,280,280,32,42,57,90,116,116,116,142,98,98,124,144,144,144,144,144,3,38,38],"floor_reached":56,"playtime":4377,"items_purged":["Strike_B+1"],"score":2165,"play_id":"d9ccaf6a-fc37-414c-a3ef-6b1a823c7aa8","local_time":"20190713220413","is_ascension_mode":true,"campfire_choices":[{"data":"Conserve Battery","floor":7,"key":"SMITH"},{"floor":13,"key":"REST"},{"data":"Chill","floor":15,"key":"SMITH"},{"data":"Machine Learning","floor":24,"key":"SMITH"},{"data":"Consume","floor":32,"key":"SMITH"},{"data":"Loop","floor":42,"key":"SMITH"},{"floor":46,"key":"RECALL"},{"data":"Coolheaded","floor":49,"key":"SMITH"},{"data":"Creative AI","floor":52,"key":"SMITH"}],"neow_cost":"NONE","seed_source_timestamp":990063051340414,"circlet_count":0,"master_deck":["AscendersBane","Defend_B+1","Defend_B+1","Defend_B+1","Defend_B+1","Zap","Dualcast","Conserve Battery+1","Defragment+1","Genetic Algorithm","Hologram","Chill+1","Ball Lightning+1","Electrodynamics","Conserve Battery","Machine Learning+1","Ball Lightning","Consume+1","Hologram","Creative AI+1","Ball Lightning+1","Amplify","Consume+1","Loop+1","Consume+1","Cold Snap","Glacier","Coolheaded+1","Coolheaded+1","Defragment","Coolheaded","Reinforced Body+1"],"relics":["Cracked Core","NeowsBlessing","Letter Opener","Dodecahedron","Torii","Meat on the Bone","Potion Belt","Coffee Dripper","Runic Capacitor","Ancient Tea Set","Art of War","Tiny Chest","Centennial Puzzle","WingedGreaves","Inserter","Ornamental Fan","Bag of Preparation","Bag of Marbles","Orichalcum","Whetstone"],"potions_floor_usage":[10,10,14,25,27,33,41,55,55,55,55],"damage_taken":[{"damage":0,"enemies":"Small Slimes","floor":1,"turns":1},{"damage":0,"enemies":"Cultist","floor":5,"turns":1},{"damage":0,"enemies":"Lagavulin","floor":6,"turns":1},{"damage":1,"enemies":"Jaw Worm","floor":8,"turns":4},{"damage":18,"enemies":"Gremlin Nob","floor":10,"turns":5},{"damage":1,"enemies":"2 Fungi Beasts","floor":12,"turns":3},{"damage":7,"enemies":"Lagavulin","floor":14,"turns":5},{"damage":9,"enemies":"The Guardian","floor":16,"turns":12},{"damage":11,"enemies":"3 Byrds","floor":18,"turns":4},{"damage":20,"enemies":"2 Thieves","floor":20,"turns":4},{"damage":1,"enemies":"Shelled Parasite and Fungi","floor":21,"turns":3},{"damage":23,"enemies":"Book of Stabbing","floor":23,"turns":6},{"damage":7,"enemies":"Snake Plant","floor":25,"turns":4},{"damage":6,"enemies":"Slavers","floor":27,"turns":3},{"damage":6,"enemies":"Book of Stabbing","floor":29,"turns":5},{"damage":11,"enemies":"Collector","floor":33,"turns":8},{"damage":8,"enemies":"3 Shapes","floor":35,"turns":3},{"damage":2,"enemies":"Orb Walker","floor":38,"turns":4},{"damage":0,"enemies":"Sphere and 2 Shapes","floor":39,"turns":3},{"damage":27,"enemies":"Giant Head","floor":40,"turns":8},{"damage":20,"enemies":"Reptomancer","floor":41,"turns":5},{"damage":0,"enemies":"Giant Head","floor":44,"turns":9},{"damage":9,"enemies":"Reptomancer","floor":47,"turns":5},{"damage":1,"enemies":"3 Darklings","floor":48,"turns":3},{"damage":1,"enemies":"Donu and Deca","floor":50,"turns":7},{"damage":29,"enemies":"Shield and Spear","floor":54,"turns":6},{"damage":12,"enemies":"The Heart","floor":55,"turns":11}],"seed_played":"1329598224076278318","potions_obtained":[{"floor":1,"key":"Block Potion"},{"floor":5,"key":"GamblersBrew"},{"floor":12,"key":"SkillPotion"},{"floor":21,"key":"SkillPotion"},{"floor":25,"key":"Regen Potion"},{"floor":27,"key":"PowerPotion"},{"floor":35,"key":"Regen Potion"},{"floor":39,"key":"AttackPotion"},{"floor":40,"key":"PowerPotion"},{"floor":44,"key":"PowerPotion"}],"is_trial":false,"path_per_floor":["M","?","$","?","M","E","R","M","T","E","?","M","R","E","R","B",null,"M","?","M","M","$","E","R","M","T","E","T","E","?","?","R","B",null,"M","?","$","M","M","E","E","R","T","E","$","R","E","M","R","B",null,"R","$","E","B",null],"character_chosen":"DEFECT","items_purchased":["Defragment","Runic Capacitor","Block Potion","Loop","FocusPotion","Glacier","Defragment","Coolheaded"],"campfire_rested":1,"item_purchase_floors":[3,22,22,37,37,45,53,53],"current_hp_per_floor":[64,57,57,57,57,57,57,56,56,38,12,23,44,37,37,40,63,52,52,44,43,43,32,32,37,37,43,43,37,37,37,37,38,63,55,55,55,53,53,38,30,30,30,42,42,42,45,44,44,43,64,64,64,47,71],"gold":38,"neow_bonus":"THREE_ENEMY_KILL","is_prod":false,"is_daily":false,"chose_seed":false,"campfire_upgraded":7,"win_rate":0,"timestamp":1563044653,"path_taken":["M","?","$","?","?","E","R","M","T","E","?","M","R","E","R","BOSS","M","?","?","M","$","E","R","M","T","E","?","E","?","?","R","BOSS","M","?","$","M","M","E","E","R","T","E","$","R","E","M","R","BOSS","R","$","E","BOSS"],"build_version":"2019-07-05","purchased_purges":1,"victory":true,"max_hp_per_floor":[71,71,71,71,71,71,71,71,71,71,71,71,71,71,71,71,71,71,71,71,71,71,71,71,71,71,71,71,71,71,71,71,71,71,71,71,71,71,71,71,71,71,71,71,71,71,71,71,71,71,71,71,71,71,71],"card_choices":[{"not_picked":["Tempest","White Noise"],"picked":"Conserve Battery","floor":1},{"not_picked":["Beam Cell","Static Discharge"],"picked":"Genetic Algorithm","floor":5},{"not_picked":["Steam","Heatsinks","Turbo"],"picked":"SKIP","floor":6},{"not_picked":["Sweeping Beam","Steam Power"],"picked":"Hologram","floor":8},{"not_picked":["Multi-Cast","Turbo"],"picked":"Chill","floor":10},{"not_picked":["Steam","Turbo"],"picked":"Ball Lightning","floor":12},{"not_picked":["Leap","Beam Cell","Recycle"],"picked":"SKIP","floor":14},{"not_picked":["Machine Learning","Rainbow"],"picked":"Electrodynamics","floor":16},{"not_picked":["BootSequence","Lockon"],"picked":"Conserve Battery","floor":18},{"not_picked":["Rip and Tear","Recycle","Rebound"],"picked":"SKIP","floor":20},{"not_picked":["Aggregate","Leap","Darkness"],"picked":"SKIP","floor":21},{"not_picked":["Gash","Rebound","Scrape"],"picked":"SKIP","floor":23},{"not_picked":["Beam Cell","Fission"],"picked":"Consume","floor":25},{"not_picked":["Stack","Barrage","Chill"],"picked":"SKIP","floor":27},{"not_picked":["Rebound","Fusion"],"picked":"Hologram","floor":29},{"not_picked":["Reboot","Core Surge"],"picked":"Amplify","floor":33},{"not_picked":["Sweeping Beam","Double Energy","Compile Driver"],"picked":"SKIP","floor":35},{"not_picked":["Streamline","Melter","Turbo+1"],"picked":"SKIP","floor":38},{"not_picked":["Chaos+1","Rebound","Steam"],"picked":"SKIP","floor":39},{"not_picked":["Compile Driver","White Noise+1"],"picked":"Consume+1","floor":40},{"not_picked":["Rebound+1","Fusion","Go for the Eyes"],"picked":"SKIP","floor":41},{"not_picked":["Leap+1","Buffer"],"picked":"Cold Snap","floor":44},{"not_picked":["Beam Cell+1","Barrage"],"picked":"Coolheaded+1","floor":47},{"not_picked":["Fusion","Chaos"],"picked":"Coolheaded","floor":48},{"not_picked":["Genetic Algorithm","Cold Snap"],"picked":"Reinforced Body+1","floor":54}],"player_experience":674315,"relics_obtained":[{"floor":6,"key":"Letter Opener"},{"floor":9,"key":"Dodecahedron"},{"floor":10,"key":"Torii"},{"floor":14,"key":"Potion Belt"},{"floor":23,"key":"Ancient Tea Set"},{"floor":26,"key":"Art of War"},{"floor":27,"key":"Tiny Chest"},{"floor":28,"key":"Centennial Puzzle"},{"floor":29,"key":"WingedGreaves"},{"floor":40,"key":"Ornamental Fan"},{"floor":41,"key":"Bag of Preparation"},{"floor":44,"key":"Bag of Marbles"},{"floor":47,"key":"Orichalcum"},{"floor":54,"key":"Whetstone"}],"event_choices":[{"cards_removed":["Strike_B"],"damage_healed":0,"gold_gain":0,"player_choice":"Card Removal","damage_taken":7,"max_hp_gain":0,"max_hp_loss":0,"event_name":"Golden Wing","floor":2,"gold_loss":0},{"damage_healed":0,"gold_gain":0,"player_choice":"Upgraded","damage_taken":0,"max_hp_gain":0,"max_hp_loss":0,"event_name":"Upgrade Shrine","floor":4,"gold_loss":0,"cards_upgraded":["Defragment"]},{"damage_healed":0,"gold_gain":0,"player_choice":"Success","damage_taken":26,"relics_obtained":["Meat on the Bone"],"max_hp_gain":0,"max_hp_loss":0,"event_name":"Scrap Ooze","floor":11,"gold_loss":0},{"damage_healed":0,"gold_gain":0,"player_choice":"2 cards matched","damage_taken":0,"max_hp_gain":0,"max_hp_loss":0,"event_name":"Match and Keep!","floor":19,"gold_loss":0,"cards_obtained":["Machine Learning","Ball Lightning"]},{"damage_healed":0,"gold_gain":0,"player_choice":"Simplicity","damage_taken":0,"max_hp_gain":0,"max_hp_loss":0,"event_name":"Back to Basics","floor":30,"gold_loss":0,"cards_upgraded":["Strike_B","Strike_B","Strike_B","Defend_B","Defend_B","Defend_B","Defend_B"]},{"damage_healed":0,"gold_gain":0,"cards_transformed":["Strike_B","Strike_B"],"player_choice":"Became Test Subject","damage_taken":0,"max_hp_gain":0,"max_hp_loss":0,"event_name":"Drug Dealer","floor":31,"gold_loss":0,"cards_obtained":["Creative AI","Ball Lightning"]},{"damage_healed":0,"gold_gain":0,"player_choice":"Copied","damage_taken":0,"max_hp_gain":0,"max_hp_loss":0,"event_name":"Duplicator","floor":36,"gold_loss":0,"cards_obtained":["Consume"]}],"is_beta":false,"boss_relics":[{"not_picked":["Nuclear Battery","Empty Cage"],"picked":"Coffee Dripper"},{"not_picked":["Snecko Eye","Eternal Feather"],"picked":"Inserter"}],"items_purged_floors":[37],"is_endless":false,"potions_floor_spawned":[1,5,12,21,25,27,35,39,40,44,54],"ascension_level":16}