{"gold_per_floor":[114,128,147,72,91,91,105,139,139,158,190,170],"floor_reached":12,"playtime":1251,"items_purged":["Strike_G"],"score":184,"play_id":"ccd85df3-f45e-428b-94ea-ddc7448c34a0","local_time":"20190626121926","is_ascension_mode":true,"campfire_choices":[{"data":"Noxious Fumes","floor":6.0,"key":"SMITH"}],"neow_cost":"PERCENT_DAMAGE","seed_source_timestamp":1152627415011783,"circlet_count":0,"master_deck":["AscendersBane","Defend_G","Defend_G","Defend_G","Defend_G","Defend_G","Strike_G","Strike_G","Strike_G","Strike_G","Survivor","Neutralize","Cloak And Dagger","Quick Slash","Noxious Fumes+1","Night Terror","Dagger Throw","Poisoned Stab","Deflect","Catalyst"],"special_seed":0,"relics":["Ring of the Snake","Gambling Chip","Oddly Smooth Stone","StoneCalendar","Darkstone Periapt"],"potions_floor_usage":[11],"damage_taken":[{"damage":8.0,"enemies":"Cultist","floor":1.0,"turns":5.0},{"damage":1.0,"enemies":"Small Slimes","floor":2.0,"turns":4.0},{"damage":0.0,"enemies":"2 Louse","floor":3.0,"turns":3.0},{"damage":7.0,"enemies":"Red Slaver","floor":5.0,"turns":5.0},{"damage":0.0,"enemies":"Blue Slaver","floor":7.0,"turns":4.0},{"damage":11.0,"enemies":"Gremlin Nob","floor":8.0,"turns":4.0},{"damage":7.0,"enemies":"Large Slime","floor":10.0,"turns":7.0},{"damage":4,"enemies":"3 Sentries","floor":11,"turns":7},{"damage":8,"enemies":"Exordium Thugs","floor":12,"turns":2}],"seed_played":"-7036163452435720102","potions_obtained":[{"floor":2.0,"key":"EssenceOfSteel"},{"floor":3.0,"key":"Ancient Potion"},{"floor":7.0,"key":"Fire Potion"},{"floor":10.0,"key":"Poison Potion"}],"is_trial":false,"path_per_floor":["M","M","M","$","M","R","M","E","T","M","E","M"],"character_chosen":"THE_SILENT","items_purchased":[],"campfire_rested":0,"item_purchase_floors":[],"current_hp_per_floor":[36,35,35,35,28,28,28,17,17,10,6,0],"gold":170,"neow_bonus":"ONE_RARE_RELIC","is_prod":false,"is_daily":false,"chose_seed":false,"campfire_upgraded":1,"win_rate":0,"timestamp":1561540766,"path_taken":["M","M","?","$","M","R","M","E","T","M","E","M"],"build_version":"2019-01-23","purchased_purges":1,"victory":false,"max_hp_per_floor":[66,66,66,66,66,66,66,66,66,66,66,66],"card_choices":[{"not_picked":["Blade Dance","Dagger Throw"],"picked":"Cloak And Dagger","floor":1.0},{"not_picked":["Expertise","Setup"],"picked":"Quick Slash","floor":2.0},{"not_picked":["Blade Dance","Cloak And Dagger"],"picked":"Noxious Fumes","floor":3.0},{"not_picked":["Expertise","Blade Dance"],"picked":"Night Terror","floor":5.0},{"not_picked":["Dodge and Roll","Concentrate"],"picked":"Dagger Throw","floor":7.0},{"not_picked":["Slice","Dagger Throw"],"picked":"Poisoned Stab","floor":8.0},{"not_picked":["Underhanded Strike","Flying Knee"],"picked":"Deflect","floor":10.0},{"not_picked":["Concentrate","Dodge and Roll"],"picked":"Catalyst","floor":11}],"player_experience":565126,"relics_obtained":[{"floor":8.0,"key":"Oddly Smooth Stone"},{"floor":9.0,"key":"StoneCalendar"},{"floor":11,"key":"Darkstone Periapt"}],"event_choices":[],"is_beta":false,"boss_relics":[],"items_purged_floors":[4],"is_endless":false,"potions_floor_spawned":[2,3,7,10],"killed_by":"Exordium Thugs","ascension_level":20}