{"gold_per_floor":[213,213,1,19,35,35,66,78,101,115,115,147,169,191,203,215],"floor_reached":16,"playtime":467,"items_purged":[],"score":228,"play_id":"bd3be80a-065f-43ba-84fb-c0162383cbd6","local_time":"20190702071108","is_ascension_mode":true,"campfire_choices":[{"data":"Defend_R","floor":6,"key":"SMITH"},{"data":"Whirlwind","floor":11,"key":"SMITH"},{"data":"Anger","floor":15,"key":"SMITH"}],"neow_cost":"NONE","seed_source_timestamp":330490940755800,"circlet_count":0,"master_deck":["AscendersBane","Strike_R","Strike_R","Strike_R","Strike_R","Strike_R","Defend_R+1","Defend_R","Defend_R","Defend_R","Bash","Sword Boomerang","Headbutt","Sword Boomerang","Battle Trance","Whirlwind+1","Anger+1","Armaments","Dark Embrace","Cleave","Intimidate"],"relics":["Burning Blood","CultistMask","Blood Vial","Orichalcum","Dream Catcher","MawBank"],"potions_floor_usage":[7,7,12,14,16],"damage_taken":[{"damage":1,"enemies":"Cultist","floor":1,"turns":3},{"damage":9,"enemies":"Jaw Worm","floor":4,"turns":3},{"damage":15,"enemies":"Small Slimes","floor":5,"turns":3},{"damage":32,"enemies":"Lagavulin","floor":7,"turns":5},{"damage":22,"enemies":"Exordium Thugs","floor":8,"turns":5},{"damage":8,"enemies":"Blue Slaver","floor":10,"turns":3},{"damage":2,"enemies":"Gremlin Nob","floor":12,"turns":3},{"damage":12,"enemies":"Red Slaver","floor":13,"turns":3},{"damage":8,"enemies":"Exordium Thugs","floor":14,"turns":2},{"damage":33,"enemies":"Slime Boss","floor":16,"turns":6}],"seed_played":"-6537512114426840953","potions_obtained":[{"floor":4,"key":"Explosive Potion"},{"floor":5,"key":"SkillPotion"},{"floor":7,"key":"Energy Potion"},{"floor":10,"key":"Fire Potion"},{"floor":14,"key":"Energy Potion"}],"is_trial":false,"path_per_floor":["M","?","$","M","M","R","E","M","T","M","R","E","M","M","R","B"],"character_chosen":"IRONCLAD","items_purchased":["Blood Vial","Headbutt"],"campfire_rested":0,"item_purchase_floors":[3,3],"current_hp_per_floor":[73,73,73,72,65,65,41,27,27,27,27,33,29,29,29,0],"gold":215,"neow_bonus":"HUNDRED_GOLD","is_prod":false,"is_daily":false,"chose_seed":false,"campfire_upgraded":3,"win_rate":0,"timestamp":1562065868,"path_taken":["M","?","$","M","M","R","E","M","T","M","R","E","?","M","R","BOSS"],"build_version":"2019-07-01","purchased_purges":0,"victory":false,"max_hp_per_floor":[75,75,75,75,75,75,75,75,75,75,75,75,75,75,75,75],"card_choices":[{"not_picked":["Dual Wield","Heavy Blade"],"picked":"Sword Boomerang","floor":1},{"not_picked":["Carnage","Dual Wield"],"picked":"Sword Boomerang","floor":4},{"not_picked":["Rampage","Armaments"],"picked":"Battle Trance","floor":5},{"not_picked":["Clash","Rage"],"picked":"Whirlwind","floor":7},{"not_picked":["Havoc","Thunderclap"],"picked":"Anger","floor":8},{"not_picked":["Body Slam","Pommel Strike"],"picked":"Armaments","floor":10},{"not_picked":["Perfected Strike","Body Slam"],"picked":"Dark Embrace","floor":12},{"not_picked":["Anger","Wild Strike"],"picked":"Cleave","floor":13},{"not_picked":["Fire Breathing","Perfected Strike"],"picked":"Intimidate","floor":14}],"player_experience":1636857,"relics_obtained":[{"floor":7,"key":"Orichalcum"},{"floor":9,"key":"Dream Catcher"},{"floor":12,"key":"MawBank"}],"event_choices":[{"damage_healed":0,"gold_gain":0,"player_choice":"Trade","damage_taken":0,"relics_obtained":["CultistMask"],"max_hp_gain":0,"max_hp_loss":0,"event_name":"FaceTrader","floor":2,"gold_loss":0}],"is_beta":false,"boss_relics":[],"items_purged_floors":[],"is_endless":false,"potions_floor_spawned":[4,5,7,10,14],"killed_by":"Slime Boss","ascension_level":20}