{"gold_per_floor":[119,130,10,24,40,40,70,70,70,89,264,22,38,55,55,151,151,170,183,195,212,66,66,86,119,169,184,184,184,219,238,238,238],"floor_reached":33,"playtime":859,"items_purged":["Defend_R","Defend_R"],"score":293,"play_id":"66fb1fdd-25d4-4f0b-8dc2-0d691c905e77","local_time":"20190711170905","is_ascension_mode":false,"campfire_choices":[{"data":"Perfected Strike","floor":6,"key":"SMITH"},{"data":"Wild Strike","floor":8,"key":"SMITH"},{"data":"Twin Strike","floor":15,"key":"SMITH"},{"floor":23,"key":"REST"},{"data":"Perfected Strike","floor":32,"key":"SMITH"}],"neow_cost":"NONE","seed_source_timestamp":1143575694482500,"circlet_count":0,"master_deck":["Strike_R+1","Strike_R+1","Strike_R+1","Strike_R+1","Strike_R+1","Defend_R+1","Defend_R+1","Bash","Perfected Strike+1","Body Slam","Twin Strike+1","Wild Strike+1","Flex+1","Havoc+1","Clash+1","Shrug It Off+1","Iron Wave","Iron Wave+1","Flex+1","Perfected Strike+1","Warcry+1","True Grit+1","Perfected Strike+1"],"relics":["Burning Blood","NeowsBlessing","Matryoshka","Omamori","Blue Candle","Toxic Egg 2","Mark of Pain","Kunai","Strawberry","Bag of Preparation","Bag of Marbles","Art of War"],"potions_floor_usage":[7,7,10,25,25,25],"damage_taken":[{"damage":0,"enemies":"Cultist","floor":1,"turns":1},{"damage":0,"enemies":"Jaw Worm","floor":2,"turns":1},{"damage":0,"enemies":"2 Louse","floor":4,"turns":1},{"damage":10,"enemies":"Looter","floor":5,"turns":3},{"damage":18,"enemies":"Lagavulin","floor":7,"turns":4},{"damage":2,"enemies":"Blue Slaver","floor":10,"turns":2},{"damage":7,"enemies":"2 Fungi Beasts","floor":13,"turns":2},{"damage":0,"enemies":"Exordium Thugs","floor":14,"turns":3},{"damage":72,"enemies":"The Guardian","floor":16,"turns":10},{"damage":15,"enemies":"3 Byrds","floor":18,"turns":5},{"damage":10,"enemies":"Spheric Guardian","floor":19,"turns":3},{"damage":36,"enemies":"Snake Plant","floor":20,"turns":4},{"damage":7,"enemies":"Centurion and Healer","floor":21,"turns":5},{"damage":21,"enemies":"3 Cultists","floor":24,"turns":6},{"damage":20,"enemies":"Gremlin Leader","floor":25,"turns":6},{"damage":0,"enemies":"Shelled Parasite and Fungi","floor":27,"turns":2},{"damage":5,"enemies":"Book of Stabbing","floor":30,"turns":3},{"damage":0,"enemies":"Snake Plant","floor":31,"turns":2},{"damage":88,"enemies":"Champ","floor":33,"turns":8}],"seed_played":"-3896859249980249305","potions_obtained":[{"floor":1,"key":"AttackPotion"},{"floor":4,"key":"Swift Potion"},{"floor":5,"key":"AttackPotion"},{"floor":7,"key":"Swift Potion"},{"floor":19,"key":"Dexterity Potion"},{"floor":20,"key":"BloodPotion"},{"floor":24,"key":"Weak Potion"}],"is_trial":false,"path_per_floor":["M","M","$","M","M","R","E","R","T","M","?","$","M","M","R","B",null,"M","M","M","M","$","R","M","E","T","M","?","?","E","M","R","B"],"character_chosen":"IRONCLAD","items_purchased":["Body Slam","Toxic Egg 2","Flex+1"],"campfire_rested":1,"item_purchase_floors":[3,12,22],"current_hp_per_floor":[80,80,80,80,76,76,64,64,64,68,68,68,67,73,73,7,80,71,67,37,36,36,60,45,51,58,64,64,64,65,71,71,0],"gold":238,"neow_bonus":"THREE_ENEMY_KILL","is_prod":false,"is_daily":false,"chose_seed":false,"campfire_upgraded":4,"win_rate":0,"timestamp":1562879345,"path_taken":["M","M","$","M","?","R","E","R","T","M","?","?","?","M","R","BOSS","M","?","M","?","$","R","M","E","T","M","?","?","E","M","R","BOSS"],"build_version":"2019-07-05","purchased_purges":2,"victory":false,"max_hp_per_floor":[80,80,80,80,80,80,80,80,80,80,80,80,80,80,80,80,80,80,80,80,80,80,80,80,80,87,87,87,87,87,87,87,87],"card_choices":[{"not_picked":["Inflame","Fire Breathing"],"picked":"Perfected Strike","floor":1},{"not_picked":["Ghostly Armor","Shockwave","Carnage"],"picked":"SKIP","floor":2},{"not_picked":["Body Slam","Second Wind","Heavy Blade"],"picked":"SKIP","floor":4},{"not_picked":["Seeing Red","Body Slam"],"picked":"Twin Strike","floor":5},{"not_picked":["Flame Barrier","Clash"],"picked":"Wild Strike","floor":7},{"not_picked":["Combust","Warcry","Body Slam"],"picked":"SKIP","floor":10},{"not_picked":["Heavy Blade","Fiend Fire"],"picked":"Flex+1","floor":13},{"not_picked":["Heavy Blade","Cleave"],"picked":"Havoc+1","floor":14},{"not_picked":["Corruption","Seeing Red+1"],"picked":"Clash+1","floor":18},{"not_picked":["Shockwave+1","Cleave"],"picked":"Shrug It Off+1","floor":19},{"not_picked":["Body Slam","Thunderclap"],"picked":"Iron Wave","floor":20},{"not_picked":["Wild Strike","Armaments+1"],"picked":"Iron Wave+1","floor":21},{"not_picked":["Pommel Strike","Burning Pact+1"],"picked":"Perfected Strike","floor":24},{"not_picked":["Metallicize+1","Intimidate+1","Heavy Blade"],"picked":"SKIP","floor":25},{"not_picked":["Clash","Combust"],"picked":"Warcry+1","floor":27},{"not_picked":["Intimidate+1","Exhume+1"],"picked":"True Grit+1","floor":30},{"not_picked":["Armaments+1","Entrench+1"],"picked":"Perfected Strike+1","floor":31}],"player_experience":1834552,"relics_obtained":[{"floor":7,"key":"Matryoshka"},{"floor":9,"key":"Omamori"},{"floor":9,"key":"Blue Candle"},{"floor":25,"key":"Kunai"},{"floor":26,"key":"Strawberry"},{"floor":26,"key":"Bag of Preparation"},{"floor":30,"key":"Art of War"}],"event_choices":[{"damage_healed":0,"gold_gain":175,"player_choice":"AGREE","damage_taken":0,"max_hp_gain":0,"max_hp_loss":0,"event_name":"Liars Game","floor":11,"gold_loss":0,"cards_obtained":["Doubt"]},{"damage_healed":0,"gold_gain":0,"player_choice":"Simplicity","damage_taken":0,"max_hp_gain":0,"max_hp_loss":0,"event_name":"Back to Basics","floor":28,"gold_loss":0,"cards_upgraded":["Strike_R","Strike_R","Strike_R","Strike_R","Strike_R","Defend_R","Defend_R"]},{"damage_healed":0,"gold_gain":0,"player_choice":"Opened","damage_taken":0,"relics_obtained":["Bag of Marbles"],"max_hp_gain":0,"max_hp_loss":0,"event_name":"The Mausoleum","floor":29,"gold_loss":0,"cards_obtained":["Writhe"]}],"is_beta":false,"boss_relics":[{"not_picked":["Runic Pyramid","Ectoplasm"],"picked":"Mark of Pain"}],"items_purged_floors":[3,22],"is_endless":false,"potions_floor_spawned":[1,4,5,7,19,20,24],"killed_by":"Champ","ascension_level":0}