{"gold_per_floor":[368,56,56,70,85,85,112,142,213,242,242,153,153,173,173,273,273,289,308,408,121,152,178,189,215,242,259,273,303,319,349,349,446,446,462,14,14,33,33,66,66,80,107,138,148,175,175,200,200,200,200,200,30,61,61],"floor_reached":56,"playtime":8766,"items_purged":["Strike_R","Strike_R","Strike_R","Strike_R"],"score":2117,"play_id":"2742a832-1127-434b-ac88-48c8def6d73d","local_time":"20190622143703","is_ascension_mode":true,"campfire_choices":[{"floor":6.0,"key":"DIG"},{"floor":11.0,"key":"REST"},{"floor":13.0,"key":"DIG"},{"floor":15.0,"key":"DIG"},{"floor":29.0,"key":"DIG"},{"floor":32.0,"key":"REST"},{"floor":41,"key":"DIG"},{"floor":47,"key":"DIG"},{"floor":49,"key":"RECALL"},{"floor":52,"key":"DIG"}],"neow_cost":"TEN_PERCENT_HP_LOSS","seed_source_timestamp":0,"circlet_count":0,"master_deck":["AscendersBane","Strike_R","Defend_R","Defend_R","Defend_R","Defend_R+1","Bash","Iron Wave","Shrug It Off","Combust","Bludgeon+1","Headbutt","Clothesline","Metallicize","Shrug It Off","Barricade","Flame Barrier","Power Through","Corruption","Battle Trance+1","Battle Trance","Havoc","Shockwave","Armaments","Corruption","Uppercut+1","Whirlwind+1","Demon Form+1","Intimidate+1","Shrug It Off","True Grit","Finesse","Thinking Ahead","Enlightenment","True Grit+1","Inflame+1","Heavy Blade+1"],"special_seed":0,"relics":["Burning Blood","Shovel","Anchor","Smiling Mask","Dream Catcher","Omamori","Mercury Hourglass","Nunchaku","PreservedInsect","Fusion Hammer","Champion Belt","Happy Flower","Red Mask","Du-Vu Doll","Unceasing Top","Tiny Chest","War Paint","Philosopher\u0027s Stone","Oddly Smooth Stone","Singing Bowl","Molten Egg 2","Whetstone","Question Card","Potion Belt","Turnip","Bronze Scales","Pear","Sundial"],"potions_floor_usage":[42,46,55,55,55],"damage_taken":[{"damage":6.0,"enemies":"Jaw Worm","floor":1.0,"turns":6.0},{"damage":0.0,"enemies":"Small Slimes","floor":4.0,"turns":3.0},{"damage":0.0,"enemies":"2 Louse","floor":5.0,"turns":2.0},{"damage":50.0,"enemies":"Lagavulin","floor":7.0,"turns":10.0},{"damage":16.0,"enemies":"3 Sentries","floor":10.0,"turns":6.0},{"damage":4.0,"enemies":"Exordium Thugs","floor":14.0,"turns":5.0},{"damage":4.0,"enemies":"Slime Boss","floor":16.0,"turns":7.0},{"damage":5.0,"enemies":"2 Thieves","floor":18.0,"turns":4.0},{"damage":11.0,"enemies":"Shell Parasite","floor":19.0,"turns":7.0},{"damage":16.0,"enemies":"Colosseum Slavers","floor":20.0,"turns":5.0},{"damage":9.0,"enemies":"Colosseum Nobs","floor":20.0,"turns":5.0},{"damage":27.0,"enemies":"Masked Bandits","floor":22.0,"turns":5.0},{"damage":3.0,"enemies":"Gremlin Leader","floor":23.0,"turns":6.0},{"damage":8.0,"enemies":"Centurion and Healer","floor":24.0,"turns":6.0},{"damage":0.0,"enemies":"Book of Stabbing","floor":25.0,"turns":5.0},{"damage":6.0,"enemies":"Snake Plant","floor":27.0,"turns":5.0},{"damage":0.0,"enemies":"Shelled Parasite and Fungi","floor":28.0,"turns":4.0},{"damage":15.0,"enemies":"Snecko","floor":30.0,"turns":5.0},{"damage":22.0,"enemies":"Slavers","floor":31.0,"turns":5.0},{"damage":15.0,"enemies":"Champ","floor":33.0,"turns":16.0},{"damage":0,"enemies":"Orb Walker","floor":35,"turns":3},{"damage":2,"enemies":"3 Darklings","floor":38,"turns":4},{"damage":8,"enemies":"Giant Head","floor":40,"turns":8},{"damage":21,"enemies":"Writhing Mass","floor":42,"turns":6},{"damage":33,"enemies":"Reptomancer","floor":44,"turns":5},{"damage":0,"enemies":"4 Shapes","floor":45,"turns":1},{"damage":0,"enemies":"Nemesis","floor":46,"turns":3},{"damage":20,"enemies":"Donu and Deca","floor":50,"turns":6},{"damage":7,"enemies":"Shield and Spear","floor":54,"turns":5},{"damage":79,"enemies":"The Heart","floor":55,"turns":8}],"seed_played":"1335865394207256500","potions_obtained":[{"floor":7.0,"key":"SteroidPotion"},{"floor":10.0,"key":"Fire Potion"},{"floor":14.0,"key":"SkillPotion"},{"floor":18.0,"key":"FairyPotion"},{"floor":19.0,"key":"BloodPotion"},{"floor":23.0,"key":"SkillPotion"},{"floor":27.0,"key":"SkillPotion"},{"floor":30.0,"key":"FearPotion"},{"floor":46,"key":"FearPotion"}],"is_trial":false,"path_per_floor":["M","$","?","M","M","R","E","?","T","E","R","$","R","M","R","B",null,"M","M","?","$","?","E","M","E","T","M","M","R","M","E","R","B",null,"M","$","?","M","?","E","R","M","T","E","M","E","R","T","R","B",null,"R","$","E","B",null],"character_chosen":"IRONCLAD","items_purchased":["Shovel","Metallicize","Corruption","Happy Flower","FearPotion","Oddly Smooth Stone","Shrug It Off","True Grit","Finesse","PowerPotion","LiquidBronze","SkillPotion"],"campfire_rested":2,"item_purchase_floors":[2,12,21,21,21,36,36,36,36,36,53,53],"current_hp_per_floor":[72,72,65,71,72,72,28,28,28,18,39,39,39,41,41,43,65,66,61,48,48,34,37,35,41,41,41,47,47,38,22,43,34,63,69,69,59,63,63,61,61,48,48,21,27,35,35,35,35,21,62,72,72,73,9],"gold":61,"neow_bonus":"TWO_FIFTY_GOLD","is_prod":false,"is_daily":false,"chose_seed":false,"campfire_upgraded":0,"win_rate":0,"timestamp":1561203423,"path_taken":["M","$","?","M","M","R","E","?","T","E","R","?","R","?","R","BOSS","M","M","?","$","?","E","?","E","T","M","M","R","M","E","R","BOSS","M","$","?","M","?","E","R","M","T","E","?","E","R","?","R","BOSS","R","$","E","BOSS"],"build_version":"2019-01-23","purchased_purges":4,"victory":true,"max_hp_per_floor":[72,72,72,72,72,72,72,72,72,72,72,72,72,72,72,72,72,72,72,72,72,72,72,72,72,72,72,72,72,72,72,72,72,72,72,72,72,72,72,72,72,74,74,74,74,76,76,76,76,76,76,86,86,88,88],"card_choices":[{"not_picked":["Rage","Clash"],"picked":"Iron Wave","floor":1.0},{"not_picked":["Evolve","Searing Blow"],"picked":"Shrug It Off","floor":4.0},{"not_picked":["Corruption","Pommel Strike"],"picked":"Combust","floor":5.0},{"not_picked":["True Grit","Second Wind"],"picked":"Bludgeon","floor":7.0},{"not_picked":["Iron Wave","Infernal Blade"],"picked":"Headbutt","floor":10.0},{"not_picked":["Wild Strike","Inflame"],"picked":"Clothesline","floor":11.0},{"not_picked":["Perfected Strike","Heavy Blade"],"picked":"Shrug It Off","floor":14.0},{"not_picked":["Immolate","Fiend Fire"],"picked":"Barricade","floor":16.0},{"not_picked":["Pommel Strike","Wild Strike","Rage+1"],"picked":"SKIP","floor":18.0},{"not_picked":["Wild Strike","Whirlwind+1"],"picked":"Flame Barrier","floor":19.0},{"not_picked":["Disarm","Heavy Blade"],"picked":"Power Through","floor":20.0},{"not_picked":["Sword Boomerang","Double Tap"],"picked":"Battle Trance","floor":22.0},{"not_picked":["Power Through","Second Wind"],"picked":"Battle Trance","floor":23.0},{"not_picked":["Sword Boomerang","Cleave+1","Perfected Strike"],"picked":"SKIP","floor":24.0},{"not_picked":["Rampage","Heavy Blade"],"picked":"Havoc","floor":25.0},{"not_picked":["Wild Strike","Evolve"],"picked":"Shockwave","floor":27.0},{"not_picked":["Thunderclap","Clothesline"],"picked":"Armaments","floor":28.0},{"not_picked":["Twin Strike","Brutality"],"picked":"Corruption","floor":30.0},{"not_picked":["Limit Break","Heavy Blade"],"picked":"Uppercut","floor":31.0},{"not_picked":["Clash","Warcry+1"],"picked":"Whirlwind+1","floor":32.0},{"not_picked":["Impervious","Barricade"],"picked":"Demon Form","floor":33.0},{"not_picked":["Clothesline","Thunderclap"],"picked":"Intimidate+1","floor":35},{"not_picked":["HandOfGreed","Sadistic Nature"],"picked":"Thinking Ahead","floor":37},{"not_picked":["Trip","Metamorphosis"],"picked":"Enlightenment","floor":37},{"not_picked":["Power Through+1","Flex","Whirlwind"],"picked":"SKIP","floor":38},{"not_picked":["Flex","Bloodletting"],"picked":"True Grit+1","floor":40},{"not_picked":["Cleave+1","Havoc","Offering"],"picked":"Singing Bowl","floor":42},{"not_picked":["Second Wind+1","Dropkick+1"],"picked":"Inflame+1","floor":44},{"not_picked":["Flame Barrier+1","Perfected Strike+1","True Grit"],"picked":"Heavy Blade+1","floor":45},{"not_picked":["Dropkick+1","Dual Wield","Barricade","Cleave+1"],"picked":"Singing Bowl","floor":46},{"not_picked":["Fire Breathing+1","Anger+1","Blood for Blood+1","Reckless Charge+1"],"picked":"Singing Bowl","floor":54}],"player_experience":400263,"relics_obtained":[{"floor":6.0,"key":"Smiling Mask"},{"floor":7.0,"key":"Dream Catcher"},{"floor":9.0,"key":"Mercury Hourglass"},{"floor":10.0,"key":"Nunchaku"},{"floor":13.0,"key":"PreservedInsect"},{"floor":20.0,"key":"Champion Belt"},{"floor":22.0,"key":"Red Mask"},{"floor":23.0,"key":"Du-Vu Doll"},{"floor":25.0,"key":"Unceasing Top"},{"floor":29.0,"key":"Tiny Chest"},{"floor":31.0,"key":"War Paint"},{"floor":40,"key":"Singing Bowl"},{"floor":41,"key":"Molten Egg 2"},{"floor":43,"key":"Whetstone"},{"floor":44,"key":"Question Card"},{"floor":46,"key":"Potion Belt"},{"floor":47,"key":"Turnip"},{"floor":48,"key":"Bronze Scales"},{"floor":52,"key":"Pear"},{"floor":54,"key":"Sundial"}],"event_choices":[{"damage_healed":0.0,"max_hp_gain":0.0,"max_hp_loss":0.0,"gold_gain":0.0,"event_name":"Scrap Ooze","player_choice":"Success","floor":3.0,"gold_loss":0.0,"damage_taken":7.0,"relics_obtained":["Anchor"]},{"damage_healed":0.0,"max_hp_gain":0.0,"max_hp_loss":0.0,"gold_gain":30.0,"event_name":"Dead Adventurer","player_choice":"Searched \u00272\u0027 times","floor":8.0,"gold_loss":0.0,"damage_taken":0.0,"relics_obtained":["Omamori"]},{"damage_healed":0.0,"max_hp_gain":0.0,"max_hp_loss":0.0,"gold_gain":0.0,"event_name":"Colosseum","player_choice":"Fight","floor":20.0,"gold_loss":0.0,"damage_taken":0.0},{"damage_healed":0.0,"max_hp_gain":0.0,"max_hp_loss":0.0,"gold_gain":0.0,"event_name":"Colosseum","player_choice":"Fought Nobs","floor":20.0,"gold_loss":0.0,"damage_taken":0.0},{"damage_healed":0.0,"max_hp_gain":0.0,"max_hp_loss":0.0,"gold_gain":0.0,"event_name":"Masked Bandits","player_choice":"Fought Bandits","floor":22.0,"gold_loss":0.0,"damage_taken":0.0},{"damage_healed":0,"gold_gain":0,"player_choice":"Memory 3","damage_taken":10,"max_hp_gain":0,"max_hp_loss":0,"event_name":"SensoryStone","floor":37,"gold_loss":0},{"damage_healed":0,"gold_gain":0,"player_choice":"Upgraded","damage_taken":0,"max_hp_gain":0,"max_hp_loss":0,"event_name":"Upgrade Shrine","floor":39,"gold_loss":0,"cards_upgraded":["Demon Form"]}],"is_beta":false,"boss_relics":[{"not_picked":["Runic Pyramid","Ectoplasm"],"picked":"Fusion Hammer"},{"not_picked":["Velvet Choker","Black Blood"],"picked":"Philosopher\u0027s Stone"}],"items_purged_floors":[12,21,36,53],"is_endless":false,"potions_floor_spawned":[7,10,14,18,19,23,27,30,38,46],"ascension_level":10}