{"gold_per_floor":[116,136,151,162,182,210,239,270,282,294,321,333,372,459,471,586,598,623,651,90,90,109,138,138,164,164,164,197,197,217,54,54,157,157,170,190,206,222,236,262,262,291,317,317,352,105,0,30,30,30,30,30,30,61,61],"floor_reached":56,"playtime":13989,"items_purged":["Strike_G","Writhe"],"score":1973,"play_id":"ee72c9b3-7412-4459-96ed-2f40a7edef1e","local_time":"20190617194428","is_ascension_mode":true,"campfire_choices":[{"floor":10,"key":"REST"},{"floor":12,"key":"REST"},{"data":"Catalyst","floor":15,"key":"SMITH"},{"data":"After Image","floor":24,"key":"SMITH"},{"data":"Noxious Fumes","floor":29,"key":"SMITH"},{"data":"After Image","floor":32,"key":"SMITH"},{"data":"Well Laid Plans","floor":41,"key":"SMITH"},{"floor":49,"key":"RECALL"},{"data":"Catalyst","floor":52,"key":"SMITH"}],"neow_cost":"PERCENT_DAMAGE","seed_source_timestamp":389079975089708,"circlet_count":0,"master_deck":["Defend_G+1","Defend_G+1","Defend_G+1","Defend_G+1","Defend_G+1","Survivor","Neutralize","Bouncing Flask","After Image+1","Blade Dance","Cloak And Dagger","Backflip","Deadly Poison","Bouncing Flask","Dagger Spray","Blur","Noxious Fumes+1","Catalyst+1","After Image+1","Deflect","Prepared+1","Infinite Blades","Doppelganger","Quick Slash","Caltrops+1","Footwork+1","Deflect+1","Well Laid Plans+1","Master of Strategy","Wraith Form v2","Noxious Fumes","Prepared+1","Catalyst+1","PiercingWail+1","Backflip+1","Noxious Fumes","After Image","Dark Shackles","Secret Technique","Crippling Poison","Malaise","Backflip"],"relics":["Ring of the Snake","MawBank","Pocketwatch","Lantern","Sozu","Bird Faced Urn","Bag of Preparation","Darkstone Periapt","Question Card","Thread and Needle","Ginger","Cursed Key","Bottled Tornado","Oddly Smooth Stone","PreservedInsect","Red Mask","Art of War","Bronze Scales"],"potions_floor_usage":[5,6,18,23],"damage_taken":[{"damage":0,"enemies":"Cultist","floor":1,"turns":3},{"damage":0,"enemies":"Jaw Worm","floor":2,"turns":5},{"damage":4,"enemies":"2 Louse","floor":3,"turns":3},{"damage":0,"enemies":"2 Fungi Beasts","floor":4,"turns":5},{"damage":1,"enemies":"Exordium Thugs","floor":5,"turns":6},{"damage":12,"enemies":"3 Sentries","floor":6,"turns":9},{"damage":6,"enemies":"Looter","floor":7,"turns":3},{"damage":13,"enemies":"Large Slime","floor":8,"turns":7},{"damage":5,"enemies":"Lots of Slimes","floor":11,"turns":3},{"damage":3,"enemies":"Lagavulin","floor":13,"turns":8},{"damage":19,"enemies":"Hexaghost","floor":16,"turns":6},{"damage":5,"enemies":"Spheric Guardian","floor":18,"turns":4},{"damage":3,"enemies":"Chosen","floor":19,"turns":3},{"damage":17,"enemies":"Shelled Parasite and Fungi","floor":22,"turns":8},{"damage":1,"enemies":"Slavers","floor":23,"turns":6},{"damage":29,"enemies":"Gremlin Leader","floor":25,"turns":7},{"damage":4,"enemies":"Slavers","floor":28,"turns":6},{"damage":10,"enemies":"3 Cultists","floor":30,"turns":5},{"damage":0,"enemies":"Champ","floor":33,"turns":8},{"damage":0,"enemies":"Orb Walker","floor":35,"turns":4},{"damage":0,"enemies":"3 Shapes","floor":36,"turns":5},{"damage":0,"enemies":"Sphere and 2 Shapes","floor":37,"turns":5},{"damage":0,"enemies":"Jaw Worm Horde","floor":38,"turns":6},{"damage":6,"enemies":"Spire Growth","floor":39,"turns":5},{"damage":0,"enemies":"Giant Head","floor":40,"turns":8},{"damage":16,"enemies":"Reptomancer","floor":42,"turns":6},{"damage":0,"enemies":"Giant Head","floor":45,"turns":6},{"damage":0,"enemies":"Reptomancer","floor":48,"turns":4},{"damage":0,"enemies":"Time Eater","floor":50,"turns":8},{"damage":0,"enemies":"Shield and Spear","floor":54,"turns":6},{"damage":17,"enemies":"The Heart","floor":55,"turns":7}],"seed_played":"-5569859766810282006","potions_obtained":[{"floor":2,"key":"Fire Potion"},{"floor":3,"key":"SteroidPotion"},{"floor":5,"key":"Strength Potion"},{"floor":6,"key":"FearPotion"},{"floor":16,"key":"SpeedPotion"}],"is_trial":false,"path_per_floor":["M","M","M","M","M","E","M","M","T","R","M","R","E","?","R","B",null,"M","M","$","?","M","E","R","E","T","?","E","R","M","$","R","B",null,"M","M","M","M","M","E","R","E","T","?","E","$","?","E","R","B",null,"R","$","E","B",null],"character_chosen":"THE_SILENT","items_purchased":["Bird Faced Urn","Infinite Blades","Bag of Preparation","Master of Strategy","Malaise"],"campfire_rested":2,"item_purchase_floors":[20,20,20,31,46],"current_hp_per_floor":[45,45,41,41,40,28,22,9,9,30,25,46,43,32,32,13,56,51,48,48,48,39,48,48,29,29,29,37,37,39,39,39,53,66,70,70,70,70,64,70,70,56,62,52,74,74,74,76,76,76,76,76,76,76,67],"gold":61,"neow_bonus":"TRANSFORM_TWO_CARDS","is_prod":false,"is_daily":false,"chose_seed":false,"campfire_upgraded":6,"win_rate":0,"timestamp":1560789868,"path_taken":["M","M","M","M","M","E","M","M","T","R","M","R","E","?","R","BOSS","M","M","$","?","M","E","R","E","T","?","E","R","M","?","R","BOSS","M","M","M","?","M","E","R","E","T","?","E","$","?","E","R","BOSS","R","$","E","BOSS"],"build_version":"2019-01-23","purchased_purges":2,"victory":true,"max_hp_per_floor":[70,70,70,70,70,70,70,70,70,70,70,70,70,70,70,70,70,70,70,70,70,70,70,70,70,70,70,70,70,70,70,70,70,70,70,70,70,70,70,70,70,70,76,76,76,76,76,76,76,76,76,76,76,76,76],"card_choices":[{"not_picked":["Underhanded Strike","Concentrate"],"picked":"Blade Dance","floor":1},{"not_picked":["Concentrate","Quick Slash"],"picked":"Cloak And Dagger","floor":2},{"not_picked":["Prepared","Night Terror"],"picked":"Backflip","floor":3},{"not_picked":["Infinite Blades","Outmaneuver"],"picked":"Deadly Poison","floor":4},{"not_picked":["Expertise","Escape Plan"],"picked":"Bouncing Flask","floor":5},{"not_picked":["Tools of the Trade","Dagger Throw"],"picked":"Dagger Spray","floor":6},{"not_picked":["Outmaneuver","Acrobatics"],"picked":"Blur","floor":7},{"not_picked":["Dodge and Roll","PiercingWail"],"picked":"Noxious Fumes","floor":8},{"not_picked":["Dagger Spray","Underhanded Strike","Flying Knee"],"picked":"SKIP","floor":11},{"not_picked":["Blade Dance","Phantasmal Killer"],"picked":"Catalyst","floor":13},{"not_picked":["Glass Knife","Die Die Die"],"picked":"After Image","floor":16},{"not_picked":["Caltrops","Underhanded Strike+1"],"picked":"Deflect","floor":18},{"not_picked":["Dodge and Roll+1","Poisoned Stab"],"picked":"Prepared+1","floor":19},{"not_picked":["Eviscerate","Quick Slash+1"],"picked":"Caltrops+1","floor":22},{"not_picked":["Deadly Poison","Heel Hook"],"picked":"Footwork+1","floor":23},{"not_picked":["Bane","Underhanded Strike+1"],"picked":"Deflect+1","floor":25},{"not_picked":["Storm of Steel","Cloak And Dagger","Tactician+1"],"picked":"Well Laid Plans","floor":28},{"not_picked":["Choke","Sucker Punch","Underhanded Strike+1","Dagger Spray"],"picked":"SKIP","floor":30},{"not_picked":["Phantasmal Killer","Doppelganger","Adrenaline"],"picked":"Wraith Form v2","floor":33},{"not_picked":["Deflect+1","Sucker Punch+1","Dagger Spray"],"picked":"Noxious Fumes","floor":35},{"not_picked":["Escape Plan+1","Outmaneuver+1","Flying Knee+1"],"picked":"Prepared+1","floor":36},{"not_picked":["Underhanded Strike","Noxious Fumes+1","Poisoned Stab"],"picked":"Catalyst","floor":37},{"not_picked":["Terror","Predator+1","Bane+1"],"picked":"PiercingWail+1","floor":38},{"not_picked":["Deflect","Terror","Bouncing Flask+1"],"picked":"Backflip+1","floor":39},{"not_picked":["Acrobatics+1","Leg Sweep+1","Underhanded Strike+1"],"picked":"Noxious Fumes","floor":40},{"not_picked":["Terror","Blade Dance+1","Backflip+1"],"picked":"After Image","floor":42},{"not_picked":["Deep Breath","Violence","Good Instincts"],"picked":"Dark Shackles","floor":44},{"not_picked":["Deep Breath","Panache","Violence"],"picked":"Secret Technique","floor":44},{"not_picked":["Setup","Riddle With Holes+1","Bane+1"],"picked":"Crippling Poison","floor":45},{"not_picked":["Flechettes","Choke+1","Sucker Punch","Die Die Die"],"picked":"SKIP","floor":48},{"not_picked":["Deflect+1","Sucker Punch+1","Cloak And Dagger"],"picked":"Backflip","floor":54}],"player_experience":268854,"relics_obtained":[{"floor":6,"key":"MawBank"},{"floor":9,"key":"Pocketwatch"},{"floor":13,"key":"Lantern"},{"floor":23,"key":"Darkstone Periapt"},{"floor":25,"key":"Question Card"},{"floor":26,"key":"Thread and Needle"},{"floor":28,"key":"Ginger"},{"floor":40,"key":"Bottled Tornado"},{"floor":42,"key":"Oddly Smooth Stone"},{"floor":45,"key":"PreservedInsect"},{"floor":48,"key":"Art of War"},{"floor":54,"key":"Bronze Scales"}],"event_choices":[{"damage_healed":0,"gold_gain":75,"player_choice":"Gather Gold","damage_taken":11,"max_hp_gain":0,"max_hp_loss":0,"event_name":"World of Goop","floor":14,"gold_loss":0},{"damage_healed":0,"gold_gain":0,"cards_transformed":["Strike_G","Strike_G"],"player_choice":"Became Test Subject","damage_taken":0,"max_hp_gain":0,"max_hp_loss":0,"event_name":"Drug Dealer","floor":21,"gold_loss":0,"cards_obtained":["Doppelganger","Quick Slash"]},{"damage_healed":0,"gold_gain":0,"player_choice":"Simplicity","damage_taken":0,"max_hp_gain":0,"max_hp_loss":0,"event_name":"Back to Basics","floor":27,"gold_loss":0,"cards_upgraded":["Defend_G","Defend_G","Defend_G","Defend_G","Defend_G"]},{"damage_healed":0,"gold_gain":0,"player_choice":"Memory 3","damage_taken":10,"max_hp_gain":0,"max_hp_loss":0,"event_name":"SensoryStone","floor":44,"gold_loss":0},{"damage_healed":0,"gold_gain":0,"player_choice":"Paid","damage_taken":0,"relics_obtained":["Red Mask"],"max_hp_gain":0,"max_hp_loss":0,"event_name":"Tomb of Lord Red Mask","floor":47,"gold_loss":105}],"is_beta":false,"boss_relics":[{"not_picked":["Calling Bell","Busted Crown"],"picked":"Sozu"},{"not_picked":["Philosopher\u0027s Stone","Runic Dome"],"picked":"Cursed Key"}],"items_purged_floors":[20,46],"is_endless":false,"potions_floor_spawned":[2,3,5,6,16,18,22,25,28,37,38,40,48],"ascension_level":7}