{"gold_per_floor":[116,116,130,0,75,109,128,163,163,175,190,190,206,234,234,234],"floor_reached":16,"playtime":1990,"items_purged":["Strike_G"],"score":294,"play_id":"757a73e1-ff87-4a17-9fcf-654842968c33","local_time":"20190626115623","is_ascension_mode":true,"campfire_choices":[{"data":"After Image","floor":12.0,"key":"SMITH"},{"data":"Crippling Poison","floor":15,"key":"SMITH"}],"neow_cost":"NONE","seed_source_timestamp":1150465487100951,"circlet_count":0,"master_deck":["AscendersBane","Defend_G","Defend_G","Defend_G","Defend_G","Defend_G","Strike_G","Strike_G","Strike_G","Strike_G","Survivor","Neutralize","PiercingWail","Dagger Throw","Poisoned Stab","Deflect","Quick Slash","Crippling Poison+1","After Image+1","Catalyst"],"special_seed":0,"relics":["Ring of the Snake","NeowsBlessing","Tingsha","Ornamental Fan","Singing Bowl","Matryoshka","Bag of Preparation"],"potions_floor_usage":[14],"damage_taken":[{"damage":0.0,"enemies":"2 Louse","floor":1.0,"turns":1.0},{"damage":0.0,"enemies":"Jaw Worm","floor":3.0,"turns":1.0},{"damage":0.0,"enemies":"Gremlin Nob","floor":6.0,"turns":1.0},{"damage":0.0,"enemies":"Cultist","floor":7.0,"turns":3.0},{"damage":17.0,"enemies":"3 Sentries","floor":8.0,"turns":10.0},{"damage":0.0,"enemies":"Looter","floor":10.0,"turns":3.0},{"damage":2.0,"enemies":"3 Louse","floor":11.0,"turns":3.0},{"damage":0.0,"enemies":"Exordium Wildlife","floor":13.0,"turns":3.0},{"damage":10,"enemies":"Lagavulin","floor":14,"turns":8},{"damage":24,"enemies":"The Guardian","floor":16,"turns":5}],"seed_played":"608659779527588020","potions_obtained":[{"floor":3.0,"key":"SteroidPotion"}],"is_trial":false,"path_per_floor":["M","?","M","$","?","E","M","E","T","M","M","R","M","E","R","B"],"character_chosen":"THE_SILENT","items_purchased":["PowerPotion"],"campfire_rested":0,"item_purchase_floors":[4],"current_hp_per_floor":[59,54,54,54,43,43,43,26,26,26,24,24,24,16,16,0],"gold":234,"neow_bonus":"THREE_ENEMY_KILL","is_prod":false,"is_daily":false,"chose_seed":false,"campfire_upgraded":2,"win_rate":0,"timestamp":1561539383,"path_taken":["M","?","M","$","?","E","?","E","T","M","M","R","?","E","R","BOSS"],"build_version":"2019-01-23","purchased_purges":1,"victory":false,"max_hp_per_floor":[66,66,66,66,66,66,66,66,66,66,66,66,66,68,68,68],"card_choices":[{"not_picked":["All Out Attack","Outmaneuver"],"picked":"PiercingWail","floor":1.0},{"not_picked":["Finisher","Prepared"],"picked":"Dagger Throw","floor":3.0},{"not_picked":["Night Terror","Deflect"],"picked":"Poisoned Stab","floor":6.0},{"not_picked":["Deflect","Concentrate","Riddle With Holes"],"picked":"SKIP","floor":7.0},{"not_picked":["Concentrate","Riddle With Holes"],"picked":"Deflect","floor":7.0},{"not_picked":["Acrobatics","Flying Knee"],"picked":"Quick Slash","floor":8.0},{"not_picked":["Quick Slash","Cloak And Dagger"],"picked":"Crippling Poison","floor":10.0},{"not_picked":["Cloak And Dagger","Blade Dance"],"picked":"After Image","floor":11.0},{"not_picked":["Cloak And Dagger","Outmaneuver"],"picked":"Catalyst","floor":13.0},{"not_picked":["Dagger Spray","Flechettes","Bane"],"picked":"Singing Bowl","floor":14}],"player_experience":563136,"relics_obtained":[{"floor":6.0,"key":"Ornamental Fan"},{"floor":8.0,"key":"Singing Bowl"},{"floor":9.0,"key":"Matryoshka"},{"floor":14,"key":"Bag of Preparation"}],"event_choices":[{"damage_healed":0.0,"max_hp_gain":0.0,"max_hp_loss":0.0,"gold_gain":0.0,"event_name":"Scrap Ooze","player_choice":"Success","floor":2.0,"gold_loss":0.0,"damage_taken":5.0,"relics_obtained":["Tingsha"]},{"damage_healed":0.0,"max_hp_gain":0.0,"max_hp_loss":0.0,"gold_gain":75.0,"event_name":"World of Goop","player_choice":"Gather Gold","floor":5.0,"gold_loss":0.0,"damage_taken":11.0}],"is_beta":false,"boss_relics":[],"items_purged_floors":[4],"is_endless":false,"potions_floor_spawned":[3,7],"killed_by":"The Guardian","ascension_level":20}