{"gold_per_floor":[12,28,42,54,65,65,83,83,83,98,98,98,23,23,23,119,119,138,153,53,65,16,35,49,49,125,125,0,0,13,30,30,30],"floor_reached":33,"playtime":902,"items_purged":["Strike_R","Strike_R","Strike_R+1"],"score":243,"play_id":"a6b5b204-0951-4869-9cad-272bd6fd47af","local_time":"20190712180912","is_ascension_mode":false,"campfire_choices":[{"data":"Immolate","floor":6,"key":"SMITH"},{"data":"Clothesline","floor":8,"key":"SMITH"},{"data":"Berserk","floor":12,"key":"SMITH"},{"data":"Battle Trance","floor":15,"key":"SMITH"},{"floor":29,"key":"REST"},{"floor":32,"key":"REST"}],"neow_cost":"NO_GOLD","seed_source_timestamp":26255388872600,"circlet_count":0,"master_deck":["Strike_R+1","Defend_R+1","Defend_R+1","Defend_R+1","Defend_R+1","Bash","Immolate+1","Flame Barrier","Battle Trance+1","Thunderclap","Shrug It Off","Shrug It Off","Clothesline+1","Berserk+1","Juggernaut","Flame Barrier","Body Slam+1","Shrug It Off","Blood for Blood","Whirlwind+1"],"relics":["Burning Blood"],"potions_floor_usage":[18,19,21,23,24,30,33],"damage_taken":[{"damage":0,"enemies":"2 Louse","floor":1,"turns":1},{"damage":0,"enemies":"Small Slimes","floor":2,"turns":2},{"damage":6,"enemies":"Cultist","floor":3,"turns":3},{"damage":11,"enemies":"Lots of Slimes","floor":4,"turns":2},{"damage":2,"enemies":"Looter","floor":5,"turns":4},{"damage":0,"enemies":"3 Louse","floor":7,"turns":1},{"damage":1,"enemies":"Blue Slaver","floor":10,"turns":3},{"damage":11,"enemies":"The Guardian","floor":16,"turns":13},{"damage":2,"enemies":"3 Byrds","floor":18,"turns":5},{"damage":25,"enemies":"Chosen","floor":19,"turns":5},{"damage":19,"enemies":"Snake Plant","floor":21,"turns":5},{"damage":18,"enemies":"Cultist and Chosen","floor":23,"turns":7},{"damage":20,"enemies":"Shelled Parasite and Fungi","floor":24,"turns":9},{"damage":11,"enemies":"3 Cultists","floor":30,"turns":4},{"damage":0,"enemies":"Snecko","floor":31,"turns":5},{"damage":81,"enemies":"Automaton","floor":33,"turns":8}],"seed_played":"7227199232853167364","potions_obtained":[{"floor":1,"key":"Weak Potion"},{"floor":3,"key":"Energy Potion"},{"floor":7,"key":"Block Potion"},{"floor":18,"key":"Regen Potion"},{"floor":19,"key":"Swift Potion"},{"floor":31,"key":"LiquidBronze"}],"is_trial":false,"path_per_floor":["M","M","M","M","M","R","M","R","T","M","?","R","$","?","R","B",null,"M","M","$","M","$","M","M","?","T","?","$","R","M","M","R","B"],"character_chosen":"IRONCLAD","items_purchased":["PowerPotion"],"campfire_rested":2,"item_purchase_floors":[22],"current_hp_per_floor":[80,80,80,75,79,79,80,80,80,80,73,73,73,73,73,68,80,80,61,61,48,48,36,37,37,37,37,37,61,56,62,80,0],"gold":30,"neow_bonus":"THREE_RARE_CARDS","is_prod":false,"is_daily":false,"chose_seed":false,"campfire_upgraded":4,"win_rate":0,"timestamp":1562969352,"path_taken":["M","M","M","M","M","R","M","R","T","M","?","R","$","?","R","BOSS","M","M","$","M","$","M","M","?","T","?","$","R","M","?","R","BOSS"],"build_version":"2019-07-05","purchased_purges":3,"victory":false,"max_hp_per_floor":[80,80,80,80,80,80,80,80,80,80,80,80,80,80,80,80,80,80,80,80,80,80,80,80,80,80,80,80,80,80,80,80,80],"card_choices":[{"not_picked":["Bludgeon","Fiend Fire"],"picked":"Immolate","floor":0},{"not_picked":["Warcry","Carnage"],"picked":"Flame Barrier","floor":1},{"not_picked":["Sentinel","Perfected Strike"],"picked":"Battle Trance","floor":2},{"not_picked":["Seeing Red","Sentinel"],"picked":"Thunderclap","floor":3},{"not_picked":["Clash","Blood for Blood"],"picked":"Shrug It Off","floor":4},{"not_picked":["Rupture","Clothesline"],"picked":"Shrug It Off","floor":5},{"not_picked":["Sword Boomerang","Combust"],"picked":"Clothesline","floor":7},{"not_picked":["Headbutt","Power Through"],"picked":"Berserk","floor":10},{"not_picked":["Limit Break","Double Tap"],"picked":"Juggernaut","floor":16},{"not_picked":["Power Through","True Grit"],"picked":"Flame Barrier","floor":18},{"not_picked":["Havoc","Clothesline"],"picked":"Body Slam+1","floor":19},{"not_picked":["Sword Boomerang","Warcry"],"picked":"Shrug It Off","floor":21},{"not_picked":["Clash","Twin Strike","Headbutt+1"],"picked":"SKIP","floor":23},{"not_picked":["Wild Strike","Headbutt"],"picked":"Blood for Blood","floor":24},{"not_picked":["Entrench","Anger+1"],"picked":"Whirlwind+1","floor":30},{"not_picked":["Reaper","Whirlwind","True Grit"],"picked":"SKIP","floor":31}],"player_experience":1859764,"relics_obtained":[],"event_choices":[{"cards_removed":["Strike_R"],"damage_healed":0,"gold_gain":0,"player_choice":"Card Removal","damage_taken":7,"max_hp_gain":0,"max_hp_loss":0,"event_name":"Golden Wing","floor":11,"gold_loss":0},{"damage_healed":0,"gold_gain":0,"player_choice":"Ignored","damage_taken":0,"max_hp_gain":0,"max_hp_loss":0,"event_name":"Golden Idol","floor":14,"gold_loss":0},{"damage_healed":0,"gold_gain":0,"player_choice":"Simplicity","damage_taken":0,"max_hp_gain":0,"max_hp_loss":0,"event_name":"Back to Basics","floor":25,"gold_loss":0,"cards_upgraded":["Strike_R","Strike_R","Defend_R","Defend_R","Defend_R","Defend_R"]},{"damage_healed":0,"gold_gain":0,"player_choice":"Ignored","damage_taken":0,"max_hp_gain":0,"max_hp_loss":0,"event_name":"WeMeetAgain","floor":27,"gold_loss":0}],"is_beta":false,"boss_relics":[{"not_picked":["Lizard Tail","Velvet Choker","Busted Crown"]}],"items_purged_floors":[13,20,28],"is_endless":false,"potions_floor_spawned":[1,3,7,18,19,31],"killed_by":"Automaton","ascension_level":0}