{"gold_per_floor":[161,171,246,45,59,86,139,170,219,229,249,249,276,293,293,293],"floor_reached":16,"playtime":1127,"items_purged":[],"score":238,"play_id":"0919c2f8-6e9a-4fbd-a1d1-570c218bafc5","local_time":"20190628111342","is_ascension_mode":true,"campfire_choices":[{"data":"Bash","floor":12,"key":"SMITH"},{"data":"Corruption","floor":15,"key":"SMITH"}],"neow_cost":"NONE","seed_source_timestamp":1321724645498399,"circlet_count":0,"master_deck":["AscendersBane","Strike_R","Strike_R","Strike_R","Strike_R","Strike_R","Defend_R","Defend_R+1","Defend_R","Defend_R","Bash+1","Clothesline","Clothesline","Wild Strike","Armaments","Immolate","Corruption+1","Ghostly Armor","Armaments","Headbutt","Armaments","True Grit"],"relics":["Tiny House","Red Skull","Orichalcum","Tiny Chest","Strawberry","Vajra","Dream Catcher"],"potions_floor_usage":[6,6,11,16,16],"damage_taken":[{"damage":1,"enemies":"Cultist","floor":1,"turns":4},{"damage":9,"enemies":"Jaw Worm","floor":2,"turns":3},{"damage":0,"enemies":"2 Louse","floor":5,"turns":2},{"damage":6,"enemies":"Gremlin Nob","floor":6,"turns":3},{"damage":17,"enemies":"Lagavulin","floor":8,"turns":7},{"damage":7,"enemies":"Exordium Thugs","floor":10,"turns":2},{"damage":6,"enemies":"Exordium Wildlife","floor":11,"turns":4},{"damage":2,"enemies":"3 Sentries","floor":13,"turns":3},{"damage":2,"enemies":"Blue Slaver","floor":14,"turns":2},{"damage":29,"enemies":"Slime Boss","floor":16,"turns":7}],"seed_played":"1533046742243978702","potions_obtained":[{"floor":0,"key":"Ancient Potion"},{"floor":2,"key":"Fire Potion"},{"floor":6,"key":"Swift Potion"},{"floor":11,"key":"Weak Potion"},{"floor":14,"key":"Dexterity Potion"}],"is_trial":false,"path_per_floor":["M","M","?","$","M","E","T","E","T","M","M","R","E","M","R","B"],"character_chosen":"IRONCLAD","items_purchased":["Red Skull","Armaments"],"campfire_rested":0,"item_purchase_floors":[4,4],"current_hp_per_floor":[72,63,52,52,52,46,46,36,36,29,23,23,21,19,19,0],"gold":293,"neow_bonus":"BOSS_RELIC","is_prod":false,"is_daily":false,"chose_seed":false,"campfire_upgraded":2,"win_rate":0,"timestamp":1561709622,"path_taken":["M","M","?","$","M","E","?","E","T","M","M","R","E","M","R","BOSS"],"build_version":"2019-01-23","purchased_purges":0,"victory":false,"max_hp_per_floor":[80,80,80,80,80,80,80,87,87,87,87,87,87,87,87,87],"card_choices":[{"not_picked":["Armaments","Burning Pact"],"picked":"Clothesline","floor":0},{"not_picked":["Blood for Blood","Armaments"],"picked":"Clothesline","floor":1},{"not_picked":["Entrench","Inflame"],"picked":"Wild Strike","floor":2},{"not_picked":["Thunderclap","Sever Soul"],"picked":"Immolate","floor":5},{"not_picked":["Clash","Body Slam"],"picked":"Corruption","floor":6},{"not_picked":["Twin Strike","Entrench"],"picked":"Ghostly Armor","floor":8},{"not_picked":["Corruption","Warcry"],"picked":"Armaments","floor":10},{"not_picked":["Disarm","Clothesline"],"picked":"Headbutt","floor":11},{"not_picked":["Thunderclap","Cleave"],"picked":"Armaments","floor":13},{"not_picked":["Sever Soul","Corruption"],"picked":"True Grit","floor":14}],"player_experience":625988,"relics_obtained":[{"floor":6,"key":"Orichalcum"},{"floor":7,"key":"Tiny Chest"},{"floor":8,"key":"Strawberry"},{"floor":9,"key":"Vajra"},{"floor":13,"key":"Dream Catcher"}],"event_choices":[{"damage_healed":0,"gold_gain":75,"player_choice":"Gather Gold","damage_taken":11,"max_hp_gain":0,"max_hp_loss":0,"event_name":"World of Goop","floor":3,"gold_loss":0}],"is_beta":false,"boss_relics":[],"items_purged_floors":[],"is_endless":false,"potions_floor_spawned":[2,6,11,14],"killed_by":"Slime Boss","ascension_level":19}