{"gold_per_floor":[115,132,149,224,399,399,3,3,3,29,46,78,78,108,108,211,211,221,221,238,6,6,40,57,57,80,113,126,160,8,8,8,110,110,128,1,47,47,66,66,94,107,107,122,122,122,344,355,355,355],"floor_reached":51,"playtime":2010,"items_purged":["Doubt","Strike_R"],"score":866,"play_id":"2d390f63-c482-4ae0-b2aa-bd6b13d99247","local_time":"20190716162908","is_ascension_mode":true,"campfire_choices":[{"data":"Spot Weakness","floor":6.0,"key":"SMITH"},{"floor":8.0,"key":"REST"},{"floor":15.0,"key":"REST"},{"floor":25.0,"key":"REST"},{"floor":32.0,"key":"REST"},{"floor":40,"key":"REST"},{"floor":45,"key":"REST"},{"floor":49,"key":"REST"}],"neow_cost":"PERCENT_DAMAGE","seed_source_timestamp":0,"circlet_count":0,"master_deck":["Strike_R","Strike_R","Defend_R+1","Defend_R","Defend_R","Defend_R","Bash+1","Spot Weakness+1","Heavy Blade+1","Headbutt","True Grit+1","Hemokinesis","Clothesline","Ghostly Armor","Offering","Reckless Charge","Sentinel","Seeing Red","Impervious","Warcry+1","Cleave+1","Offering","Purity","Thinking Ahead","Finesse","Flex+1","Inflame","Hemokinesis+1","Sentinel","Offering"],"special_seed":0,"relics":["Burning Blood","Membership Card","Regal Pillow","Bronze Scales","Oddly Smooth Stone","Juzu Bracelet","Potion Belt","War Paint","White Beast Statue","Sling","Paper Frog","Art of War","Orichalcum","Question Card","Red Mask","Ginger","Fusion Hammer","PreservedInsect","Shovel","Whetstone","The Courier"],"potions_floor_usage":[35,37,41,50,50,50,50,50],"damage_taken":[{"damage":10.0,"enemies":"Small Slimes","floor":1.0,"turns":3.0},{"damage":8.0,"enemies":"Cultist","floor":2.0,"turns":5.0},{"damage":6.0,"enemies":"Jaw Worm","floor":3.0,"turns":3.0},{"damage":0.0,"enemies":"Gremlin Nob","floor":10.0,"turns":2.0},{"damage":10.0,"enemies":"Looter","floor":11.0,"turns":3.0},{"damage":36.0,"enemies":"Lagavulin","floor":12.0,"turns":4.0},{"damage":17.0,"enemies":"3 Sentries","floor":14.0,"turns":6.0},{"damage":62.0,"enemies":"Hexaghost","floor":16.0,"turns":9.0},{"damage":19.0,"enemies":"Spheric Guardian","floor":18.0,"turns":3.0},{"damage":23.0,"enemies":"3 Byrds","floor":20.0,"turns":3.0},{"damage":44.0,"enemies":"Book of Stabbing","floor":23.0,"turns":5.0},{"damage":22.0,"enemies":"3 Cultists","floor":24.0,"turns":5.0},{"damage":25.0,"enemies":"Slavers","floor":27.0,"turns":5.0},{"damage":14.0,"enemies":"Shelled Parasite and Fungi","floor":28.0,"turns":4.0},{"damage":7.0,"enemies":"Masked Bandits","floor":29.0,"turns":3.0},{"damage":114.0,"enemies":"Collector","floor":33.0,"turns":15.0},{"damage":25,"enemies":"3 Shapes","floor":35,"turns":6},{"damage":33,"enemies":"2 Orb Walkers","floor":37,"turns":5},{"damage":12,"enemies":"Orb Walker","floor":39,"turns":4},{"damage":47,"enemies":"Reptomancer","floor":41,"turns":5},{"damage":22,"enemies":"Transient","floor":42,"turns":5},{"damage":24,"enemies":"3 Darklings","floor":44,"turns":6},{"damage":19,"enemies":"Jaw Worm Horde","floor":48,"turns":4},{"damage":97,"enemies":"Donu and Deca","floor":50,"turns":9}],"seed_played":"1576178686868359301","potions_obtained":[{"floor":2.0,"key":"AttackPotion"},{"floor":10.0,"key":"AttackPotion"},{"floor":12.0,"key":"SkillPotion"},{"floor":18.0,"key":"LiquidBronze"},{"floor":20.0,"key":"Block Potion"},{"floor":23.0,"key":"Strength Potion"},{"floor":24.0,"key":"Fire Potion"},{"floor":27.0,"key":"AttackPotion"},{"floor":28.0,"key":"Swift Potion"},{"floor":29.0,"key":"EssenceOfSteel"},{"floor":33.0,"key":"SteroidPotion"},{"floor":35,"key":"Weak Potion"},{"floor":37,"key":"BloodPotion"},{"floor":39,"key":"Strength Potion"},{"floor":41,"key":"SteroidPotion"},{"floor":42,"key":"EssenceOfSteel"},{"floor":44,"key":"SpeedPotion"},{"floor":48,"key":"EssenceOfSteel"}],"is_trial":false,"path_per_floor":["M","M","M","?","?","R","$","R","T","E","M","E","?","E","R","B",null,"M","?","M","$","?","E","M","R","T","E","M","?","$","?","R","B",null,"M","$","?","?","M","R","E","M","T","M","R","?","?","M","R","B",null],"character_chosen":"IRONCLAD","items_purchased":["Membership Card","Regal Pillow","Bronze Scales","Sling","Paper Frog","Ginger","PreservedInsect"],"campfire_rested":7,"item_purchase_floors":[7,7,7,21,21,30,36],"current_hp_per_floor":[68,66,66,55,55,55,55,96,96,96,92,65,65,57,102,46,102,89,68,54,54,90,52,39,87,87,68,63,65,65,65,115,7,119,103,103,79,69,66,119,81,65,65,47,101,141,141,128,141,85],"gold":355,"neow_bonus":"TWENTY_PERCENT_HP_BONUS","is_prod":false,"is_daily":false,"chose_seed":false,"campfire_upgraded":1,"win_rate":0,"timestamp":1563308948,"path_taken":["M","M","M","?","?","R","$","R","T","E","M","E","?","E","R","BOSS","M","?","M","$","?","E","M","R","T","E","M","?","$","?","R","BOSS","M","$","?","?","M","R","E","M","T","M","R","?","?","M","R","BOSS"],"build_version":"2019-07-05","purchased_purges":2,"victory":true,"max_hp_per_floor":[96,96,96,96,96,96,96,96,96,96,96,99,99,102,102,102,102,102,107,110,110,110,110,113,113,113,113,116,119,119,119,119,119,119,122,122,125,125,128,128,131,131,131,131,131,141,141,141,141,141],"card_choices":[{"not_picked":["Heavy Blade","Thunderclap"],"picked":"Spot Weakness","floor":1.0},{"not_picked":["Perfected Strike","Infernal Blade"],"picked":"Heavy Blade","floor":2.0},{"not_picked":["Infernal Blade","Rampage"],"picked":"Headbutt","floor":3.0},{"not_picked":["Headbutt","Body Slam"],"picked":"Feed","floor":10.0},{"not_picked":["Perfected Strike","Body Slam"],"picked":"True Grit","floor":11.0},{"not_picked":["Infernal Blade","Headbutt"],"picked":"Hemokinesis","floor":12.0},{"not_picked":["Flame Barrier","Burning Pact"],"picked":"Ghostly Armor","floor":14.0},{"not_picked":["Bludgeon","Exhume"],"picked":"Offering","floor":16.0},{"not_picked":["Body Slam","True Grit"],"picked":"Reckless Charge","floor":18.0},{"not_picked":["Perfected Strike","Cleave"],"picked":"Sentinel","floor":20.0},{"not_picked":["Body Slam","Cleave"],"picked":"Seeing Red","floor":23.0},{"not_picked":["Burning Pact","Anger","Thunderclap+1"],"picked":"SKIP","floor":24.0},{"not_picked":["Searing Blow","Flex"],"picked":"Impervious","floor":27.0},{"not_picked":["Twin Strike+1","Entrench","Searing Blow"],"picked":"Warcry+1","floor":28.0},{"not_picked":["Heavy Blade+1","Havoc","True Grit"],"picked":"Cleave+1","floor":29.0},{"not_picked":["Berserk","Impervious","Fiend Fire"],"picked":"Offering","floor":33.0},{"not_picked":["Sword Boomerang+1","Perfected Strike","Armaments","Burning Pact+1"],"picked":"SKIP","floor":35},{"not_picked":["Good Instincts","Impatience","Sadistic Nature"],"picked":"Purity","floor":38},{"not_picked":["Madness","Dramatic Entrance","Discovery"],"picked":"Thinking Ahead","floor":38},{"not_picked":["Madness","Blind","Mind Blast"],"picked":"Finesse","floor":38},{"not_picked":["Sword Boomerang+1","Twin Strike","Armaments"],"picked":"Flex+1","floor":39},{"not_picked":["Clash","Shockwave","Rage+1"],"picked":"Inflame","floor":41},{"not_picked":["Armaments","Rage","Clothesline"],"picked":"Hemokinesis+1","floor":42},{"not_picked":["Rampage","Clothesline+1","Warcry"],"picked":"Sentinel","floor":44},{"not_picked":["Iron Wave+1","Power Through+1","Shrug It Off"],"picked":"Offering","floor":48}],"player_experience":1931560,"relics_obtained":[{"floor":9.0,"key":"Oddly Smooth Stone"},{"floor":10.0,"key":"Juzu Bracelet"},{"floor":12.0,"key":"Potion Belt"},{"floor":14.0,"key":"War Paint"},{"floor":23.0,"key":"Art of War"},{"floor":26.0,"key":"Orichalcum"},{"floor":27.0,"key":"Question Card"},{"floor":29.0,"key":"Red Mask"},{"floor":37,"key":"Shovel"},{"floor":41,"key":"Whetstone"},{"floor":43,"key":"The Courier"}],"event_choices":[{"damage_healed":0.0,"max_hp_gain":0.0,"max_hp_loss":0.0,"gold_gain":75.0,"event_name":"World of Goop","player_choice":"Gather Gold","floor":4.0,"gold_loss":0.0,"damage_taken":11.0},{"damage_healed":0.0,"max_hp_gain":0.0,"max_hp_loss":0.0,"gold_gain":175.0,"event_name":"Liars Game","player_choice":"AGREE","floor":5.0,"gold_loss":0.0,"damage_taken":0.0,"cards_obtained":["Doubt"]},{"damage_healed":0.0,"max_hp_gain":0.0,"max_hp_loss":0.0,"gold_gain":0.0,"cards_transformed":["Strike_R"],"event_name":"Transmorgrifier","player_choice":"Transformed","floor":13.0,"gold_loss":0.0,"damage_taken":0.0,"cards_obtained":["Clothesline"]},{"damage_healed":0.0,"max_hp_gain":5.0,"max_hp_loss":0.0,"gold_gain":0.0,"event_name":"Forgotten Altar","player_choice":"Shed Blood","floor":19.0,"gold_loss":0.0,"damage_taken":26.0},{"damage_healed":36.0,"max_hp_gain":0.0,"max_hp_loss":0.0,"gold_gain":0.0,"event_name":"The Library","player_choice":"Heal","floor":22.0,"gold_loss":0.0,"damage_taken":0.0},{"damage_healed":0.0,"max_hp_gain":0.0,"max_hp_loss":0.0,"gold_gain":0.0,"event_name":"Masked Bandits","player_choice":"Fought Bandits","floor":29.0,"gold_loss":0.0,"damage_taken":0.0},{"cards_removed":["Strike_R"],"damage_healed":0.0,"max_hp_gain":0.0,"max_hp_loss":0.0,"gold_gain":0.0,"event_name":"Back to Basics","player_choice":"Elegance","floor":31.0,"gold_loss":0.0,"damage_taken":0.0},{"damage_healed":0,"gold_gain":0,"player_choice":"Fight","damage_taken":0,"max_hp_gain":0,"max_hp_loss":0,"event_name":"Mysterious Sphere","floor":37,"gold_loss":0},{"damage_healed":0,"gold_gain":0,"player_choice":"Memory 3","damage_taken":10,"max_hp_gain":0,"max_hp_loss":0,"event_name":"SensoryStone","floor":38,"gold_loss":0},{"cards_removed":["Feed"],"damage_healed":30,"gold_gain":0,"player_choice":"Offered Rare","damage_taken":0,"max_hp_gain":10,"max_hp_loss":0,"event_name":"Bonfire Elementals","floor":46,"gold_loss":0},{"damage_healed":0,"gold_gain":222,"player_choice":"Wore Mask","damage_taken":0,"max_hp_gain":0,"max_hp_loss":0,"event_name":"Tomb of Lord Red Mask","floor":47,"gold_loss":0}],"is_beta":false,"boss_relics":[{"not_picked":["Empty Cage","Orrery"],"picked":"White Beast Statue"},{"not_picked":["Sozu","Tiny House"],"picked":"Fusion Hammer"}],"items_purged_floors":[7,36],"is_endless":false,"potions_floor_spawned":[2,10,12,18,20,23,24,27,28,29,33,35,37,39,41,42,44,48],"ascension_level":1}