{"gold_per_floor":[110,127,202,29,29,29,45,78,78,98,98,98,22,34,34,134,134,147,147,160,39,59,59,59],"floor_reached":24,"playtime":1742,"items_purged":[],"score":196,"play_id":"9fe0bb5c-9bbf-4b83-a503-f9b4ccda7e5f","local_time":"20190725105652","is_ascension_mode":false,"campfire_choices":[{"floor":6,"key":"RECALL"},{"data":"Inflame","floor":11,"key":"SMITH"},{"floor":15,"key":"REST"},{"floor":23,"key":"REST"}],"neow_cost":"NONE","seed_source_timestamp":499840311643200,"circlet_count":0,"master_deck":["Strike_R","Strike_R","Strike_R","Strike_R","Strike_R","Defend_R","Defend_R","Defend_R","Defend_R","Bash","Armaments","Clothesline","The Bomb","Inflame+1","Uppercut","Shockwave","Demon Form","Searing Blow","Seeing Red+1","Havoc","Twin Strike+1"],"relics":["Black Blood","NeowsBlessing","Bottled Tornado","Gremlin Horn"],"potions_floor_usage":[16,16,21,24],"damage_taken":[{"damage":0,"enemies":"Cultist","floor":1,"turns":1},{"damage":0,"enemies":"2 Louse","floor":2,"turns":1},{"damage":0,"enemies":"Jaw Worm","floor":7,"turns":1},{"damage":40,"enemies":"Gremlin Nob","floor":8,"turns":6},{"damage":12,"enemies":"Blue Slaver","floor":10,"turns":3},{"damage":6,"enemies":"3 Louse","floor":14,"turns":3},{"damage":34,"enemies":"Hexaghost","floor":16,"turns":9},{"damage":30,"enemies":"2 Thieves","floor":18,"turns":3},{"damage":45,"enemies":"Shell Parasite","floor":20,"turns":6},{"damage":6,"enemies":"Chosen and Byrds","floor":22,"turns":4},{"damage":72,"enemies":"Gremlin Leader","floor":24,"turns":4}],"seed_played":"-8985479548393215285","potions_obtained":[{"floor":7,"key":"PowerPotion"},{"floor":8,"key":"SneckoOil"},{"floor":10,"key":"Strength Potion"},{"floor":18,"key":"Poison Potion"}],"is_trial":false,"path_per_floor":["M","M","?","$","?","R","M","E","T","M","R","?","$","M","R","B",null,"M","?","M","$","M","R","E"],"character_chosen":"IRONCLAD","items_purchased":["The Bomb","Shockwave","Havoc","Fruit Juice"],"campfire_rested":2,"item_purchase_floors":[4,13,21,21],"current_hp_per_floor":[80,80,69,69,74,74,80,46,46,40,40,40,40,40,65,37,85,65,65,30,35,39,66,0],"gold":59,"neow_bonus":"THREE_ENEMY_KILL","is_prod":false,"is_daily":false,"chose_seed":false,"campfire_upgraded":1,"win_rate":0,"timestamp":1564048612,"path_taken":["M","?","?","$","?","R","M","E","T","?","R","?","$","M","R","BOSS","M","?","M","$","M","R","E"],"build_version":"2019-07-17","purchased_purges":0,"victory":false,"max_hp_per_floor":[80,80,80,80,85,85,85,85,85,85,85,85,85,85,85,85,85,85,85,85,90,90,90,90],"card_choices":[{"not_picked":["Flex","Warcry"],"picked":"Armaments","floor":1},{"not_picked":["Headbutt","Twin Strike"],"picked":"Clothesline","floor":2},{"not_picked":["Headbutt","Hemokinesis"],"picked":"Inflame","floor":7},{"not_picked":["True Grit","Bloodletting","Wild Strike"],"picked":"SKIP","floor":8},{"not_picked":["Brutality","Wild Strike"],"picked":"Uppercut","floor":10},{"not_picked":["Headbutt","Wild Strike","Power Through"],"picked":"SKIP","floor":14},{"not_picked":["Limit Break","Double Tap"],"picked":"Demon Form","floor":16},{"not_picked":["Twin Strike+1","Iron Wave"],"picked":"Searing Blow","floor":18},{"not_picked":["Cleave+1","Clash"],"picked":"Seeing Red+1","floor":20},{"not_picked":["Anger","Rampage"],"picked":"Twin Strike+1","floor":22}],"player_experience":415779,"relics_obtained":[{"floor":8,"key":"Bottled Tornado"},{"floor":9,"key":"Gremlin Horn"}],"event_choices":[{"damage_healed":0,"gold_gain":75,"player_choice":"Gather Gold","damage_taken":11,"max_hp_gain":0,"max_hp_loss":0,"event_name":"World of Goop","floor":3,"gold_loss":0},{"damage_healed":0,"gold_gain":0,"player_choice":"Donut","damage_taken":0,"max_hp_gain":5,"max_hp_loss":0,"event_name":"Big Fish","floor":5,"gold_loss":0},{"damage_healed":0,"gold_gain":0,"player_choice":"Ignored","damage_taken":0,"max_hp_gain":0,"max_hp_loss":0,"event_name":"Liars Game","floor":12,"gold_loss":0},{"damage_healed":0,"gold_gain":0,"player_choice":"Ignored","damage_taken":0,"max_hp_gain":0,"max_hp_loss":0,"event_name":"Ghosts","floor":19,"gold_loss":0}],"is_beta":false,"boss_relics":[{"not_picked":["Astrolabe","Coffee Dripper"],"picked":"Black Blood"}],"items_purged_floors":[],"is_endless":false,"potions_floor_spawned":[7,8,10,18],"killed_by":"Gremlin Leader","ascension_level":0}