{"gold_per_floor":[210,227,245,245,101,128,1,34,34,54,79,96,96,110,110,214,214,228,248,21,31,31,31],"floor_reached":23,"playtime":2603,"items_purged":["Strike_R"],"score":341,"play_id":"d78eadd0-2087-4618-8774-4b4494cc8c02","local_time":"20190623160935","is_ascension_mode":true,"campfire_choices":[{"data":"Bash","floor":13,"key":"SMITH"},{"data":"True Grit","floor":15,"key":"SMITH"}],"neow_cost":"NONE","seed_source_timestamp":905955884894264,"circlet_count":0,"master_deck":["AscendersBane","Strike_R+1","Strike_R+1","Strike_R+1","Strike_R+1","Defend_R+1","Defend_R+1","Defend_R+1","Defend_R+1","Bash+1","Anger","Clash","Metallicize","Reaper","Havoc","Thunderclap","True Grit+1","Evolve","Metallicize","Flame Barrier","Dark Embrace","Flame Barrier","Wild Strike","Corruption","Battle Trance+1"],"special_seed":0,"relics":["Burning Blood","Happy Flower","Paper Frog","Shuriken","Ornamental Fan","Art of War","Philosopher\u0027s Stone","Membership Card"],"potions_floor_usage":[16,16,19],"damage_taken":[{"damage":14,"enemies":"Jaw Worm","floor":1,"turns":5},{"damage":1,"enemies":"2 Louse","floor":2,"turns":3},{"damage":3,"enemies":"Small Slimes","floor":3,"turns":4},{"damage":26,"enemies":"Gremlin Nob","floor":6,"turns":4},{"damage":30,"enemies":"3 Sentries","floor":8,"turns":11},{"damage":9,"enemies":"Blue Slaver","floor":10,"turns":4},{"damage":12,"enemies":"Gremlin Nob","floor":11,"turns":4},{"damage":0,"enemies":"Large Slime","floor":12,"turns":5},{"damage":4,"enemies":"2 Fungi Beasts","floor":14,"turns":3},{"damage":12,"enemies":"Slime Boss","floor":16,"turns":10},{"damage":20,"enemies":"Shell Parasite","floor":18,"turns":6},{"damage":11,"enemies":"Chosen","floor":19,"turns":6},{"damage":15,"enemies":"Snecko","floor":21,"turns":7},{"damage":71,"enemies":"Book of Stabbing","floor":23,"turns":7}],"seed_played":"-6549904743781286056","potions_obtained":[{"floor":1,"key":"Strength Potion"},{"floor":6,"key":"Dexterity Potion"},{"floor":14,"key":"SteroidPotion"},{"floor":16,"key":"AttackPotion"}],"is_trial":false,"path_per_floor":["M","M","M","?","$","E","$","E","T","M","E","M","R","M","R","B",null,"M","M","$","M","?","E"],"character_chosen":"IRONCLAD","items_purchased":["Happy Flower","Havoc","Membership Card","Corruption"],"campfire_rested":0,"item_purchase_floors":[5,7,20,20],"current_hp_per_floor":[64,69,72,56,56,36,36,24,24,28,27,37,37,47,47,68,77,63,62,62,61,61,0],"gold":31,"neow_bonus":"HUNDRED_GOLD","is_prod":false,"is_daily":false,"chose_seed":false,"campfire_upgraded":2,"win_rate":0,"timestamp":1561295375,"path_taken":["M","M","M","?","$","E","$","E","T","M","E","M","R","M","R","BOSS","M","M","$","M","?","E"],"build_version":"2019-01-23","purchased_purges":1,"victory":false,"max_hp_per_floor":[80,80,80,80,80,80,80,80,80,80,80,80,80,80,80,80,80,80,80,80,80,80,80],"card_choices":[{"not_picked":["Whirlwind","Heavy Blade"],"picked":"Anger","floor":1},{"not_picked":["Dual Wield","Fire Breathing"],"picked":"Clash","floor":2},{"not_picked":["Fiend Fire","Disarm"],"picked":"Metallicize","floor":3},{"not_picked":["True Grit","Flame Barrier"],"picked":"Reaper","floor":6},{"not_picked":["Intimidate","Pommel Strike"],"picked":"Thunderclap","floor":8},{"not_picked":["Intimidate","Havoc"],"picked":"True Grit","floor":10},{"not_picked":["Pummel","Flex"],"picked":"Evolve","floor":11},{"not_picked":["Armaments","Heavy Blade"],"picked":"Metallicize","floor":12},{"not_picked":["Wild Strike","Sword Boomerang"],"picked":"Flame Barrier","floor":14},{"not_picked":["Berserk","Feed"],"picked":"Dark Embrace","floor":16},{"not_picked":["Thunderclap","True Grit"],"picked":"Flame Barrier","floor":18},{"not_picked":["Evolve","Wild Strike","Rampage+1"],"picked":"SKIP","floor":19},{"not_picked":["Evolve","Rampage+1"],"picked":"Wild Strike","floor":19},{"not_picked":["Sword Boomerang","Pummel+1"],"picked":"Battle Trance+1","floor":21}],"player_experience":442495,"relics_obtained":[{"floor":6,"key":"Paper Frog"},{"floor":8,"key":"Shuriken"},{"floor":9,"key":"Ornamental Fan"},{"floor":11,"key":"Art of War"}],"event_choices":[{"damage_healed":0,"gold_gain":0,"player_choice":"Entered Light","damage_taken":16,"max_hp_gain":0,"max_hp_loss":0,"event_name":"Shining Light","floor":4,"gold_loss":0,"cards_upgraded":["Defend_R","Defend_R"]},{"damage_healed":0,"gold_gain":0,"player_choice":"Simplicity","damage_taken":0,"max_hp_gain":0,"max_hp_loss":0,"event_name":"Back to Basics","floor":22,"gold_loss":0,"cards_upgraded":["Strike_R","Strike_R","Strike_R","Strike_R","Defend_R","Defend_R"]}],"is_beta":false,"boss_relics":[{"not_picked":["Fusion Hammer","Pandora\u0027s Box"],"picked":"Philosopher\u0027s Stone"}],"items_purged_floors":[7],"is_endless":false,"potions_floor_spawned":[1,6,12,14,16],"killed_by":"Book of Stabbing","ascension_level":12}