{"gold_per_floor":[109,126,301,147,157,191,191,191,218,243,256,273,283,302,302,405,405,423,338,338,338,338,338,357,367,367,367,378,85,105,125,125,228,228,240,260,260,260,274,274,284,284,307,307,318,123,123,157,157,157],"floor_reached":51,"playtime":1456,"items_purged":["Doubt","Defend_R"],"score":748,"play_id":"418bd3ed-7b18-4da0-a96f-13996e9011f9","local_time":"20190709125907","is_ascension_mode":true,"campfire_choices":[{"floor":7,"key":"REST"},{"data":"Clothesline","floor":15,"key":"SMITH"},{"data":"Whirlwind","floor":23,"key":"SMITH"},{"data":"Dark Embrace","floor":27,"key":"SMITH"},{"floor":32,"key":"REST"},{"floor":40,"key":"REST"},{"floor":42,"key":"REST"},{"floor":49,"key":"REST"}],"neow_cost":"NONE","seed_source_timestamp":955171813583200,"circlet_count":0,"master_deck":["Defend_R","Defend_R","Defend_R","Bash+1","Metallicize","Feel No Pain","Whirlwind+1","Spot Weakness","Sentinel","Ghostly Armor","Battle Trance","Dark Embrace+1","Clothesline+1","Offering","Entrench+1","True Grit+1","Havoc+1","Shrug It Off+1","Power Through+1","Iron Wave+1","Wild Strike+1","Wild Strike+1","Blood for Blood+1","Juggernaut","Body Slam+1","Shrug It Off+1","PanicButton","Shrug It Off","Shrug It Off+1","Clothesline+1","Pommel Strike+1"],"relics":["Burning Blood","Oddly Smooth Stone","Red Skull","FossilizedHelix","Astrolabe","Torii","MutagenicStrength","Molten Egg 2","Centennial Puzzle","Mark of Pain","Vajra","OrangePellets","Blood Vial","Ice Cream"],"potions_floor_usage":[6,13,16,16,25,30,33,33,41,45,48,50],"damage_taken":[{"damage":5,"enemies":"Small Slimes","floor":1,"turns":3},{"damage":11,"enemies":"Jaw Worm","floor":2,"turns":3},{"damage":12,"enemies":"2 Louse","floor":5,"turns":2},{"damage":39,"enemies":"Lagavulin","floor":6,"turns":6},{"damage":27,"enemies":"3 Sentries","floor":10,"turns":5},{"damage":0,"enemies":"Blue Slaver","floor":11,"turns":4},{"damage":0,"enemies":"3 Louse","floor":12,"turns":4},{"damage":0,"enemies":"Large Slime","floor":13,"turns":4},{"damage":6,"enemies":"2 Fungi Beasts","floor":14,"turns":3},{"damage":22,"enemies":"Hexaghost","floor":16,"turns":9},{"damage":8,"enemies":"Shell Parasite","floor":18,"turns":4},{"damage":0,"enemies":"3 Byrds","floor":24,"turns":5},{"damage":18,"enemies":"3 Cultists","floor":25,"turns":5},{"damage":11,"enemies":"Centurion and Healer","floor":28,"turns":9},{"damage":8,"enemies":"Cultist and Chosen","floor":30,"turns":5},{"damage":18,"enemies":"3 Cultists","floor":31,"turns":4},{"damage":46,"enemies":"Automaton","floor":33,"turns":9},{"damage":27,"enemies":"3 Shapes","floor":35,"turns":3},{"damage":0,"enemies":"Orb Walker","floor":36,"turns":3},{"damage":6,"enemies":"Transient","floor":39,"turns":5},{"damage":43,"enemies":"Maw","floor":41,"turns":10},{"damage":27,"enemies":"Sphere and 2 Shapes","floor":45,"turns":6},{"damage":39,"enemies":"Giant Head","floor":48,"turns":8},{"damage":53,"enemies":"Time Eater","floor":50,"turns":11}],"seed_played":"2196438394780748783","potions_obtained":[{"floor":5,"key":"AttackPotion"},{"floor":6,"key":"Energy Potion"},{"floor":11,"key":"SteroidPotion"},{"floor":12,"key":"Fire Potion"},{"floor":13,"key":"Regen Potion"},{"floor":16,"key":"LiquidBronze"},{"floor":24,"key":"GamblersBrew"},{"floor":25,"key":"Explosive Potion"},{"floor":28,"key":"Poison Potion"},{"floor":33,"key":"EssenceOfSteel"},{"floor":39,"key":"PowerPotion"},{"floor":41,"key":"Swift Potion"},{"floor":48,"key":"Regen Potion"}],"is_trial":false,"path_per_floor":["M","M","?","$","M","E","R","?","T","E","M","M","M","M","R","B",null,"M","?","?","?","?","R","M","M","T","R","M","$","M","M","R","B",null,"M","M","?","?","M","R","M","R","T","?","M","$","T","E","R","B",null],"character_chosen":"IRONCLAD","items_purchased":["Whirlwind","Wild Strike+1","Centennial Puzzle","OrangePellets"],"campfire_rested":5,"item_purchase_floors":[4,29,29,46],"current_hp_per_floor":[80,75,75,75,69,36,60,53,53,32,38,44,50,50,50,34,80,78,78,78,78,63,63,69,57,57,57,52,52,50,38,63,23,85,64,70,70,70,70,85,48,73,73,73,52,52,52,21,46,16],"gold":157,"neow_bonus":"UPGRADE_CARD","is_prod":false,"is_daily":false,"chose_seed":false,"campfire_upgraded":3,"win_rate":0,"timestamp":1562691547,"path_taken":["M","M","?","$","M","E","R","?","T","E","M","M","M","M","R","BOSS","M","?","?","?","?","R","M","M","T","R","M","$","M","M","R","BOSS","M","M","?","?","M","R","M","R","T","?","M","?","?","E","R","BOSS"],"build_version":"2019-07-05","purchased_purges":2,"victory":true,"max_hp_per_floor":[80,80,80,80,80,80,80,80,80,80,80,80,80,80,80,80,80,80,80,80,80,85,85,85,85,85,85,85,85,85,85,85,85,85,85,85,85,85,85,85,85,85,85,85,85,85,85,85,85,85],"card_choices":[{"not_picked":["Heavy Blade","Havoc"],"picked":"Metallicize","floor":1},{"not_picked":["Blood for Blood","Shrug It Off"],"picked":"Feel No Pain","floor":2},{"not_picked":["Clothesline","Infernal Blade"],"picked":"Spot Weakness","floor":5},{"not_picked":["Twin Strike","Thunderclap"],"picked":"Sentinel","floor":6},{"not_picked":["Warcry","Havoc"],"picked":"Headbutt","floor":10},{"not_picked":["Iron Wave","Reckless Charge"],"picked":"Ghostly Armor","floor":11},{"not_picked":["Blood for Blood","Havoc"],"picked":"Battle Trance","floor":12},{"not_picked":["Rupture","Perfected Strike"],"picked":"Dark Embrace","floor":13},{"not_picked":["Rampage","Anger"],"picked":"Clothesline","floor":14},{"not_picked":["Limit Break","Brutality"],"picked":"Offering","floor":16},{"not_picked":["Uppercut","Flex"],"picked":"Shrug It Off+1","floor":18},{"not_picked":["Combust","Clothesline"],"picked":"Power Through+1","floor":24},{"not_picked":["Cleave+1","Infernal Blade","Perfected Strike"],"picked":"SKIP","floor":25},{"not_picked":["Flex","Infernal Blade"],"picked":"Iron Wave+1","floor":28},{"not_picked":["Thunderclap+1","Rage"],"picked":"Wild Strike+1","floor":30},{"not_picked":["Clothesline+1","Feel No Pain"],"picked":"Blood for Blood+1","floor":31},{"not_picked":["Berserk","Offering"],"picked":"Juggernaut","floor":33},{"not_picked":["Warcry","Searing Blow+1"],"picked":"Body Slam+1","floor":35},{"not_picked":["Heavy Blade+1","Intimidate"],"picked":"Shrug It Off+1","floor":36},{"not_picked":["Forethought","Purity"],"picked":"PanicButton","floor":38},{"not_picked":["Metallicize","Immolate+1"],"picked":"Shrug It Off","floor":39},{"not_picked":["Rampage+1","Hemokinesis+1"],"picked":"Shrug It Off+1","floor":41},{"not_picked":["Ghostly Armor","Flame Barrier"],"picked":"Clothesline+1","floor":45},{"not_picked":["Sentinel","Flex"],"picked":"Pommel Strike+1","floor":48}],"player_experience":1812013,"relics_obtained":[{"floor":6,"key":"Oddly Smooth Stone"},{"floor":9,"key":"Red Skull"},{"floor":10,"key":"FossilizedHelix"},{"floor":26,"key":"Molten Egg 2"},{"floor":43,"key":"Vajra"},{"floor":47,"key":"Blood Vial"},{"floor":48,"key":"Ice Cream"}],"event_choices":[{"damage_healed":0,"gold_gain":175,"player_choice":"AGREE","damage_taken":0,"max_hp_gain":0,"max_hp_loss":0,"event_name":"Liars Game","floor":3,"gold_loss":0,"cards_obtained":["Doubt"]},{"cards_removed":["Strike_R"],"damage_healed":0,"gold_gain":0,"player_choice":"Card Removal","damage_taken":7,"max_hp_gain":0,"max_hp_loss":0,"event_name":"Golden Wing","floor":8,"gold_loss":0},{"damage_healed":0,"gold_gain":0,"player_choice":"Obtained Relic","damage_taken":0,"relics_obtained":["Torii"],"max_hp_gain":0,"max_hp_loss":0,"event_name":"Addict","floor":19,"gold_loss":85},{"cards_removed":["Strike_R"],"damage_healed":0,"gold_gain":0,"player_choice":"Elegance","damage_taken":0,"max_hp_gain":0,"max_hp_loss":0,"event_name":"Back to Basics","floor":20,"gold_loss":0},{"damage_healed":0,"gold_gain":0,"player_choice":"Inject Mutagens","damage_taken":0,"relics_obtained":["MutagenicStrength"],"max_hp_gain":0,"max_hp_loss":0,"event_name":"Drug Dealer","floor":21,"gold_loss":0},{"damage_healed":0,"gold_gain":0,"player_choice":"Shed Blood","damage_taken":20,"max_hp_gain":5,"max_hp_loss":0,"event_name":"Forgotten Altar","floor":22,"gold_loss":0},{"damage_healed":0,"gold_gain":0,"player_choice":"Ignored","damage_taken":0,"max_hp_gain":0,"max_hp_loss":0,"event_name":"Mysterious Sphere","floor":37,"gold_loss":0},{"damage_healed":0,"gold_gain":0,"player_choice":"Memory 1","damage_taken":0,"max_hp_gain":0,"max_hp_loss":0,"event_name":"SensoryStone","floor":38,"gold_loss":0},{"cards_removed":["Headbutt"],"damage_healed":0,"gold_gain":0,"player_choice":"Removed Attack","damage_taken":0,"max_hp_gain":0,"max_hp_loss":0,"event_name":"Falling","floor":44,"gold_loss":0}],"is_beta":false,"boss_relics":[{"not_picked":["Empty Cage","Snecko Eye"],"picked":"Astrolabe"},{"not_picked":["Runic Dome","Busted Crown"],"picked":"Mark of Pain"}],"items_purged_floors":[4,29],"is_endless":false,"potions_floor_spawned":[5,6,11,12,13,16,24,25,28,33,39,41,48],"ascension_level":1}