{"gold_per_floor":[110,126,76,76,88,121,121,141,141,141,169,169,198,217,217,315,315,327,0,12,12,39,72,72,101,127,138,150,150,162,193,193,295,295,309,320,320,373,405,449,476,515,580,621,633,664,696,206,206,206],"floor_reached":51,"playtime":4951,"items_purged":["Strike_R","Defend_R"],"score":949,"play_id":"d87a2290-1f14-42b1-8727-ba12aa7ac333","local_time":"20190721115410","is_ascension_mode":true,"campfire_choices":[{"data":"Perfected Strike","floor":7.0,"key":"SMITH"},{"data":"Perfected Strike","floor":10.0,"key":"SMITH"},{"data":"Flame Barrier","floor":12.0,"key":"SMITH"},{"data":"Battle Trance","floor":15.0,"key":"SMITH"},{"floor":24.0,"key":"REST"},{"floor":32.0,"key":"REST"},{"floor":49,"key":"REST"}],"neow_cost":"NONE","seed_source_timestamp":0,"circlet_count":0,"master_deck":["Strike_R","Strike_R","Strike_R+1","Strike_R","Defend_R","Defend_R","Bash","Carnage","Perfected Strike+1","Feel No Pain","Flame Barrier+1","Perfected Strike+1","Pommel Strike","Pommel Strike","Battle Trance+1","Demon Form","Clothesline","Twin Strike","Headbutt+1","Twin Strike+1","Armaments+1","Spot Weakness","Dual Wield","Warcry+1","Corruption+1","True Grit+1","Pommel Strike","Impervious","Armaments+1"],"special_seed":0,"relics":["Burning Blood","NeowsBlessing","Bag of Marbles","Bottled Flame","Odd Mushroom","Thread and Needle","Fusion Hammer","Matryoshka","Strawberry","Juzu Bracelet","Charon\u0027s Ashes","Darkstone Periapt","Lantern","Blood Vial","MutagenicStrength","Happy Flower","Philosopher\u0027s Stone","MawBank","Whetstone","Magic Flower","Omamori","Torii","WarpedTongs","Ancient Tea Set","Strange Spoon"],"potions_floor_usage":[42,50,50,50],"damage_taken":[{"damage":0.0,"enemies":"Small Slimes","floor":1.0,"turns":1.0},{"damage":0.0,"enemies":"Cultist","floor":2.0,"turns":1.0},{"damage":0.0,"enemies":"2 Louse","floor":5.0,"turns":1.0},{"damage":31.0,"enemies":"3 Sentries","floor":6.0,"turns":8.0},{"damage":6.0,"enemies":"Exordium Thugs","floor":8.0,"turns":3.0},{"damage":29.0,"enemies":"The Mushroom Lair","floor":11.0,"turns":4.0},{"damage":0.0,"enemies":"Gremlin Nob","floor":13.0,"turns":2.0},{"damage":0.0,"enemies":"3 Louse","floor":14.0,"turns":3.0},{"damage":4.0,"enemies":"Hexaghost","floor":16.0,"turns":6.0},{"damage":5.0,"enemies":"3 Byrds","floor":18.0,"turns":3.0},{"damage":0.0,"enemies":"Spheric Guardian","floor":20.0,"turns":2.0},{"damage":23.0,"enemies":"Book of Stabbing","floor":23.0,"turns":3.0},{"damage":17.0,"enemies":"Slavers","floor":25.0,"turns":4.0},{"damage":0.0,"enemies":"3 Cultists","floor":27.0,"turns":2.0},{"damage":0.0,"enemies":"Snecko","floor":28.0,"turns":1.0},{"damage":0.0,"enemies":"Sentry and Sphere","floor":30.0,"turns":2.0},{"damage":10.0,"enemies":"Book of Stabbing","floor":31.0,"turns":2.0},{"damage":65.0,"enemies":"Automaton","floor":33.0,"turns":7.0},{"damage":0.0,"enemies":"Orb Walker","floor":35.0,"turns":1.0},{"damage":0.0,"enemies":"3 Shapes","floor":36.0,"turns":2.0},{"damage":5.0,"enemies":"Transient","floor":39.0,"turns":5.0},{"damage":24.0,"enemies":"Giant Head","floor":40.0,"turns":6.0},{"damage":0.0,"enemies":"3 Darklings","floor":41.0,"turns":2.0},{"damage":10,"enemies":"Reptomancer","floor":42,"turns":4},{"damage":3,"enemies":"Giant Head","floor":44,"turns":6},{"damage":34,"enemies":"Writhing Mass","floor":46,"turns":3},{"damage":0,"enemies":"Jaw Worm Horde","floor":47,"turns":3},{"damage":78,"enemies":"Awakened One","floor":50,"turns":9}],"seed_played":"-2906331352161179957","potions_obtained":[{"floor":1.0,"key":"GamblersBrew"},{"floor":4.0,"key":"Swift Potion"},{"floor":4.0,"key":"Weak Potion"},{"floor":6.0,"key":"Dexterity Potion"},{"floor":8.0,"key":"PowerPotion"},{"floor":11.0,"key":"Poison Potion"},{"floor":13.0,"key":"AttackPotion"},{"floor":20.0,"key":"AttackPotion"},{"floor":23.0,"key":"EssenceOfSteel"},{"floor":30.0,"key":"Dexterity Potion"},{"floor":33.0,"key":"BloodPotion"},{"floor":39.0,"key":"SpeedPotion"},{"floor":41.0,"key":"Fire Potion"},{"floor":47,"key":"GamblersBrew"}],"is_trial":false,"path_per_floor":["M","M","?","?","M","E","R","M","T","R","?","R","E","M","R","B",null,"M","$","M","?","T","E","R","E","T","M","M","?","M","E","R","B",null,"M","M","?","T","M","E","M","E","T","E","?","M","M","$","R","B",null],"character_chosen":"IRONCLAD","items_purchased":["Matryoshka","Ancient Tea Set","Weak Potion","Strange Spoon"],"campfire_rested":3,"item_purchase_floors":[19,48,48,48],"current_hp_per_floor":[80,80,80,80,80,55,55,55,55,55,32,32,38,44,44,46,80,80,80,80,80,87,70,87,76,76,84,87,87,87,83,87,28,87,87,87,87,87,87,69,77,75,75,84,84,62,74,74,87,50],"gold":206,"neow_bonus":"THREE_ENEMY_KILL","is_prod":false,"is_daily":false,"chose_seed":false,"campfire_upgraded":4,"win_rate":0,"timestamp":1563735250,"path_taken":["M","M","?","?","?","E","R","M","T","R","?","R","E","M","R","BOSS","M","$","M","?","?","E","R","E","T","M","M","?","M","E","R","BOSS","M","M","?","?","M","E","M","E","T","E","?","M","M","$","R","BOSS"],"build_version":"2019-07-17","purchased_purges":2,"victory":true,"max_hp_per_floor":[80,80,80,80,80,80,80,80,80,80,80,80,80,80,80,80,80,80,80,80,80,87,87,87,87,87,87,87,87,87,87,87,87,87,87,87,87,87,87,87,87,87,87,87,87,87,87,87,87,87],"card_choices":[{"not_picked":["Heavy Blade","Shrug It Off"],"picked":"Carnage","floor":1.0},{"not_picked":["Sentinel","Heavy Blade"],"picked":"Perfected Strike","floor":2.0},{"not_picked":["Flex","Metallicize"],"picked":"Feel No Pain","floor":5.0},{"not_picked":["Wild Strike","Uppercut"],"picked":"Flame Barrier","floor":6.0},{"not_picked":["Iron Wave","Fire Breathing"],"picked":"Perfected Strike","floor":8.0},{"not_picked":["Disarm","Evolve"],"picked":"Pommel Strike","floor":11.0},{"not_picked":["Burning Pact","Exhume"],"picked":"Pommel Strike","floor":13.0},{"not_picked":["Inflame","Evolve"],"picked":"Battle Trance","floor":14.0},{"not_picked":["Fiend Fire","Brutality"],"picked":"Demon Form","floor":16.0},{"not_picked":["Heavy Blade","Wild Strike"],"picked":"Clothesline","floor":18.0},{"not_picked":["Dual Wield","True Grit"],"picked":"Twin Strike","floor":20.0},{"not_picked":["Armaments","Rupture"],"picked":"Headbutt+1","floor":23.0},{"not_picked":["Sentinel+1","Power Through"],"picked":"Corruption","floor":25.0},{"not_picked":["Pummel+1","Reckless Charge"],"picked":"Twin Strike","floor":27.0},{"not_picked":["Second Wind","Bloodletting+1"],"picked":"Armaments+1","floor":28.0},{"not_picked":["Cleave","True Grit"],"picked":"Spot Weakness","floor":30.0},{"not_picked":["Blood for Blood","Reckless Charge"],"picked":"Dual Wield","floor":31.0},{"not_picked":["Cleave+1","Whirlwind"],"picked":"Warcry+1","floor":35.0},{"not_picked":["Heavy Blade","Armaments"],"picked":"Corruption+1","floor":36.0},{"not_picked":["Blood for Blood","Iron Wave"],"picked":"True Grit+1","floor":39.0},{"not_picked":["Blood for Blood","Bloodletting+1","Wild Strike+1"],"picked":"SKIP","floor":40.0},{"not_picked":["Clash","Dark Embrace"],"picked":"Pommel Strike","floor":41.0},{"not_picked":["Iron Wave+1","Cleave+1"],"picked":"Impervious","floor":42},{"not_picked":["Feed","Havoc+1","Blood for Blood"],"picked":"SKIP","floor":44},{"not_picked":["Anger+1","Havoc","Intimidate"],"picked":"SKIP","floor":46},{"not_picked":["Anger+1","Havoc","Intimidate"],"picked":"SKIP","floor":46},{"not_picked":["Sever Soul","Cleave"],"picked":"Armaments+1","floor":47}],"player_experience":45543,"relics_obtained":[{"floor":6.0,"key":"Bag of Marbles"},{"floor":9.0,"key":"Bottled Flame"},{"floor":11.0,"key":"Odd Mushroom"},{"floor":13.0,"key":"Thread and Needle"},{"floor":22.0,"key":"Strawberry"},{"floor":22.0,"key":"Juzu Bracelet"},{"floor":23.0,"key":"Charon\u0027s Ashes"},{"floor":25.0,"key":"Darkstone Periapt"},{"floor":26.0,"key":"Lantern"},{"floor":26.0,"key":"Blood Vial"},{"floor":31.0,"key":"Happy Flower"},{"floor":38.0,"key":"MawBank"},{"floor":40.0,"key":"Whetstone"},{"floor":42,"key":"Magic Flower"},{"floor":43,"key":"Omamori"},{"floor":44,"key":"Torii"}],"event_choices":[{"cards_removed":["Defend_R"],"damage_healed":0.0,"max_hp_gain":0.0,"max_hp_loss":0.0,"gold_gain":0.0,"event_name":"The Cleric","player_choice":"Card Removal","floor":3.0,"gold_loss":50.0,"damage_taken":0.0},{"damage_healed":0.0,"max_hp_gain":0.0,"max_hp_loss":0.0,"gold_gain":0.0,"event_name":"Lab","player_choice":"Got Potions","floor":4.0,"gold_loss":0.0,"damage_taken":0.0},{"damage_healed":0.0,"max_hp_gain":0.0,"max_hp_loss":0.0,"gold_gain":0.0,"event_name":"Mushrooms","player_choice":"Fought Mushrooms","floor":11.0,"gold_loss":0.0,"damage_taken":0.0},{"damage_healed":0.0,"max_hp_gain":0.0,"max_hp_loss":0.0,"gold_gain":0.0,"event_name":"Vampires","player_choice":"Ignored","floor":21.0,"gold_loss":0.0,"damage_taken":0.0},{"damage_healed":0.0,"max_hp_gain":0.0,"max_hp_loss":0.0,"gold_gain":0.0,"event_name":"Drug Dealer","player_choice":"Inject Mutagens","floor":29.0,"gold_loss":0.0,"damage_taken":0.0,"relics_obtained":["MutagenicStrength"]},{"cards_removed":["Corruption"],"damage_healed":0.0,"max_hp_gain":0.0,"max_hp_loss":0.0,"gold_gain":0.0,"event_name":"Falling","player_choice":"Removed Power","floor":37.0,"gold_loss":0.0,"damage_taken":0.0},{"damage_healed":0,"gold_gain":0,"player_choice":"Rummage","damage_taken":0,"relics_obtained":["WarpedTongs"],"max_hp_gain":0,"max_hp_loss":0,"event_name":"Accursed Blacksmith","floor":45,"gold_loss":0,"cards_obtained":["Pain"]}],"is_beta":false,"boss_relics":[{"not_picked":["Runic Dome","Runic Cube"],"picked":"Fusion Hammer"},{"not_picked":["Velvet Choker","Mark of Pain"],"picked":"Philosopher\u0027s Stone"}],"items_purged_floors":[19,48],"is_endless":false,"potions_floor_spawned":[1,6,8,11,13,20,23,25,30,33,39,41,47],"ascension_level":3}