{"gold_per_floor":[109,119,119,119,135,135,148,24,48,60,60,135,135,145,145,248,248,267,267,267,180,197,210,230,230,230,245,255,275,21,40,40,140,140,152,165,183,183,83,83,93,93,93,93,113,113],"floor_reached":46,"playtime":3058,"items_purged":["Strike_R","Strike_R"],"score":493,"play_id":"2575583e-5264-4b9e-a258-79403d0a8ac8","local_time":"20190719184225","is_ascension_mode":false,"campfire_choices":[{"floor":6,"key":"REST"},{"floor":15,"key":"REST"},{"floor":25,"key":"REST"},{"floor":32,"key":"REST"},{"floor":40,"key":"RECALL"}],"neow_cost":"NONE","seed_source_timestamp":3804255694654,"circlet_count":0,"master_deck":["Strike_R","Strike_R","Defend_R","Defend_R","Defend_R","Defend_R","Bash+1","Battle Trance","Anger","Spot Weakness","Bludgeon","Armaments","Metallicize","Pommel Strike","Impervious","Entrench+1","J.A.X.","Metallicize","Body Slam","Metallicize+1","Metallicize","Heavy Blade","Offering","Body Slam+1","Shrug It Off+1","Corruption+1","Sentinel","Flame Barrier","Armaments+1","Double Tap","Spot Weakness","Heavy Blade+1","Shrug It Off","Power Through+1"],"relics":["Fusion Hammer"],"potions_floor_usage":[27,29,31,33],"damage_taken":[{"damage":2,"enemies":"2 Louse","floor":1,"turns":3},{"damage":1,"enemies":"Jaw Worm","floor":2,"turns":3},{"damage":0,"enemies":"Cultist","floor":5,"turns":2},{"damage":2,"enemies":"Blue Slaver","floor":7,"turns":3},{"damage":0,"enemies":"Large Slime","floor":10,"turns":4},{"damage":0,"enemies":"2 Fungi Beasts","floor":14,"turns":2},{"damage":24,"enemies":"Slime Boss","floor":16,"turns":9},{"damage":6,"enemies":"Shell Parasite","floor":18,"turns":4},{"damage":17,"enemies":"Spheric Guardian","floor":22,"turns":4},{"damage":27,"enemies":"Snake Plant","floor":23,"turns":4},{"damage":4,"enemies":"Snecko","floor":24,"turns":3},{"damage":19,"enemies":"Cultist and Chosen","floor":27,"turns":6},{"damage":29,"enemies":"Snake Plant","floor":28,"turns":6},{"damage":14,"enemies":"Centurion and Healer","floor":29,"turns":4},{"damage":16,"enemies":"Chosen and Byrds","floor":31,"turns":7},{"damage":33,"enemies":"Champ","floor":33,"turns":8},{"damage":10,"enemies":"3 Shapes","floor":35,"turns":10},{"damage":27,"enemies":"Orb Walker","floor":36,"turns":5},{"damage":18,"enemies":"3 Darklings","floor":37,"turns":7},{"damage":9,"enemies":"Sphere and 2 Shapes","floor":41,"turns":6},{"damage":99,"enemies":"Transient","floor":45,"turns":5},{"damage":14,"enemies":"3 Darklings","floor":46,"turns":1}],"seed_played":"-1827023742618054658","potions_obtained":[{"floor":1,"key":"FairyPotion"},{"floor":7,"key":"BloodPotion"},{"floor":10,"key":"FearPotion"},{"floor":31,"key":"PowerPotion"},{"floor":33,"key":"Energy Potion"},{"floor":36,"key":"Strength Potion"},{"floor":45,"key":"LiquidBronze"}],"is_trial":false,"path_per_floor":["M","M","?","?","M","R","M","$","T","M","$","?","?","M","R","B",null,"M","?","?","$","M","M","M","R","T","M","M","M","$","M","R","B",null,"M","M","M","?","$","R","M","?","T","?","M","M"],"character_chosen":"IRONCLAD","items_purchased":["Armaments","Metallicize","Body Slam","Corruption","Sentinel","Flame Barrier","BloodPotion"],"campfire_rested":4,"item_purchase_floors":[8,21,21,30,30,30,30],"current_hp_per_floor":[78,77,77,77,77,80,78,78,78,78,78,67,60,60,80,56,80,74,74,74,74,57,30,26,50,50,51,22,8,8,12,36,3,80,70,43,25,70,70,70,61,61,61,61,6,0],"gold":113,"neow_bonus":"BOSS_RELIC","is_prod":false,"is_daily":false,"chose_seed":false,"campfire_upgraded":0,"win_rate":0,"timestamp":1563550945,"path_taken":["M","M","?","?","M","R","?","$","T","M","$","?","?","M","R","BOSS","M","?","?","$","M","?","M","R","T","M","?","?","?","M","R","BOSS","M","M","M","?","$","R","M","?","T","?","M","?"],"build_version":"2019-07-17","purchased_purges":2,"victory":false,"max_hp_per_floor":[80,80,80,80,80,80,80,80,80,80,80,80,80,80,80,80,80,80,80,80,80,80,80,80,80,80,80,80,80,80,80,80,80,80,80,80,80,70,70,70,70,66,66,66,66,66],"card_choices":[{"not_picked":["Pommel Strike","Inflame"],"picked":"Battle Trance","floor":1},{"not_picked":["Body Slam","Sword Boomerang"],"picked":"Anger","floor":2},{"not_picked":["Pummel","Clothesline"],"picked":"Spot Weakness","floor":5},{"not_picked":["Pommel Strike","Anger"],"picked":"Bludgeon","floor":7},{"not_picked":["Clothesline","Thunderclap"],"picked":"Metallicize","floor":10},{"not_picked":["Perfected Strike","Blood for Blood"],"picked":"Pommel Strike","floor":14},{"not_picked":["Bludgeon","Brutality"],"picked":"Impervious","floor":16},{"not_picked":["Combust","Shrug It Off"],"picked":"Entrench","floor":18},{"not_picked":["Heavy Blade+1","Battle Trance"],"picked":"Metallicize+1","floor":22},{"not_picked":["Disarm","Anger"],"picked":"Metallicize","floor":23},{"not_picked":["Second Wind","Uppercut"],"picked":"Heavy Blade","floor":24},{"not_picked":["Cleave","Reckless Charge"],"picked":"Offering","floor":27},{"not_picked":["Sword Boomerang","Second Wind"],"picked":"Body Slam+1","floor":28},{"not_picked":["Spot Weakness","True Grit"],"picked":"Shrug It Off+1","floor":29},{"not_picked":["Berserk","Wild Strike"],"picked":"Armaments+1","floor":31},{"not_picked":["Bludgeon","Berserk"],"picked":"Double Tap","floor":33},{"not_picked":["Heavy Blade","Flex"],"picked":"Spot Weakness","floor":35},{"not_picked":["Burning Pact","Power Through"],"picked":"Heavy Blade+1","floor":36},{"not_picked":["Iron Wave+1","Warcry+1"],"picked":"Shrug It Off","floor":37},{"not_picked":["Pommel Strike+1","Iron Wave","Cleave"],"picked":"SKIP","floor":41},{"not_picked":["Infernal Blade","Fire Breathing+1"],"picked":"Power Through+1","floor":45}],"player_experience":801545,"relics_obtained":[],"event_choices":[{"damage_healed":0,"gold_gain":0,"player_choice":"Fled","damage_taken":0,"max_hp_gain":0,"max_hp_loss":0,"event_name":"Scrap Ooze","floor":3,"gold_loss":0},{"damage_healed":0,"gold_gain":0,"player_choice":"Upgraded","damage_taken":0,"max_hp_gain":0,"max_hp_loss":0,"event_name":"Upgrade Shrine","floor":4,"gold_loss":0,"cards_upgraded":["Bash"]},{"damage_healed":0,"gold_gain":75,"player_choice":"Gather Gold","damage_taken":11,"max_hp_gain":0,"max_hp_loss":0,"event_name":"World of Goop","floor":12,"gold_loss":0},{"cards_removed":["Strike_R"],"damage_healed":0,"gold_gain":0,"player_choice":"Card Removal","damage_taken":7,"max_hp_gain":0,"max_hp_loss":0,"event_name":"Golden Wing","floor":13,"gold_loss":0},{"damage_healed":0,"gold_gain":0,"player_choice":"Obtain J.A.X.","damage_taken":0,"max_hp_gain":0,"max_hp_loss":0,"event_name":"Drug Dealer","floor":19,"gold_loss":0,"cards_obtained":["J.A.X."]},{"damage_healed":0,"gold_gain":0,"player_choice":"Upgraded","damage_taken":0,"max_hp_gain":0,"max_hp_loss":0,"event_name":"Upgrade Shrine","floor":20,"gold_loss":0,"cards_upgraded":["Entrench"]},{"damage_healed":70,"gold_gain":0,"player_choice":"Heal","damage_taken":0,"max_hp_gain":0,"max_hp_loss":10,"event_name":"The Moai Head","floor":38,"gold_loss":0},{"damage_healed":0,"gold_gain":0,"player_choice":"Max HP","damage_taken":0,"max_hp_gain":0,"max_hp_loss":4,"event_name":"Winding Halls","floor":42,"gold_loss":0},{"damage_healed":0,"gold_gain":0,"player_choice":"Upgraded","damage_taken":0,"max_hp_gain":0,"max_hp_loss":0,"event_name":"Upgrade Shrine","floor":44,"gold_loss":0,"cards_upgraded":["Corruption"]}],"is_beta":false,"boss_relics":[{"not_picked":["Eternal Feather","Snecko Eye","Astrolabe"]},{"not_picked":["Busted Crown","Pandora\u0027s Box","Coffee Dripper"]}],"items_purged_floors":[8,39],"is_endless":false,"potions_floor_spawned":[1,7,10,22,23,31,33,36,45],"killed_by":"3 Darklings","ascension_level":0}