{"gold_per_floor":[18,18,37,47,59,59,93,93,93,110,110,123,149,161,161,235,235,251,251,251,274,274,304,304,322,322,337,337],"floor_reached":28,"playtime":2906,"items_purged":[],"score":555,"play_id":"2ff7875f-fd27-43a7-ad69-b8942c7094ca","local_time":"20190715013336","is_ascension_mode":true,"campfire_choices":[{"data":"Buffer","floor":6,"key":"SMITH"},{"data":"Capacitor","floor":8,"key":"SMITH"},{"data":"Coolheaded","floor":11,"key":"SMITH"},{"data":"Defragment","floor":15,"key":"SMITH"},{"data":"Amplify","floor":24,"key":"SMITH"}],"neow_cost":"NO_GOLD","seed_source_timestamp":76077820693436,"circlet_count":0,"master_deck":["AscendersBane","Strike_B","Strike_B","Strike_B","Strike_B","Defend_B","Defend_B","Defend_B","Defend_B","Zap","Dualcast","Doom and Gloom","Zap","Buffer+1","Beam Cell","Cold Snap","Capacitor+1","Rainbow","Coolheaded+1","Redo","Defragment+1","Coolheaded","Amplify+1","Self Repair","Writhe","Ghostly","Ghostly","Ghostly","Aggregate","Coolheaded+1","Consume"],"relics":["Cracked Core","Meat on the Bone","Bottled Tornado","Dodecahedron","Sozu","Mummified Hand","Unceasing Top","Girya"],"potions_floor_usage":[16],"damage_taken":[{"damage":1,"enemies":"Cultist","floor":1,"turns":3},{"damage":5,"enemies":"Small Slimes","floor":3,"turns":3},{"damage":7,"enemies":"Jaw Worm","floor":4,"turns":3},{"damage":1,"enemies":"2 Fungi Beasts","floor":5,"turns":3},{"damage":22,"enemies":"Gremlin Nob","floor":7,"turns":4},{"damage":7,"enemies":"Exordium Thugs","floor":10,"turns":3},{"damage":0,"enemies":"Exordium Wildlife","floor":12,"turns":3},{"damage":13,"enemies":"3 Sentries","floor":13,"turns":8},{"damage":0,"enemies":"Blue Slaver","floor":14,"turns":3},{"damage":0,"enemies":"Slime Boss","floor":16,"turns":7},{"damage":16,"enemies":"2 Thieves","floor":18,"turns":4},{"damage":12,"enemies":"Gremlin Leader","floor":23,"turns":7},{"damage":23,"enemies":"3 Byrds","floor":25,"turns":4},{"damage":3,"enemies":"Centurion and Healer","floor":27,"turns":13},{"damage":39,"enemies":"Book of Stabbing","floor":28,"turns":7}],"seed_played":"-6151871099165228109","potions_obtained":[{"floor":1,"key":"SkillPotion"},{"floor":7,"key":"EssenceOfSteel"},{"floor":10,"key":"Fire Potion"},{"floor":16,"key":"GamblersBrew"}],"is_trial":false,"path_per_floor":["M","?","M","M","M","R","E","R","T","M","R","M","E","M","R","B",null,"M","?","?","T","?","E","R","M","T","M","E"],"character_chosen":"DEFECT","items_purchased":[],"campfire_rested":0,"item_purchase_floors":[],"current_hp_per_floor":[77,77,72,65,64,64,42,42,42,47,47,47,46,46,46,46,75,59,59,42,42,32,39,39,35,35,39,0],"gold":337,"neow_bonus":"TWENTY_PERCENT_HP_BONUS","is_prod":false,"is_daily":false,"chose_seed":false,"campfire_upgraded":5,"win_rate":0,"timestamp":1563143616,"path_taken":["M","?","M","M","M","R","E","R","T","?","R","M","E","?","R","BOSS","M","?","?","?","?","E","R","M","T","M","E"],"build_version":"2019-07-05","purchased_purges":0,"victory":false,"max_hp_per_floor":[85,85,85,85,85,85,85,85,85,85,85,85,85,85,85,85,85,85,85,42,42,47,47,47,47,47,47,47],"card_choices":[{"not_picked":["Steam","Turbo"],"picked":"Doom and Gloom","floor":1},{"not_picked":["Sweeping Beam","Coolheaded"],"picked":"Beam Cell","floor":3},{"not_picked":["Doom and Gloom","Hello World"],"picked":"Cold Snap","floor":4},{"not_picked":["Hologram","Consume"],"picked":"Capacitor","floor":5},{"not_picked":["Hello World","Reprogram"],"picked":"Rainbow","floor":7},{"not_picked":["Sweeping Beam","Storm"],"picked":"Coolheaded","floor":10},{"not_picked":["Gash","Auto Shields"],"picked":"Redo","floor":12},{"not_picked":["Rebound","Redo"],"picked":"Defragment","floor":13},{"not_picked":["Turbo","Redo"],"picked":"Coolheaded","floor":14},{"not_picked":["Machine Learning","Thunder Strike"],"picked":"Amplify","floor":16},{"not_picked":["Rebound","Rip and Tear"],"picked":"Self Repair","floor":18},{"not_picked":["Sweeping Beam","Conserve Battery"],"picked":"Aggregate","floor":23},{"not_picked":["Cold Snap","Rebound"],"picked":"Coolheaded+1","floor":25},{"not_picked":["Leap","Genetic Algorithm"],"picked":"Consume","floor":27}],"player_experience":693149,"relics_obtained":[{"floor":7,"key":"Meat on the Bone"},{"floor":9,"key":"Bottled Tornado"},{"floor":13,"key":"Dodecahedron"},{"floor":23,"key":"Unceasing Top"},{"floor":26,"key":"Girya"}],"event_choices":[{"damage_healed":0,"gold_gain":0,"player_choice":"2 cards matched","damage_taken":0,"max_hp_gain":0,"max_hp_loss":0,"event_name":"Match and Keep!","floor":2,"gold_loss":0,"cards_obtained":["Zap","Buffer"]},{"damage_healed":0,"gold_gain":0,"player_choice":"Opened","damage_taken":0,"relics_obtained":["Mummified Hand"],"max_hp_gain":0,"max_hp_loss":0,"event_name":"The Mausoleum","floor":19,"gold_loss":0,"cards_obtained":["Writhe"]},{"damage_healed":0,"gold_gain":0,"player_choice":"Became a Ghost","damage_taken":0,"max_hp_gain":0,"max_hp_loss":43,"event_name":"Ghosts","floor":20,"gold_loss":0,"cards_obtained":["Ghostly","Ghostly","Ghostly"]},{"damage_healed":0,"gold_gain":0,"player_choice":"Shed Blood","damage_taken":15,"max_hp_gain":5,"max_hp_loss":0,"event_name":"Forgotten Altar","floor":22,"gold_loss":0}],"is_beta":false,"boss_relics":[{"not_picked":["Black Star","Pandora\u0027s Box"],"picked":"Sozu"}],"items_purged_floors":[],"is_endless":false,"potions_floor_spawned":[1,7,10,16,18],"killed_by":"Book of Stabbing","ascension_level":17}