{"gold_per_floor":[359,375,386,386,2,36,46,64,64,339,355,505,505,505,505,577,577,577,547,547,83,83,83,83,83,83,83,83],"floor_reached":28,"playtime":888,"items_purged":["Strike_R","Regret"],"score":440,"play_id":"dbcc9abd-4f0c-48cd-a495-a0923b0cb71d","local_time":"20190701115047","is_ascension_mode":true,"campfire_choices":[{"floor":13,"key":"REST"},{"floor":15,"key":"REST"},{"data":"Uppercut","floor":23,"key":"SMITH"}],"neow_cost":"PERCENT_DAMAGE","seed_source_timestamp":260448703324700,"circlet_count":0,"master_deck":["AscendersBane","Strike_R","Strike_R","Strike_R","Strike_R","Defend_R","Defend_R","Defend_R","Defend_R","Bash","Iron Wave","Clothesline","Inflame","Uppercut+1","Shrug It Off","Sentinel","Heavy Blade","True Grit","Immolate","Evolve","Sentinel","Doubt","Reaper","Pummel","Second Wind","Feel No Pain","Flex+1","Havoc"],"relics":["Burning Blood","Red Skull","Dodecahedron","WingedGreaves","Ectoplasm","Mummified Hand","Lantern"],"potions_floor_usage":[6,7,7,16,16,18,20,27],"damage_taken":[{"damage":12,"enemies":"Cultist","floor":1,"turns":4},{"damage":10,"enemies":"2 Louse","floor":2,"turns":3},{"damage":0,"enemies":"Small Slimes","floor":3,"turns":3},{"damage":35,"enemies":"3 Sentries","floor":6,"turns":12},{"damage":2,"enemies":"3 Louse","floor":7,"turns":4},{"damage":3,"enemies":"Looter","floor":8,"turns":3},{"damage":14,"enemies":"Large Slime","floor":11,"turns":3},{"damage":23,"enemies":"Slime Boss","floor":16,"turns":10},{"damage":50,"enemies":"3 Byrds","floor":18,"turns":6},{"damage":12,"enemies":"Chosen","floor":20,"turns":4},{"damage":20,"enemies":"Centurion and Healer","floor":22,"turns":6},{"damage":26,"enemies":"Snecko","floor":27,"turns":4},{"damage":21,"enemies":"Shelled Parasite and Fungi","floor":28,"turns":1}],"seed_played":"8045598782366093374","potions_obtained":[{"floor":6,"key":"EntropicBrew"},{"floor":8,"key":"PowerPotion"},{"floor":16,"key":"EssenceOfSteel"},{"floor":19,"key":"Ancient Potion"},{"floor":19,"key":"SpeedPotion"},{"floor":22,"key":"Ancient Potion"}],"is_trial":false,"path_per_floor":["M","M","M","?","$","E","M","M","T","?","M","?","R","T","R","B",null,"M","?","M","$","M","R","?","$","T","M","M"],"character_chosen":"IRONCLAD","items_purchased":["Uppercut","Shrug It Off","Sentinel","Block Potion","Heavy Blade","Mummified Hand","Feel No Pain"],"campfire_rested":2,"item_purchase_floors":[5,5,5,5,5,21,21],"current_hp_per_floor":[44,40,46,46,46,17,21,24,24,24,16,16,38,38,60,43,67,32,32,35,35,39,39,39,39,39,19,0],"gold":83,"neow_bonus":"TWO_FIFTY_GOLD","is_prod":false,"is_daily":false,"chose_seed":false,"campfire_upgraded":1,"win_rate":0,"timestamp":1561996247,"path_taken":["M","?","?","?","$","E","M","?","T","?","?","?","R","?","R","BOSS","M","?","M","$","?","R","?","$","T","M","M"],"build_version":"2019-01-23","purchased_purges":2,"victory":false,"max_hp_per_floor":[75,75,75,75,75,75,75,75,75,75,75,75,75,75,75,75,75,75,75,75,75,75,75,75,75,75,75,75],"card_choices":[{"not_picked":["Anger","Perfected Strike"],"picked":"Iron Wave","floor":1},{"not_picked":["Headbutt","Anger"],"picked":"Clothesline","floor":2},{"not_picked":["True Grit","Body Slam"],"picked":"Inflame","floor":3},{"not_picked":["Rampage","Body Slam"],"picked":"True Grit","floor":6},{"not_picked":["Feel No Pain","True Grit"],"picked":"Immolate","floor":7},{"not_picked":["Clothesline","Perfected Strike"],"picked":"Evolve","floor":8},{"not_picked":["Heavy Blade","Anger"],"picked":"Sentinel","floor":11},{"not_picked":["Dark Embrace","Fiend Fire"],"picked":"Reaper","floor":16},{"not_picked":["Rage","Rampage"],"picked":"Pummel","floor":18},{"not_picked":["Twin Strike","Thunderclap"],"picked":"Second Wind","floor":20},{"not_picked":["Pummel","True Grit"],"picked":"Flex+1","floor":22},{"not_picked":["Anger+1","Pommel Strike"],"picked":"Havoc","floor":27}],"player_experience":1611932,"relics_obtained":[{"floor":6,"key":"Red Skull"},{"floor":9,"key":"Dodecahedron"},{"floor":14,"key":"WingedGreaves"},{"floor":26,"key":"Lantern"}],"event_choices":[{"damage_healed":0,"gold_gain":0,"player_choice":"0 cards matched","damage_taken":0,"max_hp_gain":0,"max_hp_loss":0,"event_name":"Match and Keep!","floor":4,"gold_loss":0,"cards_obtained":[]},{"damage_healed":0,"gold_gain":275,"player_choice":"Desecrate","damage_taken":0,"max_hp_gain":0,"max_hp_loss":0,"event_name":"Golden Shrine","floor":10,"gold_loss":0,"cards_obtained":["Regret"]},{"damage_healed":0,"gold_gain":150,"player_choice":"AGREE","damage_taken":0,"max_hp_gain":0,"max_hp_loss":0,"event_name":"Liars Game","floor":12,"gold_loss":0,"cards_obtained":["Doubt"]},{"damage_healed":0,"gold_gain":0,"player_choice":"Bought 2 Potions","damage_taken":0,"max_hp_gain":0,"max_hp_loss":0,"event_name":"The Woman in Blue","floor":19,"gold_loss":0},{"damage_healed":0,"gold_gain":0,"player_choice":"Ignored","damage_taken":0,"max_hp_gain":0,"max_hp_loss":0,"event_name":"Ghosts","floor":24,"gold_loss":0}],"is_beta":false,"boss_relics":[{"not_picked":["Runic Cube","Runic Dome"],"picked":"Ectoplasm"}],"items_purged_floors":[5,21],"is_endless":false,"potions_floor_spawned":[6,8,11,16,22],"killed_by":"Shelled Parasite and Fungi","ascension_level":20}