{"gold_per_floor":[15,28,40,56,56,82,82,102,150,69,6,6],"floor_reached":12,"playtime":420,"items_purged":[],"score":160,"play_id":"86d477e6-1be7-42b9-966d-9d270d1acc05","local_time":"20190701152314","is_ascension_mode":true,"campfire_choices":[{"floor":7,"key":"REST"}],"neow_cost":"NO_GOLD","seed_source_timestamp":273663962285500,"circlet_count":0,"master_deck":["AscendersBane","Strike_R","Strike_R","Defend_R","Defend_R","Defend_R","Defend_R","Bash","Brutality","Combust","Havoc","Armaments","Havoc","True Grit","Ghostly Armor","Uppercut"],"relics":["Burning Blood","Juzu Bracelet","Lantern","Frozen Egg 2"],"potions_floor_usage":[4,6,12,12],"damage_taken":[{"damage":12,"enemies":"Jaw Worm","floor":1,"turns":4},{"damage":9,"enemies":"Cultist","floor":2,"turns":4},{"damage":3,"enemies":"2 Louse","floor":3,"turns":3},{"damage":13,"enemies":"Large Slime","floor":4,"turns":7},{"damage":45,"enemies":"Lagavulin","floor":6,"turns":9},{"damage":15,"enemies":"Red Slaver","floor":8,"turns":6},{"damage":23,"enemies":"Gremlin Nob","floor":12,"turns":3}],"seed_played":"-2503422877574296326","potions_obtained":[{"floor":2,"key":"PowerPotion"},{"floor":3,"key":"SpeedPotion"},{"floor":8,"key":"Fire Potion"}],"is_trial":false,"path_per_floor":["M","M","M","M","?","E","R","M","T","$","?","E"],"character_chosen":"IRONCLAD","items_purchased":["EssenceOfSteel"],"campfire_rested":1,"item_purchase_floors":[10],"current_hp_per_floor":[62,59,62,55,48,9,31,22,22,22,22,0],"gold":6,"neow_bonus":"TRANSFORM_TWO_CARDS","is_prod":false,"is_daily":false,"chose_seed":false,"campfire_upgraded":0,"win_rate":0,"timestamp":1562008994,"path_taken":["M","M","M","M","?","E","R","M","T","$","?","E"],"build_version":"2019-01-23","purchased_purges":0,"victory":false,"max_hp_per_floor":[75,75,75,75,75,75,75,75,75,75,75,75],"card_choices":[{"not_picked":["Thunderclap","Sword Boomerang"],"picked":"Havoc","floor":1},{"not_picked":["Anger","Cleave"],"picked":"Armaments","floor":2},{"not_picked":["Iron Wave","Hemokinesis"],"picked":"Havoc","floor":3},{"not_picked":["Rupture","Thunderclap"],"picked":"True Grit","floor":4},{"not_picked":["Fire Breathing","Havoc"],"picked":"Ghostly Armor","floor":6},{"not_picked":["Berserk","Searing Blow"],"picked":"Uppercut","floor":8}],"player_experience":1623647,"relics_obtained":[{"floor":6,"key":"Juzu Bracelet"},{"floor":9,"key":"Lantern"}],"event_choices":[{"cards_removed":["Strike_R"],"damage_healed":0,"gold_gain":0,"player_choice":"Card Removal","damage_taken":7,"max_hp_gain":0,"max_hp_loss":0,"event_name":"Golden Wing","floor":5,"gold_loss":0},{"damage_healed":0,"gold_gain":0,"player_choice":"Paid Gold","damage_taken":0,"relics_obtained":["Frozen Egg 2"],"max_hp_gain":0,"max_hp_loss":0,"event_name":"WeMeetAgain","floor":11,"gold_loss":63}],"is_beta":false,"boss_relics":[],"items_purged_floors":[],"is_endless":false,"potions_floor_spawned":[2,3,8],"killed_by":"Gremlin Nob","ascension_level":20}