{"gold_per_floor":[118,43,60,80,99,99,46,76,145,145,160,160,174,192,192,269,269,288,303,58,58,158,158,185,185,210,227,227,239,264,290,302,314],"floor_reached":33,"playtime":3323,"items_purged":["Strike_R"],"score":564,"play_id":"d59578f9-6081-4348-8a30-88245e05eac2","local_time":"20190628105443","is_ascension_mode":true,"campfire_choices":[{"data":"Bash","floor":6.0,"key":"SMITH"},{"data":"1","floor":10.0,"key":"LIFT"},{"data":"2","floor":12.0,"key":"LIFT"},{"data":"3","floor":15.0,"key":"LIFT"},{"data":"Pommel Strike","floor":23.0,"key":"SMITH"},{"floor":28.0,"key":"REST"},{"floor":32,"key":"REST"}],"neow_cost":"NONE","seed_source_timestamp":1318294643272764,"circlet_count":0,"master_deck":["AscendersBane","Strike_R","Strike_R","Strike_R","Strike_R","Defend_R","Defend_R","Defend_R","Defend_R","Bash+1","Headbutt","Anger","Shrug It Off","Anger","Battle Trance","Rampage","Pommel Strike+1","Double Tap","Battle Trance","Inflame","True Grit","Demon Form","Flame Barrier","Headbutt+1","Corruption","Bloodletting","True Grit","Seeing Red","Pain","Dark Embrace","Flame Barrier","Sword Boomerang","Flame Barrier"],"special_seed":0,"relics":["Burning Blood","NeowsBlessing","Girya","Blue Candle","Mark of Pain","MutagenicStrength","Gambling Chip","Bottled Flame","PreservedInsect","WarpedTongs","Ancient Tea Set","MawBank"],"potions_floor_usage":[31],"damage_taken":[{"damage":0.0,"enemies":"Cultist","floor":1.0,"turns":1.0},{"damage":0.0,"enemies":"Jaw Worm","floor":3.0,"turns":1.0},{"damage":0.0,"enemies":"Small Slimes","floor":4.0,"turns":1.0},{"damage":16.0,"enemies":"3 Louse","floor":5.0,"turns":4.0},{"damage":3.0,"enemies":"Gremlin Nob","floor":8.0,"turns":3.0},{"damage":10.0,"enemies":"Gremlin Gang","floor":11.0,"turns":4.0},{"damage":3.0,"enemies":"Lots of Slimes","floor":13.0,"turns":4.0},{"damage":13.0,"enemies":"Exordium Thugs","floor":14.0,"turns":3.0},{"damage":19.0,"enemies":"The Guardian","floor":16.0,"turns":7.0},{"damage":19.0,"enemies":"2 Thieves","floor":18.0,"turns":4.0},{"damage":14.0,"enemies":"Shell Parasite","floor":19.0,"turns":2.0},{"damage":9.0,"enemies":"Colosseum Slavers","floor":22.0,"turns":3.0},{"damage":10.0,"enemies":"Colosseum Nobs","floor":22.0,"turns":3.0},{"damage":8.0,"enemies":"Gremlin Leader","floor":24.0,"turns":7.0},{"damage":18.0,"enemies":"Snecko","floor":27.0,"turns":3.0},{"damage":0.0,"enemies":"Centurion and Healer","floor":29.0,"turns":2.0},{"damage":29.0,"enemies":"Slavers","floor":30.0,"turns":5.0},{"damage":24,"enemies":"Snake Plant","floor":31,"turns":4},{"damage":52,"enemies":"Automaton","floor":33,"turns":6}],"seed_played":"-2550778372653417889","potions_obtained":[{"floor":3.0,"key":"Block Potion"},{"floor":5.0,"key":"AttackPotion"},{"floor":13.0,"key":"Dexterity Potion"},{"floor":16.0,"key":"Swift Potion"},{"floor":24.0,"key":"Dexterity Potion"},{"floor":27.0,"key":"GamblersBrew"},{"floor":30.0,"key":"Explosive Potion"}],"is_trial":false,"path_per_floor":["M","$","M","M","M","R","$","E","T","R","M","R","M","M","R","B",null,"M","M","$","?","?","R","E","?","T","M","R","M","E","M","R","B"],"character_chosen":"IRONCLAD","items_purchased":["Anger","Shrug It Off","Pommel Strike","Corruption","Bloodletting"],"campfire_rested":2,"item_purchase_floors":[2,2,7,20,20],"current_hp_per_floor":[74,74,75,75,65,65,65,68,68,68,64,64,67,60,60,47,68,55,47,47,47,40,40,38,38,38,26,48,54,31,13,35,0],"gold":314,"neow_bonus":"THREE_ENEMY_KILL","is_prod":false,"is_daily":false,"chose_seed":false,"campfire_upgraded":2,"win_rate":0,"timestamp":1561708483,"path_taken":["M","$","?","?","M","R","?","E","T","R","M","R","M","M","R","BOSS","M","M","$","?","?","R","E","?","T","M","R","M","E","M","R","BOSS"],"build_version":"2019-01-23","purchased_purges":1,"victory":false,"max_hp_per_floor":[75,75,75,75,75,75,75,75,75,75,75,75,75,75,75,75,75,75,75,75,75,75,75,75,75,75,75,75,75,75,75,75,75],"card_choices":[{"not_picked":["Heavy Blade","Armaments"],"picked":"Headbutt","floor":1.0},{"not_picked":["Whirlwind","Reckless Charge"],"picked":"Anger","floor":3.0},{"not_picked":["Second Wind","Intimidate"],"picked":"Battle Trance","floor":4.0},{"not_picked":["Armaments","Heavy Blade"],"picked":"Rampage","floor":5.0},{"not_picked":["True Grit","Twin Strike"],"picked":"Double Tap","floor":8.0},{"not_picked":["Twin Strike","Anger"],"picked":"Battle Trance","floor":11.0},{"not_picked":["Perfected Strike","Fire Breathing"],"picked":"Inflame","floor":13.0},{"not_picked":["Carnage","Clash"],"picked":"True Grit","floor":14.0},{"not_picked":["Impervious","Immolate"],"picked":"Demon Form","floor":16.0},{"not_picked":["Wild Strike","Infernal Blade"],"picked":"Flame Barrier","floor":18.0},{"not_picked":["Heavy Blade","Disarm"],"picked":"Headbutt+1","floor":19.0},{"not_picked":["Clothesline","Cleave"],"picked":"True Grit","floor":22.0},{"not_picked":["Clash","Flex+1"],"picked":"Seeing Red","floor":24.0},{"not_picked":["Battle Trance+1","Shrug It Off"],"picked":"Dark Embrace","floor":27.0},{"not_picked":["Shrug It Off","Sword Boomerang"],"picked":"Flame Barrier","floor":29.0},{"not_picked":["Feed","Sever Soul"],"picked":"Sword Boomerang","floor":30.0},{"not_picked":["True Grit","Havoc+1"],"picked":"Flame Barrier","floor":31}],"player_experience":622665,"relics_obtained":[{"floor":8.0,"key":"Girya"},{"floor":9.0,"key":"Blue Candle"},{"floor":22.0,"key":"Gambling Chip"},{"floor":22.0,"key":"Bottled Flame"},{"floor":24.0,"key":"PreservedInsect"},{"floor":26.0,"key":"Ancient Tea Set"},{"floor":30.0,"key":"MawBank"}],"event_choices":[{"damage_healed":0.0,"max_hp_gain":0.0,"max_hp_loss":0.0,"gold_gain":0.0,"event_name":"Drug Dealer","player_choice":"Inject Mutagens","floor":21.0,"gold_loss":0.0,"damage_taken":0.0,"relics_obtained":["MutagenicStrength"]},{"damage_healed":0.0,"max_hp_gain":0.0,"max_hp_loss":0.0,"gold_gain":0.0,"event_name":"Colosseum","player_choice":"Fight","floor":22.0,"gold_loss":0.0,"damage_taken":0.0},{"damage_healed":0.0,"max_hp_gain":0.0,"max_hp_loss":0.0,"gold_gain":0.0,"event_name":"Colosseum","player_choice":"Fought Nobs","floor":22.0,"gold_loss":0.0,"damage_taken":0.0},{"damage_healed":0.0,"max_hp_gain":0.0,"max_hp_loss":0.0,"gold_gain":0.0,"event_name":"Accursed Blacksmith","player_choice":"Rummage","floor":25.0,"gold_loss":0.0,"damage_taken":0.0,"relics_obtained":["WarpedTongs"],"cards_obtained":["Pain"]}],"is_beta":false,"boss_relics":[{"not_picked":["Ectoplasm","Astrolabe"],"picked":"Mark of Pain"}],"items_purged_floors":[20],"is_endless":false,"potions_floor_spawned":[3,5,13,14,16,18,19,24,27,30],"killed_by":"Automaton","ascension_level":19}