{"gold_per_floor":[111,286,286,301,49,76,134,134,134,146,146,169,181,204,216,331,343,373,85,10,10,10,10,42,42,68,80,110,122,135,135,135,135],"floor_reached":33,"playtime":1752,"items_purged":["Doubt","Defend_B"],"score":306,"play_id":"5e20ed7f-723d-4de3-8d72-c40eae9190cc","local_time":"20190724212809","is_ascension_mode":false,"campfire_choices":[{"data":"Defragment","floor":8,"key":"SMITH"},{"data":"Coolheaded","floor":11,"key":"SMITH"},{"data":"Conserve Battery","floor":13,"key":"SMITH"},{"data":"Ball Lightning","floor":15,"key":"SMITH"},{"data":"Glacier","floor":23,"key":"SMITH"},{"data":"Glacier","floor":25,"key":"SMITH"},{"data":"Echo Form","floor":32,"key":"SMITH"}],"neow_cost":"NONE","seed_source_timestamp":3018578685836800,"circlet_count":0,"master_deck":["Strike_B","Strike_B","Strike_B","Defend_B","Defend_B","Defend_B","Zap","Dualcast","Stack","Force Field","Gash","Leap","Conserve Battery+1","Sweeping Beam","Defragment+1","Ball Lightning+1","Coolheaded+1","Hologram","Echo Form+1","Steam","Glacier+1","Cold Snap+1","Glacier+1","Cold Snap+1","Rainbow","Cold Snap+1","All For One+1"],"relics":["Cracked Core","NeowsBlessing","Ancient Tea Set","Bag of Preparation","Orichalcum","Molten Egg 2","MawBank","Runic Pyramid","PreservedInsect","Strawberry","Juzu Bracelet"],"potions_floor_usage":[7,16,16,24,24,28,29],"damage_taken":[{"damage":0,"enemies":"2 Louse","floor":1,"turns":1},{"damage":0,"enemies":"Jaw Worm","floor":4,"turns":1},{"damage":0,"enemies":"Lagavulin","floor":6,"turns":1},{"damage":15,"enemies":"Gremlin Nob","floor":7,"turns":4},{"damage":0,"enemies":"Small Slimes","floor":10,"turns":2},{"damage":0,"enemies":"2 Fungi Beasts","floor":14,"turns":2},{"damage":37,"enemies":"Slime Boss","floor":16,"turns":13},{"damage":18,"enemies":"2 Thieves","floor":18,"turns":4},{"damage":17,"enemies":"Book of Stabbing","floor":24,"turns":7},{"damage":0,"enemies":"Spheric Guardian","floor":27,"turns":4},{"damage":8,"enemies":"Slavers","floor":28,"turns":8},{"damage":11,"enemies":"Centurion and Healer","floor":29,"turns":8},{"damage":3,"enemies":"Snecko","floor":30,"turns":4},{"damage":54,"enemies":"Collector","floor":33,"turns":6}],"seed_played":"-2103516132071189310","potions_obtained":[{"floor":4,"key":"Strength Potion"},{"floor":7,"key":"EssenceOfSteel"},{"floor":10,"key":"SpeedPotion"},{"floor":18,"key":"Poison Potion"},{"floor":24,"key":"Weak Potion"},{"floor":28,"key":"SkillPotion"}],"is_trial":false,"path_per_floor":["M","?","?","M","$","E","?","R","T","M","R","T","R","M","R","B",null,"M","$","?","?","$","R","E","R","T","M","E","M","M","?","R","B"],"character_chosen":"DEFECT","items_purchased":["Gash","Leap","Conserve Battery","Sweeping Beam","Glacier","Cold Snap+1","Regen Potion"],"campfire_rested":0,"item_purchase_floors":[5,5,5,5,19,19,19],"current_hp_per_floor":[75,75,63,63,63,63,48,48,48,48,48,48,48,48,48,11,75,57,57,57,57,57,57,55,55,62,62,54,43,40,40,40,0],"gold":135,"neow_bonus":"THREE_ENEMY_KILL","is_prod":false,"is_daily":false,"chose_seed":false,"campfire_upgraded":7,"win_rate":0,"timestamp":1564028889,"path_taken":["M","?","?","M","?","E","?","R","T","M","R","?","R","M","R","BOSS","M","$","?","?","?","R","E","R","T","M","E","M","M","?","R","BOSS"],"build_version":"2019-07-17","purchased_purges":2,"victory":false,"max_hp_per_floor":[75,75,75,75,75,75,75,75,75,75,75,75,75,75,75,75,75,75,75,75,75,75,75,75,75,82,82,82,82,82,82,82,82],"card_choices":[{"not_picked":["Beam Cell","Streamline"],"picked":"Stack","floor":1},{"not_picked":["Tempest","Double Energy"],"picked":"Force Field","floor":4},{"not_picked":["Auto Shields","Chill"],"picked":"Defragment","floor":6},{"not_picked":["Beam Cell","Redo"],"picked":"Ball Lightning","floor":7},{"not_picked":["Steam Power","Redo"],"picked":"Coolheaded","floor":10},{"not_picked":["Reprogram","Blizzard+1"],"picked":"Hologram","floor":14},{"not_picked":["Thunder Strike+1","Core Surge+1"],"picked":"Echo Form","floor":16},{"not_picked":["Skim","Hologram"],"picked":"Steam","floor":18},{"not_picked":["Stack","Redo+1"],"picked":"Glacier","floor":24},{"not_picked":["Conserve Battery","Rip and Tear+1"],"picked":"Cold Snap+1","floor":27},{"not_picked":["Conserve Battery","Doom and Gloom+1"],"picked":"Rainbow","floor":28},{"not_picked":["Steam","Rebound+1","Beam Cell+1"],"picked":"SKIP","floor":29},{"not_picked":["Streamline+1","Turbo+1"],"picked":"Cold Snap+1","floor":30}],"player_experience":74151,"relics_obtained":[{"floor":6,"key":"Bag of Preparation"},{"floor":9,"key":"Molten Egg 2"},{"floor":12,"key":"MawBank"},{"floor":24,"key":"PreservedInsect"},{"floor":26,"key":"Strawberry"},{"floor":28,"key":"Juzu Bracelet"}],"event_choices":[{"damage_healed":0,"gold_gain":175,"player_choice":"AGREE","damage_taken":0,"max_hp_gain":0,"max_hp_loss":0,"event_name":"Liars Game","floor":2,"gold_loss":0,"cards_obtained":["Doubt"]},{"damage_healed":0,"gold_gain":0,"player_choice":"Success","damage_taken":12,"relics_obtained":["Ancient Tea Set"],"max_hp_gain":0,"max_hp_loss":0,"event_name":"Scrap Ooze","floor":3,"gold_loss":0},{"damage_healed":0,"gold_gain":0,"player_choice":"Searched \u00272\u0027 times","damage_taken":0,"relics_obtained":["Orichalcum"],"max_hp_gain":0,"max_hp_loss":0,"event_name":"Dead Adventurer","floor":7,"gold_loss":0},{"cards_removed":["Strike_B"],"damage_healed":0,"gold_gain":0,"player_choice":"Gave Gold","damage_taken":0,"max_hp_gain":0,"max_hp_loss":0,"event_name":"Beggar","floor":20,"gold_loss":75},{"damage_healed":0,"gold_gain":0,"player_choice":"Ignored","damage_taken":0,"max_hp_gain":0,"max_hp_loss":0,"event_name":"Ghosts","floor":21,"gold_loss":0},{"damage_healed":0,"gold_gain":0,"player_choice":"Read","damage_taken":0,"max_hp_gain":0,"max_hp_loss":0,"event_name":"The Library","floor":31,"gold_loss":0,"cards_obtained":["All For One"]}],"is_beta":false,"boss_relics":[{"not_picked":["Runic Dome","Inserter"],"picked":"Runic Pyramid"}],"items_purged_floors":[5,19],"is_endless":false,"potions_floor_spawned":[4,7,10,18,24,28],"killed_by":"Collector","ascension_level":0}