{"gold_per_floor":[110,110,122,141,18,50,50,50,50,77,77,2,2],"floor_reached":13,"playtime":1058,"items_purged":["Strike_G"],"score":182,"play_id":"f058620b-71ab-4cfd-aa18-eb9820dd475b","local_time":"20190718165800","is_ascension_mode":true,"campfire_choices":[{"data":"Noxious Fumes","floor":7,"key":"SMITH"},{"floor":11,"key":"REST"}],"neow_cost":"NONE","seed_source_timestamp":392519879407897,"circlet_count":0,"master_deck":["AscendersBane","Strike_G","Strike_G","Strike_G","Defend_G","Defend_G","Defend_G","Defend_G","Defend_G","Survivor","Neutralize","Flying Knee","Poisoned Stab","Poisoned Stab","Noxious Fumes+1","Bouncing Flask","Venomology","Skewer"],"special_seed":0,"relics":["Ring of the Snake","Ancient Tea Set","Unceasing Top","Incense Burner","Darkstone Periapt"],"potions_floor_usage":[10,10],"damage_taken":[{"damage":3,"enemies":"Cultist","floor":1,"turns":4},{"damage":4,"enemies":"Small Slimes","floor":3,"turns":4},{"damage":0,"enemies":"2 Louse","floor":4,"turns":4},{"damage":23,"enemies":"Lagavulin","floor":6,"turns":7},{"damage":24,"enemies":"Gremlin Nob","floor":10,"turns":4},{"damage":30,"enemies":"Lagavulin","floor":13,"turns":4}],"seed_played":"-586454947154205088","potions_obtained":[{"floor":1,"key":"Fire Potion"}],"is_trial":false,"path_per_floor":["M","$","M","M","$","E","R","?","T","E","R","$","E"],"character_chosen":"THE_SILENT","items_purchased":["Noxious Fumes","Bouncing Flask"],"campfire_rested":1,"item_purchase_floors":[5,5],"current_hp_per_floor":[56,56,52,52,52,29,29,29,29,5,24,24,0],"gold":2,"neow_bonus":"RANDOM_COMMON_RELIC","is_prod":false,"is_daily":false,"chose_seed":false,"campfire_upgraded":1,"win_rate":0,"timestamp":1563458280,"path_taken":["M","?","M","M","$","E","R","?","T","E","R","$","E"],"build_version":"2019-07-17","purchased_purges":1,"victory":false,"max_hp_per_floor":[66,66,66,66,66,66,66,66,66,66,66,66,66],"card_choices":[{"not_picked":["Escape Plan","Dodge and Roll"],"picked":"Flying Knee","floor":1},{"not_picked":["Acrobatics","Sucker Punch"],"picked":"Poisoned Stab","floor":3},{"not_picked":["Reflex","Backflip"],"picked":"Poisoned Stab","floor":4},{"not_picked":["Envenom","Backflip"],"picked":"Venomology","floor":6},{"not_picked":["Expertise","Envenom"],"picked":"Skewer","floor":10}],"player_experience":773054,"relics_obtained":[{"floor":6,"key":"Unceasing Top"},{"floor":9,"key":"Incense Burner"},{"floor":10,"key":"Darkstone Periapt"}],"event_choices":[{"cards_removed":["Strike_G"],"damage_healed":0,"gold_gain":0,"player_choice":"Forget","damage_taken":0,"max_hp_gain":0,"max_hp_loss":0,"event_name":"Living Wall","floor":8,"gold_loss":0}],"is_beta":false,"boss_relics":[],"items_purged_floors":[12],"is_endless":false,"potions_floor_spawned":[1],"killed_by":"Lagavulin","ascension_level":20}