{"gold_per_floor":[209,221,221,21,21,21,54,66,89,89,119,119,137,147,147,251,251,263,275,44,143,154,154,186,186,237,272,272,19,19,47,47,146,146,160,179,179,179],"floor_reached":39,"playtime":1024,"items_purged":["Strike_R","Strike_R"],"score":675,"play_id":"29334727-2be8-4746-8414-31f63c9d17e5","local_time":"20190716144159","is_ascension_mode":true,"campfire_choices":[{"data":"Iron Wave","floor":6.0,"key":"SMITH"},{"data":"Uppercut","floor":10.0,"key":"SMITH"},{"data":"Demon Form","floor":12.0,"key":"SMITH"},{"data":"Bash","floor":15.0,"key":"SMITH"},{"data":"Immolate","floor":23.0,"key":"SMITH"},{"floor":25.0,"key":"REST"},{"floor":32.0,"key":"REST"}],"neow_cost":"NONE","seed_source_timestamp":0,"circlet_count":0,"master_deck":["Strike_R","Strike_R","Defend_R","Defend_R","Defend_R+1","Defend_R","Bash+1","Iron Wave+1","Shrug It Off","Double Tap+1","Uppercut+1","Demon Form+1","Corruption","Immolate+1","True Grit","True Grit+1","Battle Trance","Shrug It Off+1"],"special_seed":0,"relics":["Burning Blood","Chemical X","Centennial Puzzle","Bronze Scales","Juzu Bracelet","Busted Crown","Vajra","Paper Frog","War Paint","FossilizedHelix","Happy Flower","Darkstone Periapt","Red Skull","White Beast Statue"],"potions_floor_usage":[38,38],"damage_taken":[{"damage":12.0,"enemies":"2 Louse","floor":1.0,"turns":4.0},{"damage":7.0,"enemies":"Small Slimes","floor":2.0,"turns":4.0},{"damage":28.0,"enemies":"Gremlin Nob","floor":7.0,"turns":6.0},{"damage":0.0,"enemies":"Cultist","floor":8.0,"turns":3.0},{"damage":21.0,"enemies":"3 Sentries","floor":11.0,"turns":8.0},{"damage":8.0,"enemies":"2 Fungi Beasts","floor":13.0,"turns":3.0},{"damage":9.0,"enemies":"Exordium Thugs","floor":14.0,"turns":4.0},{"damage":35.0,"enemies":"Slime Boss","floor":16.0,"turns":6.0},{"damage":7.0,"enemies":"Shell Parasite","floor":18.0,"turns":4.0},{"damage":11.0,"enemies":"3 Byrds","floor":19.0,"turns":4.0},{"damage":3.0,"enemies":"Cultist and Chosen","floor":22.0,"turns":5.0},{"damage":43.0,"enemies":"Slavers","floor":24.0,"turns":4.0},{"damage":19.0,"enemies":"Book of Stabbing","floor":27.0,"turns":4.0},{"damage":12.0,"enemies":"Gremlin Leader","floor":31.0,"turns":4.0},{"damage":5.0,"enemies":"Champ","floor":33.0,"turns":7.0},{"damage":9.0,"enemies":"3 Darklings","floor":35.0,"turns":3.0},{"damage":9.0,"enemies":"3 Shapes","floor":36.0,"turns":2.0},{"damage":18,"enemies":"Time Eater","floor":38,"turns":9}],"seed_played":"3772894889626580957","potions_obtained":[{"floor":2.0,"key":"FairyPotion"},{"floor":7.0,"key":"AttackPotion"},{"floor":13.0,"key":"PowerPotion"},{"floor":14.0,"key":"PowerPotion"},{"floor":18.0,"key":"Strength Potion"},{"floor":22.0,"key":"Strength Potion"},{"floor":31.0,"key":"AttackPotion"},{"floor":35.0,"key":"SpeedPotion"},{"floor":36.0,"key":"SkillPotion"}],"is_trial":false,"path_per_floor":["M","M","?","$","?","R","E","M","T","R","E","R","M","M","R","B",null,"M","M","$","?","M","R","E","R","T","E","?","$","?","E","R","B",null,"M","M","?","B",null],"character_chosen":"IRONCLAD","items_purchased":["Chemical X","Vajra","Happy Flower"],"campfire_rested":2,"item_purchase_floors":[4,20,29],"current_hp_per_floor":[74,73,73,73,73,73,51,57,57,57,42,42,40,37,37,8,80,79,74,74,74,77,77,40,64,64,51,51,51,51,45,69,70,80,77,74,74,62],"gold":179,"neow_bonus":"HUNDRED_GOLD","is_prod":false,"is_daily":false,"chose_seed":false,"campfire_upgraded":5,"win_rate":0,"timestamp":1563302519,"path_taken":["M","M","?","$","?","R","E","M","T","R","E","R","M","M","R","BOSS","M","M","$","?","M","R","E","R","T","E","?","$","?","E","R","BOSS","M","M","?","BOSS"],"build_version":"2019-07-05","purchased_purges":2,"victory":true,"max_hp_per_floor":[80,80,80,80,80,80,80,80,80,80,80,80,80,80,80,80,80,80,80,80,80,80,80,80,80,80,80,80,80,80,80,80,80,80,80,80,80,80],"card_choices":[{"not_picked":["Twin Strike","Intimidate"],"picked":"Iron Wave","floor":1.0},{"not_picked":["Wild Strike","Anger"],"picked":"Shrug It Off","floor":2.0},{"not_picked":["Spot Weakness","Flex"],"picked":"Double Tap","floor":7.0},{"not_picked":["Sentinel","Flex"],"picked":"Uppercut","floor":8.0},{"not_picked":["Havoc","Clash"],"picked":"Demon Form","floor":11.0},{"not_picked":["Clothesline","Twin Strike"],"picked":"Corruption","floor":13.0},{"not_picked":["Warcry","Flex","Evolve"],"picked":"SKIP","floor":14.0},{"not_picked":["Brutality","Bludgeon"],"picked":"Immolate","floor":16.0},{"not_picked":[],"picked":"True Grit","floor":18.0},{"not_picked":[],"picked":"True Grit+1","floor":19.0},{"not_picked":["Sever Soul"],"picked":"SKIP","floor":22.0},{"not_picked":["Heavy Blade"],"picked":"SKIP","floor":24.0},{"not_picked":["Thunderclap"],"picked":"SKIP","floor":27.0},{"not_picked":[],"picked":"Battle Trance","floor":31.0},{"not_picked":[],"picked":"Shrug It Off+1","floor":35.0},{"not_picked":["Clothesline+1"],"picked":"SKIP","floor":36.0}],"player_experience":1926411,"relics_obtained":[{"floor":7.0,"key":"Centennial Puzzle"},{"floor":9.0,"key":"Bronze Scales"},{"floor":11.0,"key":"Juzu Bracelet"},{"floor":24.0,"key":"Paper Frog"},{"floor":26.0,"key":"War Paint"},{"floor":27.0,"key":"FossilizedHelix"},{"floor":31.0,"key":"Red Skull"}],"event_choices":[{"cards_removed":["Strike_R"],"damage_healed":0.0,"max_hp_gain":0.0,"max_hp_loss":0.0,"gold_gain":0.0,"event_name":"Living Wall","player_choice":"Forget","floor":3.0,"gold_loss":0.0,"damage_taken":0.0},{"damage_healed":0.0,"max_hp_gain":0.0,"max_hp_loss":0.0,"gold_gain":0.0,"event_name":"Liars Game","player_choice":"Ignored","floor":5.0,"gold_loss":0.0,"damage_taken":0.0},{"damage_healed":0.0,"max_hp_gain":0.0,"max_hp_loss":0.0,"gold_gain":99.0,"event_name":"Nest","player_choice":"Stole From Cult","floor":21.0,"gold_loss":0.0,"damage_taken":0.0},{"damage_healed":0.0,"max_hp_gain":0.0,"max_hp_loss":0.0,"gold_gain":0.0,"event_name":"Ghosts","player_choice":"Ignored","floor":28.0,"gold_loss":0.0,"damage_taken":0.0},{"damage_healed":0.0,"max_hp_gain":0.0,"max_hp_loss":0.0,"gold_gain":0.0,"event_name":"The Mausoleum","player_choice":"Opened","floor":30.0,"gold_loss":0.0,"damage_taken":0.0,"relics_obtained":["Darkstone Periapt"]},{"damage_healed":0.0,"max_hp_gain":0.0,"max_hp_loss":0.0,"gold_gain":0.0,"event_name":"SecretPortal","player_choice":"Took Portal","floor":37.0,"gold_loss":0.0,"damage_taken":0.0}],"is_beta":false,"boss_relics":[{"not_picked":["Runic Dome","Calling Bell"],"picked":"Busted Crown"},{"not_picked":["Philosopher\u0027s Stone","Coffee Dripper"],"picked":"White Beast Statue"}],"items_purged_floors":[20,29],"is_endless":false,"potions_floor_spawned":[2,7,13,14,18,22,31,35,36],"ascension_level":1}