{"gold_per_floor":[368,385,335,335,345,345,362,362,362,374,130,157,177,195,195,195],"floor_reached":16,"playtime":396,"items_purged":["Strike_R"],"score":104,"play_id":"c01d2e2c-da2e-40eb-a234-4c5d50ec6868","local_time":"20190711143317","is_ascension_mode":false,"campfire_choices":[{"data":"Bash","floor":6,"key":"SMITH"},{"floor":15,"key":"REST"}],"neow_cost":"PERCENT_DAMAGE","seed_source_timestamp":1134690940001200,"circlet_count":0,"master_deck":["Strike_R","Strike_R","Strike_R","Defend_R","Defend_R","Defend_R","Bash+1","The Bomb"],"relics":["Burning Blood","Prayer Wheel","Kunai"],"potions_floor_usage":[16,16],"damage_taken":[{"damage":6,"enemies":"Jaw Worm","floor":1,"turns":3},{"damage":5,"enemies":"2 Louse","floor":2,"turns":3},{"damage":5,"enemies":"Small Slimes","floor":5,"turns":4},{"damage":3,"enemies":"3 Louse","floor":7,"turns":5},{"damage":12,"enemies":"Looter","floor":10,"turns":4},{"damage":26,"enemies":"Lagavulin","floor":12,"turns":5},{"damage":16,"enemies":"Blue Slaver","floor":13,"turns":4},{"damage":14,"enemies":"Exordium Thugs","floor":14,"turns":3},{"damage":42,"enemies":"The Guardian","floor":16,"turns":10}],"seed_played":"-3602207659562140192","potions_obtained":[{"floor":2,"key":"Block Potion"},{"floor":5,"key":"Swift Potion"}],"is_trial":false,"path_per_floor":["M","M","?","?","M","R","M","?","T","M","$","E","M","M","R","B"],"character_chosen":"IRONCLAD","items_purchased":["The Bomb"],"campfire_rested":1,"item_purchase_floors":[11],"current_hp_per_floor":[56,57,57,57,58,58,61,61,61,55,55,35,25,17,41,0],"gold":195,"neow_bonus":"TWO_FIFTY_GOLD","is_prod":false,"is_daily":false,"chose_seed":false,"campfire_upgraded":1,"win_rate":0,"timestamp":1562869997,"path_taken":["M","M","?","?","M","R","M","?","T","M","$","E","M","M","R","BOSS"],"build_version":"2019-07-05","purchased_purges":1,"victory":false,"max_hp_per_floor":[80,80,80,80,80,80,80,80,80,80,80,80,80,80,80,80],"card_choices":[{"not_picked":["Headbutt","Bloodletting","Warcry"],"picked":"SKIP","floor":1},{"not_picked":["Twin Strike","Battle Trance","Metallicize"],"picked":"SKIP","floor":2},{"not_picked":["Anger","Corruption","Sword Boomerang"],"picked":"SKIP","floor":5},{"not_picked":["Iron Wave","Entrench","Anger"],"picked":"SKIP","floor":7},{"not_picked":["Reckless Charge","Flex","Fire Breathing"],"picked":"SKIP","floor":10},{"not_picked":["Perfected Strike","Cleave","Pummel"],"picked":"SKIP","floor":10},{"not_picked":["Intimidate","Flex","Pummel"],"picked":"SKIP","floor":12},{"not_picked":["Body Slam","Limit Break","Flex"],"picked":"SKIP","floor":13},{"not_picked":["Ghostly Armor","Whirlwind","Battle Trance"],"picked":"SKIP","floor":13},{"not_picked":["Infernal Blade","Twin Strike","Wild Strike"],"picked":"SKIP","floor":14},{"not_picked":["Searing Blow","Flex","True Grit"],"picked":"SKIP","floor":14}],"player_experience":1826950,"relics_obtained":[{"floor":9,"key":"Prayer Wheel"},{"floor":12,"key":"Kunai"}],"event_choices":[{"cards_removed":["Strike_R"],"damage_healed":0,"gold_gain":0,"player_choice":"Card Removal","damage_taken":0,"max_hp_gain":0,"max_hp_loss":0,"event_name":"The Cleric","floor":3,"gold_loss":50},{"cards_removed":["Defend_R"],"damage_healed":0,"gold_gain":0,"player_choice":"Forget","damage_taken":0,"max_hp_gain":0,"max_hp_loss":0,"event_name":"Living Wall","floor":4,"gold_loss":0},{"damage_healed":0,"gold_gain":0,"player_choice":"Ignored","damage_taken":0,"max_hp_gain":0,"max_hp_loss":0,"event_name":"Shining Light","floor":8,"gold_loss":0}],"is_beta":false,"boss_relics":[],"items_purged_floors":[11],"is_endless":false,"potions_floor_spawned":[2,5],"killed_by":"The Guardian","ascension_level":0}