{"gold_per_floor":[112,112,131,82,93,93,109,57,103,129,145,145,162,177,177,276,276,287,299,23,23,35,69,79,79,79,79,110,110,129,129,129,129],"floor_reached":33,"playtime":6297,"items_purged":[],"score":289,"play_id":"4299c16e-395f-4f56-adeb-ee401f9a5b27","local_time":"20190711123152","is_ascension_mode":false,"campfire_choices":[{"data":"Bash","floor":6,"key":"SMITH"},{"floor":15,"key":"REST"},{"floor":25,"key":"REST"},{"floor":27,"key":"REST"},{"floor":29,"key":"REST"},{"floor":32,"key":"REST"}],"neow_cost":"TEN_PERCENT_HP_LOSS","seed_source_timestamp":499757600029800,"circlet_count":0,"master_deck":["Strike_R","Strike_R","Strike_R","Strike_R","Defend_R","Defend_R","Bash+1","Shrug It Off","Cleave","Iron Wave","Pommel Strike","Shrug It Off","Shrug It Off","Barricade","Pommel Strike","Cleave","Barricade","Reaper+1","Body Slam+1","Metallicize","Burning Pact+1","Impervious","Headbutt","Whirlwind","Metallicize","Headbutt","True Grit","Impervious"],"relics":["Burning Blood","Nunchaku","Regal Pillow","Bronze Scales","Astrolabe","Lee\u0027s Waffle","Sundial","Bottled Lightning","Darkstone Periapt"],"potions_floor_usage":[3,5,13,22,23,30,33],"damage_taken":[{"damage":1,"enemies":"Jaw Worm","floor":1,"turns":6},{"damage":0,"enemies":"Small Slimes","floor":3,"turns":3},{"damage":3,"enemies":"2 Louse","floor":5,"turns":2},{"damage":3,"enemies":"Red Slaver","floor":7,"turns":3},{"damage":39,"enemies":"3 Sentries","floor":10,"turns":7},{"damage":9,"enemies":"3 Louse","floor":11,"turns":2},{"damage":13,"enemies":"Gremlin Gang","floor":13,"turns":4},{"damage":6,"enemies":"2 Fungi Beasts","floor":14,"turns":3},{"damage":65,"enemies":"The Guardian","floor":16,"turns":13},{"damage":23,"enemies":"2 Thieves","floor":18,"turns":5},{"damage":36,"enemies":"Spheric Guardian","floor":19,"turns":5},{"damage":15,"enemies":"Shelled Parasite and Fungi","floor":22,"turns":5},{"damage":84,"enemies":"Slavers","floor":23,"turns":7},{"damage":13,"enemies":"Snake Plant","floor":24,"turns":3},{"damage":62,"enemies":"Gremlin Leader","floor":28,"turns":6},{"damage":52,"enemies":"Cultist and Chosen","floor":30,"turns":8},{"damage":100,"enemies":"Automaton","floor":33,"turns":18}],"seed_played":"-2347132014909844186","potions_obtained":[{"floor":1,"key":"Fruit Juice"},{"floor":3,"key":"Ancient Potion"},{"floor":10,"key":"LiquidBronze"},{"floor":19,"key":"Strength Potion"},{"floor":22,"key":"Weak Potion"},{"floor":28,"key":"Fire Potion"},{"floor":30,"key":"FearPotion"}],"is_trial":false,"path_per_floor":["M","?","M","$","M","R","M","$","T","E","M","?","M","M","R","B",null,"M","M","$","?","M","E","M","R","T","R","E","R","M","?","R","B"],"character_chosen":"IRONCLAD","items_purchased":["Iron Wave","Shrug It Off","Lee\u0027s Waffle","Impervious"],"campfire_rested":5,"item_purchase_floors":[4,8,20,20],"current_hp_per_floor":[72,72,77,77,77,77,77,77,77,44,41,41,34,34,72,13,77,60,30,84,94,85,18,16,59,59,94,38,81,35,35,78,0],"gold":129,"neow_bonus":"ONE_RARE_RELIC","is_prod":false,"is_daily":false,"chose_seed":false,"campfire_upgraded":1,"win_rate":0.0,"timestamp":1562844712,"path_taken":["M","?","M","$","M","R","M","?","T","E","M","?","M","M","R","BOSS","M","M","$","?","?","E","M","R","T","R","E","R","M","?","R","BOSS"],"build_version":"2019-07-05","purchased_purges":0,"victory":false,"max_hp_per_floor":[72,72,77,77,77,77,77,77,77,77,77,77,77,77,77,77,77,77,77,84,94,94,94,94,94,94,94,94,94,94,94,94,94],"card_choices":[{"not_picked":["Searing Blow","Combust"],"picked":"Shrug It Off","floor":1},{"not_picked":["Infernal Blade","Thunderclap"],"picked":"Cleave","floor":3},{"not_picked":["Anger","Heavy Blade"],"picked":"Pommel Strike","floor":5},{"not_picked":["Cleave","Anger"],"picked":"Shrug It Off","floor":7},{"not_picked":["Carnage","Armaments"],"picked":"Barricade","floor":10},{"not_picked":["Sword Boomerang","Perfected Strike"],"picked":"Pommel Strike","floor":11},{"not_picked":["Clash","Warcry"],"picked":"Cleave","floor":13},{"not_picked":["Dark Embrace","Bludgeon"],"picked":"Barricade","floor":16},{"not_picked":["True Grit","Armaments"],"picked":"Metallicize","floor":18},{"not_picked":["True Grit","Whirlwind"],"picked":"Burning Pact+1","floor":19},{"not_picked":["Clash","Rampage"],"picked":"Headbutt","floor":22},{"not_picked":["Reckless Charge+1","Barricade"],"picked":"Whirlwind","floor":23},{"not_picked":["Rampage+1","Clothesline"],"picked":"Metallicize","floor":24},{"not_picked":["Rage","Cleave"],"picked":"Headbutt","floor":28},{"not_picked":["Clash","Anger+1"],"picked":"True Grit","floor":30}],"player_experience":199674,"relics_obtained":[{"floor":9,"key":"Regal Pillow"},{"floor":10,"key":"Bronze Scales"},{"floor":23,"key":"Sundial"},{"floor":26,"key":"Bottled Lightning"},{"floor":28,"key":"Darkstone Periapt"}],"event_choices":[{"damage_healed":0,"gold_gain":0,"player_choice":"Ignored","damage_taken":0,"max_hp_gain":0,"max_hp_loss":0,"event_name":"Golden Wing","floor":2,"gold_loss":0},{"damage_healed":0,"gold_gain":0,"player_choice":"Ignored","damage_taken":0,"max_hp_gain":0,"max_hp_loss":0,"event_name":"Shining Light","floor":12,"gold_loss":0},{"cards_removed":["Brutality"],"damage_healed":0,"gold_gain":0,"player_choice":"Offered Rare","damage_taken":0,"max_hp_gain":10,"max_hp_loss":0,"event_name":"Bonfire Elementals","floor":21,"gold_loss":0},{"damage_healed":0,"gold_gain":0,"player_choice":"Copied","damage_taken":0,"max_hp_gain":0,"max_hp_loss":0,"event_name":"Duplicator","floor":31,"gold_loss":0,"cards_obtained":["Impervious"]}],"is_beta":false,"boss_relics":[{"not_picked":["Empty Cage","Fusion Hammer"],"picked":"Astrolabe"}],"items_purged_floors":[],"is_endless":false,"potions_floor_spawned":[1,3,10,19,22,28,30],"killed_by":"Automaton","ascension_level":0}