{"gold_per_floor":[213,213,228,68,86,120,120,154,180,180,214,214,239,8,8,8],"floor_reached":16,"playtime":1108,"items_purged":["Regret"],"score":233,"play_id":"d3bbc814-bb55-495f-98e2-62f48bbe565c","local_time":"20190714141324","is_ascension_mode":true,"campfire_choices":[{"floor":7.0,"key":"REST"},{"floor":15,"key":"REST"}],"neow_cost":"NONE","seed_source_timestamp":36733811055858,"circlet_count":0,"master_deck":["AscendersBane","Strike_B","Strike_B","Strike_B","Strike_B","Defend_B+1","Defend_B+1","Defend_B","Defend_B","Zap","Dualcast","Barrage","Cold Snap","Consume","Rip and Tear","Hologram","Chill","Coolheaded","Cold Snap"],"special_seed":0,"relics":["Cracked Core","War Paint","Omamori","DataDisk","Bag of Marbles","Pear","Bag of Preparation","Torii","Membership Card"],"potions_floor_usage":[13],"damage_taken":[{"damage":8.0,"enemies":"2 Louse","floor":1.0,"turns":2.0},{"damage":6.0,"enemies":"Jaw Worm","floor":3.0,"turns":3.0},{"damage":12.0,"enemies":"Small Slimes","floor":5.0,"turns":4.0},{"damage":34.0,"enemies":"3 Sentries","floor":6.0,"turns":6.0},{"damage":23.0,"enemies":"Lagavulin","floor":8.0,"turns":7.0},{"damage":10.0,"enemies":"Gremlin Nob","floor":11.0,"turns":4.0},{"damage":1,"enemies":"Lagavulin","floor":13,"turns":10},{"damage":28,"enemies":"Hexaghost","floor":16,"turns":16}],"seed_played":"-5798925796372672631","potions_obtained":[{"floor":3.0,"key":"Swift Potion"},{"floor":8.0,"key":"Energy Potion"},{"floor":13,"key":"Block Potion"}],"is_trial":false,"path_per_floor":["M","?","M","$","M","E","R","E","T","T","E","?","E","$","R","B"],"character_chosen":"DEFECT","items_purchased":["Consume","Membership Card"],"campfire_rested":2,"item_purchase_floors":[4,14],"current_hp_per_floor":[56,56,50,50,38,4,25,2,2,12,2,2,1,1,25,0],"gold":8,"neow_bonus":"HUNDRED_GOLD","is_prod":false,"is_daily":false,"chose_seed":false,"campfire_upgraded":0,"win_rate":0,"timestamp":1563102804,"path_taken":["M","?","M","$","M","E","R","E","T","?","E","?","E","$","R","BOSS"],"build_version":"2019-07-05","purchased_purges":1,"victory":false,"max_hp_per_floor":[71,71,71,71,71,71,71,71,71,81,81,81,81,81,81,81],"card_choices":[{"not_picked":["Hello World","Static Discharge"],"picked":"Barrage","floor":1.0},{"not_picked":["Go for the Eyes","Gash"],"picked":"Cold Snap","floor":3.0},{"not_picked":["Chill","Rebound"],"picked":"Rip and Tear","floor":5.0},{"not_picked":["Hyperbeam","Aggregate"],"picked":"Hologram","floor":6.0},{"not_picked":["Gash","Reprogram"],"picked":"Chill","floor":8.0},{"not_picked":["Doom and Gloom","Darkness"],"picked":"Coolheaded","floor":11.0},{"not_picked":["Stack","Meteor Strike"],"picked":"Cold Snap","floor":13}],"player_experience":687787,"relics_obtained":[{"floor":6.0,"key":"Omamori"},{"floor":8.0,"key":"DataDisk"},{"floor":9.0,"key":"Bag of Marbles"},{"floor":10.0,"key":"Pear"},{"floor":11.0,"key":"Bag of Preparation"},{"floor":13,"key":"Torii"}],"event_choices":[{"damage_healed":0.0,"max_hp_gain":0.0,"max_hp_loss":0.0,"gold_gain":0.0,"event_name":"Big Fish","player_choice":"Box","floor":2.0,"gold_loss":0.0,"damage_taken":0.0,"relics_obtained":["War Paint"],"cards_obtained":["Regret"]},{"damage_healed":0.0,"max_hp_gain":0.0,"max_hp_loss":0.0,"gold_gain":0.0,"event_name":"Liars Game","player_choice":"Ignored","floor":12.0,"gold_loss":0.0,"damage_taken":0.0}],"is_beta":false,"boss_relics":[],"items_purged_floors":[4],"is_endless":false,"potions_floor_spawned":[3,8,13],"killed_by":"Hexaghost","ascension_level":17}