{"gold_per_floor":[109,127,19,36,36,36,66,66,66,96,96,21,38,38,38,142,142,161,161,176,25,38,64,77,77,77,108,120,135,148,168,168,168],"floor_reached":33,"playtime":60733,"items_purged":["Defend_R"],"score":298,"play_id":"3c7d92a0-8075-4ff6-8d5f-9c30f738df47","local_time":"20190713135139","is_ascension_mode":false,"campfire_choices":[{"data":"Bash","floor":6,"key":"SMITH"},{"data":"Clothesline","floor":8,"key":"SMITH"},{"floor":11,"key":"REST"},{"data":"Whirlwind","floor":15,"key":"SMITH"},{"floor":25,"key":"REST"},{"floor":32,"key":"REST"}],"neow_cost":"NONE","seed_source_timestamp":89135679969700,"circlet_count":0,"master_deck":["Strike_R","Strike_R","Strike_R","Strike_R","Strike_R","Defend_R","Defend_R","Defend_R","Bash+1","Iron Wave","Power Through","Inflame","Whirlwind+1","Flex","Clothesline+1","Shrug It Off","Sever Soul","Brutality","Armaments","Flame Barrier","Corruption","Whirlwind","Rupture+1","Intimidate","Flex","Rupture","Shrug It Off+1","Feel No Pain+1","Clothesline","Headbutt+1"],"relics":["Burning Blood","Ornamental Fan","Letter Opener","Question Card","Orichalcum","PreservedInsect","Fusion Hammer","Spirit Poop","Omamori","Shuriken","Lantern"],"potions_floor_usage":[18,23,27,27,29],"damage_taken":[{"damage":1,"enemies":"Jaw Worm","floor":1,"turns":3},{"damage":6,"enemies":"Cultist","floor":2,"turns":3},{"damage":8,"enemies":"2 Louse","floor":4,"turns":3},{"damage":20,"enemies":"Gremlin Nob","floor":7,"turns":4},{"damage":36,"enemies":"3 Sentries","floor":10,"turns":5},{"damage":5,"enemies":"Exordium Thugs","floor":13,"turns":4},{"damage":53,"enemies":"The Guardian","floor":16,"turns":9},{"damage":15,"enemies":"2 Thieves","floor":18,"turns":3},{"damage":5,"enemies":"Shell Parasite","floor":20,"turns":4},{"damage":4,"enemies":"3 Cultists","floor":22,"turns":4},{"damage":32,"enemies":"Slavers","floor":23,"turns":4},{"damage":12,"enemies":"Snake Plant","floor":24,"turns":5},{"damage":12,"enemies":"Book of Stabbing","floor":27,"turns":3},{"damage":36,"enemies":"Shelled Parasite and Fungi","floor":28,"turns":5},{"damage":17,"enemies":"Snecko","floor":29,"turns":5},{"damage":0,"enemies":"3 Cultists","floor":30,"turns":3},{"damage":22,"enemies":"Snake Plant","floor":31,"turns":4},{"damage":57,"enemies":"Collector","floor":33,"turns":8}],"seed_played":"1326547249920151228","potions_obtained":[{"floor":1,"key":"Fire Potion"},{"floor":4,"key":"AttackPotion"},{"floor":7,"key":"FearPotion"},{"floor":18,"key":"Strength Potion"},{"floor":24,"key":"Weak Potion"},{"floor":28,"key":"Regen Potion"}],"is_trial":false,"path_per_floor":["M","M","$","M","?","R","E","R","T","E","R","$","M","?","R","B",null,"M","?","M","$","M","E","M","R","T","E","M","M","M","M","R","B"],"character_chosen":"IRONCLAD","items_purchased":["Inflame","Whirlwind","Corruption","Whirlwind"],"campfire_rested":3,"item_purchase_floors":[3,3,21,21],"current_hp_per_floor":[88,88,88,86,86,86,72,72,72,42,68,68,69,69,69,22,88,79,79,80,80,82,56,50,76,76,70,40,41,47,31,57,0],"gold":168,"neow_bonus":"TEN_PERCENT_HP_BONUS","is_prod":false,"is_daily":false,"chose_seed":false,"campfire_upgraded":3,"win_rate":0.0,"timestamp":1563022299,"path_taken":["M","M","$","M","?","R","E","R","T","E","R","$","?","?","R","BOSS","M","?","M","?","M","E","M","R","T","E","M","M","?","M","R","BOSS"],"build_version":"2019-07-05","purchased_purges":1,"victory":false,"max_hp_per_floor":[88,88,88,88,88,88,88,88,88,88,88,88,88,88,88,88,88,88,88,88,88,88,88,88,88,88,88,88,88,88,88,88,88],"card_choices":[{"not_picked":["Ghostly Armor","Perfected Strike"],"picked":"Iron Wave","floor":1},{"not_picked":["Rupture","Disarm"],"picked":"Power Through","floor":2},{"not_picked":["Anger","Bloodletting"],"picked":"Flex","floor":4},{"not_picked":["Shrug It Off","Ghostly Armor"],"picked":"Clothesline","floor":7},{"not_picked":["Seeing Red","Sword Boomerang","Iron Wave"],"picked":"Shrug It Off","floor":10},{"not_picked":["Iron Wave","Warcry","Clash"],"picked":"Sever Soul","floor":13},{"not_picked":["Reaper","Fiend Fire","Double Tap"],"picked":"Brutality","floor":16},{"not_picked":["Sword Boomerang","Spot Weakness","Thunderclap"],"picked":"Armaments","floor":18},{"not_picked":["Perfected Strike","Battle Trance+1","Heavy Blade+1"],"picked":"Flame Barrier","floor":20},{"not_picked":["Uppercut","Inflame","Armaments+1"],"picked":"Rupture+1","floor":22},{"not_picked":["Wild Strike+1","Cleave","Burning Pact"],"picked":"Intimidate","floor":23},{"not_picked":["True Grit+1","Searing Blow","Wild Strike"],"picked":"Flex","floor":24},{"not_picked":["Sword Boomerang+1","Juggernaut","True Grit"],"picked":"Rupture","floor":27},{"not_picked":["Iron Wave","Fire Breathing","Body Slam"],"picked":"Shrug It Off+1","floor":28},{"not_picked":["Wild Strike","Warcry+1","Cleave"],"picked":"Feel No Pain+1","floor":29},{"not_picked":["Limit Break","Cleave","Dual Wield"],"picked":"Clothesline","floor":30},{"not_picked":["Twin Strike","Searing Blow","Reckless Charge"],"picked":"Headbutt+1","floor":31}],"player_experience":236529,"relics_obtained":[{"floor":7,"key":"Letter Opener"},{"floor":9,"key":"Question Card"},{"floor":10,"key":"Orichalcum"},{"floor":23,"key":"Omamori"},{"floor":26,"key":"Shuriken"},{"floor":27,"key":"Lantern"}],"event_choices":[{"damage_healed":0,"gold_gain":0,"player_choice":"Gave Potion","damage_taken":0,"relics_obtained":["Ornamental Fan"],"max_hp_gain":0,"max_hp_loss":0,"event_name":"WeMeetAgain","floor":5,"gold_loss":0},{"damage_healed":0,"gold_gain":0,"player_choice":"Box","damage_taken":0,"relics_obtained":["PreservedInsect"],"max_hp_gain":0,"max_hp_loss":0,"event_name":"Big Fish","floor":14,"gold_loss":0,"cards_obtained":["Regret"]},{"cards_removed":["Regret"],"damage_healed":0,"gold_gain":0,"player_choice":"Offered Curse","damage_taken":0,"relics_obtained":["Spirit Poop"],"max_hp_gain":0,"max_hp_loss":0,"event_name":"Bonfire Elementals","floor":19,"gold_loss":0}],"is_beta":false,"boss_relics":[{"not_picked":["Ectoplasm","Runic Dome"],"picked":"Fusion Hammer"}],"items_purged_floors":[12],"is_endless":false,"potions_floor_spawned":[1,4,7,18,24,28],"killed_by":"Collector","ascension_level":0}