{"gold_per_floor":[115,125,45,45,63,93,107,125,151,151,166,186,199,213,213,316,316,326,326,286,300,319,339,339,357,357,372,389,405,405],"floor_reached":30,"playtime":761,"items_purged":[],"score":244,"play_id":"4f3b70dc-8008-4e59-86e1-26a2f861c5f4","local_time":"20190708170908","is_ascension_mode":false,"campfire_choices":[{"floor":10,"key":"REST"},{"data":"Flex","floor":15,"key":"SMITH"},{"floor":24,"key":"REST"}],"neow_cost":"NONE","seed_source_timestamp":884477327002400,"circlet_count":0,"master_deck":["Strike_R","Strike_R","Strike_R","Strike_R","Strike_R","Defend_R","Defend_R","Defend_R","Defend_R","Bash","Iron Wave","Feel No Pain","Corruption+1","Pommel Strike","Reaper","Pommel Strike","Inflame","Clothesline","Flame Barrier","Flex+1","Sword Boomerang","Fiend Fire","Reckless Charge","Shrug It Off","Disarm+1","Headbutt","Clothesline+1","Disarm","Shockwave"],"relics":["Burning Blood","NeowsBlessing","Red Skull","Potion Belt","Lizard Tail","Du-Vu Doll"],"potions_floor_usage":[6,11,12,14,16,21,27,28,29,30],"damage_taken":[{"damage":0,"enemies":"Small Slimes","floor":1,"turns":1},{"damage":0,"enemies":"Cultist","floor":2,"turns":1},{"damage":0,"enemies":"2 Louse","floor":5,"turns":1},{"damage":26,"enemies":"Lagavulin","floor":6,"turns":5},{"damage":21,"enemies":"Red Slaver","floor":7,"turns":4},{"damage":17,"enemies":"Exordium Thugs","floor":8,"turns":5},{"damage":20,"enemies":"Looter","floor":11,"turns":3},{"damage":0,"enemies":"3 Louse","floor":12,"turns":1},{"damage":11,"enemies":"Blue Slaver","floor":13,"turns":4},{"damage":25,"enemies":"Large Slime","floor":14,"turns":6},{"damage":29,"enemies":"Slime Boss","floor":16,"turns":10},{"damage":15,"enemies":"Chosen","floor":18,"turns":5},{"damage":22,"enemies":"2 Thieves","floor":21,"turns":3},{"damage":8,"enemies":"Centurion and Healer","floor":22,"turns":6},{"damage":26,"enemies":"Snecko","floor":23,"turns":6},{"damage":15,"enemies":"Snake Plant","floor":25,"turns":6},{"damage":32,"enemies":"3 Cultists","floor":27,"turns":5},{"damage":23,"enemies":"Sentry and Sphere","floor":28,"turns":7},{"damage":29,"enemies":"Shelled Parasite and Fungi","floor":29,"turns":7},{"damage":21,"enemies":"Slavers","floor":30,"turns":3}],"seed_played":"694516473058969834","potions_obtained":[{"floor":1,"key":"SteroidPotion"},{"floor":5,"key":"Explosive Potion"},{"floor":7,"key":"AttackPotion"},{"floor":8,"key":"Strength Potion"},{"floor":12,"key":"Fire Potion"},{"floor":20,"key":"Fire Potion"},{"floor":20,"key":"AttackPotion"},{"floor":20,"key":"BloodPotion"},{"floor":22,"key":"SpeedPotion"},{"floor":27,"key":"Fruit Juice"},{"floor":28,"key":"Energy Potion"}],"is_trial":false,"path_per_floor":["M","M","$","?","M","E","M","M","T","R","M","M","M","M","R","B",null,"M","?","?","M","M","M","R","M","T","M","M","M","E"],"character_chosen":"IRONCLAD","items_purchased":["Corruption"],"campfire_rested":2,"item_purchase_floors":[3],"current_hp_per_floor":[80,80,80,80,80,60,45,44,44,68,60,66,61,49,49,45,80,71,71,71,55,53,40,64,55,55,29,17,22,1],"gold":405,"neow_bonus":"THREE_ENEMY_KILL","is_prod":false,"is_daily":false,"chose_seed":false,"campfire_upgraded":1,"win_rate":0,"timestamp":1562620148,"path_taken":["M","M","$","?","?","E","M","?","T","R","M","?","M","M","R","BOSS","M","?","?","M","?","M","R","M","T","M","M","M","E"],"build_version":"2019-07-05","purchased_purges":0,"victory":false,"max_hp_per_floor":[80,80,80,80,80,80,80,80,80,80,80,80,80,80,80,80,80,80,80,80,80,80,80,80,80,80,80,85,85,85],"card_choices":[{"not_picked":["Cleave","Warcry"],"picked":"Iron Wave","floor":1},{"not_picked":["Perfected Strike","Corruption"],"picked":"Feel No Pain","floor":2},{"not_picked":["Clash","Bloodletting"],"picked":"Pommel Strike","floor":5},{"not_picked":["Sword Boomerang","Anger"],"picked":"Reaper","floor":6},{"not_picked":["Headbutt","Anger"],"picked":"Pommel Strike","floor":7},{"not_picked":["Flex","Headbutt"],"picked":"Inflame","floor":8},{"not_picked":["Sever Soul","Thunderclap"],"picked":"Clothesline","floor":11},{"not_picked":["Flex","Combust"],"picked":"Flame Barrier","floor":12},{"not_picked":["Clothesline","Body Slam"],"picked":"Flex","floor":13},{"not_picked":["Heavy Blade","Headbutt"],"picked":"Sword Boomerang","floor":14},{"not_picked":["Reaper","Bludgeon"],"picked":"Fiend Fire","floor":16},{"not_picked":["True Grit","Sword Boomerang","Burning Pact"],"picked":"SKIP","floor":18},{"not_picked":["Anger","Armaments"],"picked":"Reckless Charge","floor":21},{"not_picked":["Anger","Warcry+1"],"picked":"Shrug It Off","floor":22},{"not_picked":["Thunderclap","Headbutt"],"picked":"Disarm+1","floor":23},{"not_picked":["Flex","Body Slam"],"picked":"Headbutt","floor":25},{"not_picked":["Spot Weakness","Body Slam"],"picked":"Clothesline+1","floor":27},{"not_picked":["Warcry","Body Slam"],"picked":"Disarm","floor":28},{"not_picked":["Exhume","Metallicize"],"picked":"Shockwave","floor":29}],"player_experience":1810245,"relics_obtained":[{"floor":6,"key":"Red Skull"},{"floor":9,"key":"Potion Belt"},{"floor":26,"key":"Du-Vu Doll"}],"event_choices":[{"damage_healed":0,"gold_gain":0,"player_choice":"Upgraded","damage_taken":0,"max_hp_gain":0,"max_hp_loss":0,"event_name":"Upgrade Shrine","floor":4,"gold_loss":0,"cards_upgraded":["Corruption"]},{"damage_healed":0,"gold_gain":0,"player_choice":"Ignored","damage_taken":0,"max_hp_gain":0,"max_hp_loss":0,"event_name":"Vampires","floor":19,"gold_loss":0},{"damage_healed":0,"gold_gain":0,"player_choice":"Bought 3 Potions","damage_taken":0,"max_hp_gain":0,"max_hp_loss":0,"event_name":"The Woman in Blue","floor":20,"gold_loss":0}],"is_beta":false,"boss_relics":[{"not_picked":["Empty Cage","Runic Dome"],"picked":"Lizard Tail"}],"items_purged_floors":[],"is_endless":false,"potions_floor_spawned":[1,5,7,8,12,22,27,28],"killed_by":"Slavers","ascension_level":0}