{"gold_per_floor":[112,112,124,141,159,186,205,232,306,306,316,316,59,90,90,191,191,202,202,270,281,297,326,326,361,361,261,280,19,50,69,69,171,171,186,1185,629,640,640,672,672,672,672,45,61,61,80,112,112,112,112,112,10,43,43],"floor_reached":56,"playtime":8689,"items_purged":["Strike_R","Strike_R","Normality","Normality"],"score":1778,"play_id":"f1fd8dcf-d4bc-46be-a57b-9eeb77ff5964","local_time":"20190621210944","is_ascension_mode":true,"campfire_choices":[{"data":"Clothesline","floor":10.0,"key":"SMITH"},{"data":"Metallicize","floor":12.0,"key":"SMITH"},{"data":"Feel No Pain","floor":15.0,"key":"SMITH"},{"data":"Exhume","floor":24.0,"key":"SMITH"},{"data":"Demon Form","floor":32.0,"key":"SMITH"},{"data":"Feel No Pain","floor":41.0,"key":"SMITH"},{"data":"Havoc","floor":46.0,"key":"SMITH"},{"floor":49.0,"key":"RECALL"},{"data":"Battle Trance","floor":52.0,"key":"SMITH"}],"neow_cost":"NONE","seed_source_timestamp":0,"circlet_count":0,"master_deck":["Strike_R","Strike_R","Defend_R","Defend_R","Defend_R","Defend_R","Bash","Exhume+1","Uppercut","Metallicize+1","Iron Wave","Clothesline+1","Pommel Strike","Reaper","Havoc+1","Feel No Pain+1","Shrug It Off","Juggernaut","Shrug It Off","Battle Trance+1","Demon Form+1","Shrug It Off","Havoc","Pummel+1","Flame Barrier","Exhume","Shrug It Off","Metallicize","Disarm+1","Metallicize","Limit Break","Feel No Pain+1","Shrug It Off","True Grit","Heavy Blade+1","Madness","Madness","True Grit","Metallicize","Flame Barrier","Armaments+1","Sever Soul+1","Feel No Pain","Battle Trance","Shrug It Off","Battle Trance"],"special_seed":0,"relics":["Burning Blood","Orichalcum","Mercury Hourglass","Self Forming Clay","Torii","Sozu","Dodecahedron","Pen Nib","Girya","Magic Flower","Bottled Tornado","Molten Egg 2","Coffee Dripper","Charon\u0027s Ashes","Question Card","Anchor","Frozen Eye","Vajra","Gambling Chip"],"potions_floor_usage":[55],"damage_taken":[{"damage":14.0,"enemies":"Jaw Worm","floor":1.0,"turns":4.0},{"damage":2.0,"enemies":"Cultist","floor":3.0,"turns":4.0},{"damage":2.0,"enemies":"2 Louse","floor":4.0,"turns":3.0},{"damage":16.0,"enemies":"Exordium Wildlife","floor":5.0,"turns":5.0},{"damage":23.0,"enemies":"Gremlin Nob","floor":6.0,"turns":5.0},{"damage":5.0,"enemies":"Gremlin Gang","floor":7.0,"turns":5.0},{"damage":23.0,"enemies":"3 Sentries","floor":8.0,"turns":12.0},{"damage":9.0,"enemies":"Red Slaver","floor":11.0,"turns":4.0},{"damage":5.0,"enemies":"Lagavulin","floor":14.0,"turns":7.0},{"damage":32.0,"enemies":"Slime Boss","floor":16.0,"turns":11.0},{"damage":2.0,"enemies":"Chosen","floor":18.0,"turns":5.0},{"damage":1.0,"enemies":"Shell Parasite","floor":21.0,"turns":5.0},{"damage":2.0,"enemies":"Cultist and Chosen","floor":22.0,"turns":5.0},{"damage":30.0,"enemies":"Slavers","floor":23.0,"turns":7.0},{"damage":32.0,"enemies":"Gremlin Leader","floor":25.0,"turns":8.0},{"damage":21.0,"enemies":"3 Cultists","floor":28.0,"turns":5.0},{"damage":1.0,"enemies":"Book of Stabbing","floor":30.0,"turns":8.0},{"damage":2.0,"enemies":"Snecko","floor":31.0,"turns":4.0},{"damage":38.0,"enemies":"Automaton","floor":33.0,"turns":11.0},{"damage":50.0,"enemies":"3 Darklings","floor":35.0,"turns":6.0},{"damage":0.0,"enemies":"3 Shapes","floor":38.0,"turns":4.0},{"damage":71.0,"enemies":"Giant Head","floor":40.0,"turns":14.0},{"damage":11.0,"enemies":"Transient","floor":45.0,"turns":5.0},{"damage":0.0,"enemies":"Spire Growth","floor":47.0,"turns":6.0},{"damage":29.0,"enemies":"Reptomancer","floor":48.0,"turns":8.0},{"damage":31.0,"enemies":"Donu and Deca","floor":50.0,"turns":8.0},{"damage":26,"enemies":"Shield and Spear","floor":54,"turns":9},{"damage":52,"enemies":"The Heart","floor":55,"turns":8}],"seed_played":"-4989691808888356388","potions_obtained":[{"floor":3.0,"key":"PowerPotion"},{"floor":4.0,"key":"Fire Potion"},{"floor":5.0,"key":"Regen Potion"},{"floor":7.0,"key":"Poison Potion"}],"is_trial":false,"path_per_floor":["M","?","M","M","M","E","M","E","T","R","M","R","$","E","R","B",null,"M","?","T","M","M","E","R","E","T","$","M","$","E","M","R","B",null,"M","?","$","M","?","E","R","?","T","$","M","R","M","E","R","B",null,"R","$","E","B",null],"character_chosen":"IRONCLAD","items_purchased":["Juggernaut","Shrug It Off","Bottled Tornado","Charon\u0027s Ashes","Feel No Pain","Shrug It Off","True Grit","Anchor","Frozen Eye","Metallicize","Flame Barrier","Battle Trance","Shrug It Off"],"campfire_rested":0,"item_purchase_floors":[13,13,29,37,37,37,37,44,44,44,44,53,53],"current_hp_per_floor":[64,64,68,72,62,45,49,68,68,68,65,65,65,66,66,43,71,79,79,79,80,80,80,80,54,54,54,80,80,80,80,80,80,80,74,74,74,80,70,44,44,44,44,44,42,42,51,61,61,39,70,70,70,80,80],"gold":43,"neow_bonus":"ONE_RANDOM_RARE_CARD","is_prod":false,"is_daily":false,"chose_seed":false,"campfire_upgraded":8,"win_rate":0,"timestamp":1561140584,"path_taken":["M","?","M","?","M","E","M","E","T","R","M","R","$","E","R","BOSS","M","?","?","?","M","E","R","E","T","?","M","$","E","?","R","BOSS","M","?","$","M","?","E","R","?","T","$","M","R","M","E","R","BOSS","R","$","E","BOSS"],"build_version":"2019-01-23","purchased_purges":4,"victory":true,"max_hp_per_floor":[80,80,80,80,80,80,80,80,80,80,80,80,80,80,80,80,80,80,80,80,80,80,80,80,80,80,80,80,80,80,80,80,80,80,80,80,80,80,80,80,80,80,80,80,80,80,80,80,80,80,80,80,80,80,80],"card_choices":[{"not_picked":["Armaments","Intimidate"],"picked":"Uppercut","floor":1.0},{"not_picked":["Havoc","Wild Strike"],"picked":"Iron Wave","floor":3.0},{"not_picked":["Power Through","Cleave"],"picked":"Clothesline","floor":4.0},{"not_picked":["Body Slam","True Grit"],"picked":"Pommel Strike","floor":5.0},{"not_picked":["Inflame","Sentinel"],"picked":"Reaper","floor":6.0},{"not_picked":["Pommel Strike","Twin Strike"],"picked":"Havoc","floor":7.0},{"not_picked":["Twin Strike","Entrench"],"picked":"Feel No Pain","floor":8.0},{"not_picked":["Wild Strike","Havoc"],"picked":"Shrug It Off","floor":11.0},{"not_picked":["Sword Boomerang","Sever Soul"],"picked":"Battle Trance","floor":14.0},{"not_picked":["Immolate","Reaper"],"picked":"Demon Form","floor":16.0},{"not_picked":["Twin Strike","Clothesline"],"picked":"Shrug It Off","floor":18.0},{"not_picked":["Blood for Blood+1","Intimidate+1"],"picked":"Pummel+1","floor":21.0},{"not_picked":["Thunderclap","Demon Form"],"picked":"Flame Barrier","floor":22.0},{"not_picked":["Headbutt","Blood for Blood"],"picked":"Exhume","floor":23.0},{"not_picked":["Heavy Blade","Sever Soul"],"picked":"Shrug It Off","floor":25.0},{"not_picked":["Twin Strike","Iron Wave"],"picked":"Metallicize","floor":28.0},{"not_picked":["Rampage","Ghostly Armor"],"picked":"Disarm+1","floor":30.0},{"not_picked":["Inflame","Sword Boomerang+1"],"picked":"Metallicize","floor":31.0},{"not_picked":["Reaper+1","Berserk"],"picked":"Limit Break","floor":33.0},{"not_picked":["Fire Breathing+1","Evolve","Anger+1"],"picked":"SKIP","floor":35.0},{"not_picked":["Twin Strike+1","Cleave+1"],"picked":"Heavy Blade+1","floor":38.0},{"not_picked":["Evolve","Iron Wave+1"],"picked":"True Grit","floor":40.0},{"not_picked":["Havoc","Feel No Pain","Wild Strike+1"],"picked":"Armaments+1","floor":45.0},{"not_picked":["Uppercut+1","Cleave+1","Sword Boomerang+1"],"picked":"Sever Soul+1","floor":47.0},{"not_picked":["Power Through","Flex","Body Slam+1"],"picked":"Feel No Pain","floor":48.0},{"not_picked":["Berserk","Clash+1","Inflame"],"picked":"Battle Trance","floor":54}],"player_experience":391574,"relics_obtained":[{"floor":6.0,"key":"Orichalcum"},{"floor":8.0,"key":"Mercury Hourglass"},{"floor":9.0,"key":"Self Forming Clay"},{"floor":14.0,"key":"Torii"},{"floor":20.0,"key":"Dodecahedron"},{"floor":23.0,"key":"Pen Nib"},{"floor":25.0,"key":"Girya"},{"floor":26.0,"key":"Magic Flower"},{"floor":30.0,"key":"Molten Egg 2"},{"floor":40.0,"key":"Question Card"},{"floor":48.0,"key":"Vajra"},{"floor":54,"key":"Gambling Chip"}],"event_choices":[{"damage_healed":0.0,"max_hp_gain":0.0,"max_hp_loss":0.0,"gold_gain":0.0,"cards_transformed":["Strike_R"],"event_name":"Transmorgrifier","player_choice":"Transformed","floor":2.0,"gold_loss":0.0,"damage_taken":0.0,"cards_obtained":["Metallicize"]},{"damage_healed":0.0,"max_hp_gain":0.0,"max_hp_loss":0.0,"gold_gain":0.0,"event_name":"The Library","player_choice":"Read","floor":19.0,"gold_loss":0.0,"damage_taken":0.0,"cards_obtained":["Havoc"]},{"damage_healed":0.0,"max_hp_gain":0.0,"max_hp_loss":0.0,"gold_gain":999.0,"event_name":"MindBloom","player_choice":"Gold","floor":36.0,"gold_loss":0.0,"damage_taken":0.0,"cards_obtained":["Normality","Normality"]},{"damage_healed":0.0,"max_hp_gain":0.0,"max_hp_loss":0.0,"gold_gain":0.0,"event_name":"Winding Halls","player_choice":"Embrace Madness","floor":39.0,"gold_loss":0.0,"damage_taken":10.0,"cards_obtained":["Madness","Madness"]},{"damage_healed":0.0,"max_hp_gain":0.0,"max_hp_loss":0.0,"gold_gain":0.0,"event_name":"Tomb of Lord Red Mask","player_choice":"Ignored","floor":42.0,"gold_loss":0.0,"damage_taken":0.0}],"is_beta":false,"boss_relics":[{"not_picked":["Black Blood","Empty Cage"],"picked":"Sozu"},{"not_picked":["Runic Cube","Mark of Pain"],"picked":"Coffee Dripper"}],"items_purged_floors":[13,27,37,44],"is_endless":false,"potions_floor_spawned":[3,4,5,7,21,22,25,30,33,35,47,54],"ascension_level":9}