{"gold_per_floor":[111,261,336,336,162,162,195,211,211,266,280,299,299,330,330,330],"floor_reached":16,"playtime":433,"items_purged":["Doubt"],"score":266,"play_id":"1a9d1c0b-d68c-4506-b603-9abbfda421a0","local_time":"20190702120645","is_ascension_mode":true,"campfire_choices":[{"data":"Bash","floor":6,"key":"SMITH"},{"data":"Evolve","floor":15,"key":"SMITH"}],"neow_cost":"NONE","seed_source_timestamp":348262370145600,"circlet_count":0,"master_deck":["AscendersBane","Strike_R","Strike_R","Strike_R","Strike_R","Strike_R","Defend_R","Defend_R","Defend_R","Defend_R","Bash+1","Cleave","Regret","Purity","Uppercut","Evolve+1","Reckless Charge","Flame Barrier","Corruption"],"relics":["Burning Blood","NeowsBlessing","Self Forming Clay","PreservedInsect","Ginger","Champion Belt","Ornamental Fan","Letter Opener"],"potions_floor_usage":[10,14,14],"damage_taken":[{"damage":0,"enemies":"2 Louse","floor":1,"turns":1},{"damage":0,"enemies":"3 Sentries","floor":7,"turns":1},{"damage":0,"enemies":"Jaw Worm","floor":8,"turns":1},{"damage":35,"enemies":"Lagavulin Event","floor":10,"turns":4},{"damage":8,"enemies":"Small Slimes","floor":11,"turns":3},{"damage":9,"enemies":"Looter","floor":12,"turns":5},{"damage":21,"enemies":"Lagavulin","floor":14,"turns":6},{"damage":28,"enemies":"Hexaghost","floor":16,"turns":7}],"seed_played":"-1737260491615341215","potions_obtained":[{"floor":8,"key":"Strength Potion"},{"floor":10,"key":"Poison Potion"},{"floor":12,"key":"SkillPotion"}],"is_trial":false,"path_per_floor":["M","?","?","?","$","R","E","M","T","?","M","M","T","E","R","B"],"character_chosen":"IRONCLAD","items_purchased":["Purity"],"campfire_rested":0,"item_purchase_floors":[5],"current_hp_per_floor":[74,74,63,63,63,63,69,75,75,46,44,41,41,26,26,0],"gold":330,"neow_bonus":"THREE_ENEMY_KILL","is_prod":false,"is_daily":false,"chose_seed":false,"campfire_upgraded":2,"win_rate":0,"timestamp":1562083605,"path_taken":["M","?","?","?","$","R","E","M","T","?","M","M","?","E","R","BOSS"],"build_version":"2019-07-01","purchased_purges":1,"victory":false,"max_hp_per_floor":[75,75,75,75,75,75,75,75,75,75,75,75,75,75,75,75],"card_choices":[{"not_picked":["Infernal Blade","Armaments"],"picked":"Cleave","floor":1},{"not_picked":["Twin Strike","Body Slam"],"picked":"Uppercut","floor":7},{"not_picked":["Iron Wave","Carnage"],"picked":"Evolve","floor":8},{"not_picked":["Battle Trance","Dropkick"],"picked":"Reckless Charge","floor":10},{"not_picked":["True Grit","Warcry"],"picked":"Flame Barrier","floor":11},{"not_picked":["Havoc","Heavy Blade"],"picked":"Corruption","floor":12},{"not_picked":["Clothesline","Heavy Blade","Perfected Strike"],"picked":"SKIP","floor":14}],"player_experience":1651672,"relics_obtained":[{"floor":7,"key":"PreservedInsect"},{"floor":9,"key":"Ginger"},{"floor":10,"key":"Champion Belt"},{"floor":13,"key":"Ornamental Fan"},{"floor":14,"key":"Letter Opener"}],"event_choices":[{"damage_healed":0,"gold_gain":150,"player_choice":"AGREE","damage_taken":0,"max_hp_gain":0,"max_hp_loss":0,"event_name":"Liars Game","floor":2,"gold_loss":0,"cards_obtained":["Doubt"]},{"damage_healed":0,"gold_gain":75,"player_choice":"Gather Gold","damage_taken":11,"max_hp_gain":0,"max_hp_loss":0,"event_name":"World of Goop","floor":3,"gold_loss":0},{"damage_healed":0,"gold_gain":0,"player_choice":"Box","damage_taken":0,"relics_obtained":["Self Forming Clay"],"max_hp_gain":0,"max_hp_loss":0,"event_name":"Big Fish","floor":4,"gold_loss":0,"cards_obtained":["Regret"]},{"damage_healed":0,"gold_gain":0,"player_choice":"Searched \u00272\u0027 times","damage_taken":0,"max_hp_gain":0,"max_hp_loss":0,"event_name":"Dead Adventurer","floor":10,"gold_loss":0}],"is_beta":false,"boss_relics":[],"items_purged_floors":[5],"is_endless":false,"potions_floor_spawned":[8,10,12],"killed_by":"Hexaghost","ascension_level":20}