{"gold_per_floor":[114,114,114,132,26,51,51,84,109,120,136,136,149,160,160,237,237,254,254,254,25,43,69,69,94,174,43,62,78,105,117,117,193,193,213,213,224,224,244,274,301,335,388,388,420,420,467,567,567,567,567,567,567,80,106,106],"floor_reached":56,"playtime":8382,"items_purged":["Strike_R","Defend_R"],"score":2231,"play_id":"b5a30ee4-b14a-4e92-94f2-6567cd2799bd","local_time":"20190718214934","is_ascension_mode":true,"campfire_choices":[{"data":"Armaments","floor":7.0,"key":"SMITH"},{"data":"Clothesline","floor":12.0,"key":"SMITH"},{"data":"Ghostly Armor","floor":15.0,"key":"SMITH"},{"data":"Demon Form","floor":24.0,"key":"SMITH"},{"data":"Armaments","floor":32.0,"key":"SMITH"},{"floor":44.0,"key":"RECALL"},{"data":"Shrug It Off","floor":46.0,"key":"SMITH"},{"data":"Demon Form","floor":49.0,"key":"SMITH"},{"data":"Offering","floor":53.0,"key":"SMITH"}],"neow_cost":"NONE","seed_source_timestamp":401685377039162,"circlet_count":0,"master_deck":["AscendersBane","Defend_R","Defend_R","Defend_R","Bash","Armaments+1","Anger","Clothesline+1","Battle Trance","Metallicize","Pommel Strike","Spot Weakness","Ghostly Armor+1","Shrug It Off+1","Demon Form+1","Clothesline","Ghostly","Ghostly","Ghostly","Reaper","Heavy Blade","Ghostly","Headbutt+1","Demon Form+1","Battle Trance","Battle Trance","Heavy Blade","Seeing Red+1","Armaments+1","Offering","Ghostly","Shrug It Off","Offering+1","Metallicize","Pommel Strike+1","Feel No Pain"],"special_seed":0,"relics":["Burning Blood","NeowsBlessing","Anchor","Self Forming Clay","Smiling Mask","Velvet Choker","DollysMirror","Bag of Preparation","Charon\u0027s Ashes","Shuriken","Pantograph","Coffee Dripper","Regal Pillow","Lantern","Ginger","Orichalcum","Du-Vu Doll","Unceasing Top","Lee\u0027s Waffle","Oddly Smooth Stone","Happy Flower"],"potions_floor_usage":[56,56],"damage_taken":[{"damage":0.0,"enemies":"Small Slimes","floor":1.0,"turns":1.0},{"damage":0.0,"enemies":"Cultist","floor":4.0,"turns":1.0},{"damage":0.0,"enemies":"Lagavulin","floor":6.0,"turns":1.0},{"damage":6.0,"enemies":"Gremlin Nob","floor":8.0,"turns":3.0},{"damage":0.0,"enemies":"2 Louse","floor":10.0,"turns":2.0},{"damage":0.0,"enemies":"Exordium Wildlife","floor":11.0,"turns":5.0},{"damage":8.0,"enemies":"Looter","floor":13.0,"turns":3.0},{"damage":0.0,"enemies":"Red Slaver","floor":14.0,"turns":4.0},{"damage":47.0,"enemies":"Slime Boss","floor":16.0,"turns":17.0},{"damage":7.0,"enemies":"Shell Parasite","floor":18.0,"turns":6.0},{"damage":16.0,"enemies":"Chosen","floor":22.0,"turns":6.0},{"damage":1.0,"enemies":"Gremlin Leader","floor":23.0,"turns":8.0},{"damage":0.0,"enemies":"Book of Stabbing","floor":25.0,"turns":6.0},{"damage":0.0,"enemies":"Snake Plant","floor":28.0,"turns":4.0},{"damage":14.0,"enemies":"Centurion and Healer","floor":29.0,"turns":7.0},{"damage":9.0,"enemies":"Slavers","floor":30.0,"turns":6.0},{"damage":0.0,"enemies":"Shelled Parasite and Fungi","floor":31.0,"turns":4.0},{"damage":23.0,"enemies":"Collector","floor":33.0,"turns":8.0},{"damage":0.0,"enemies":"Orb Walker","floor":35.0,"turns":4.0},{"damage":32.0,"enemies":"3 Darklings","floor":37.0,"turns":8.0},{"damage":6.0,"enemies":"Transient","floor":39.0,"turns":6.0},{"damage":40.0,"enemies":"Nemesis","floor":40.0,"turns":9.0},{"damage":13.0,"enemies":"Giant Head","floor":42.0,"turns":7.0},{"damage":1.0,"enemies":"Reptomancer","floor":45.0,"turns":4.0},{"damage":16.0,"enemies":"2 Orb Walkers","floor":47.0,"turns":4.0},{"damage":7.0,"enemies":"Mind Bloom Boss Battle","floor":48.0,"turns":5.0},{"damage":23.0,"enemies":"Time Eater","floor":50.0,"turns":9.0},{"damage":29.0,"enemies":"Donu and Deca","floor":51.0,"turns":9.0},{"damage":34.0,"enemies":"Shield and Spear","floor":55.0,"turns":5.0},{"damage":60,"enemies":"The Heart","floor":56,"turns":8}],"seed_played":"-4298541243382647357","potions_obtained":[{"floor":1.0,"key":"GamblersBrew"},{"floor":8.0,"key":"Poison Potion"},{"floor":13.0,"key":"Dexterity Potion"},{"floor":18.0,"key":"Fire Potion"},{"floor":39.0,"key":"PowerPotion"},{"floor":45.0,"key":"GamblersBrew"}],"is_trial":false,"path_per_floor":["M","?","?","M","$","E","R","E","T","M","M","R","M","M","R","B",null,"M","?","?","$","M","E","R","E","T","$","M","M","E","M","R","B",null,"M","?","M","?","M","E","T","E","T","R","E","R","?","?","R","B","B",null,"R","$","E","B"],"character_chosen":"IRONCLAD","items_purchased":["Clothesline","Battle Trance","DollysMirror","Battle Trance","Lee\u0027s Waffle","Oddly Smooth Stone","PowerPotion"],"campfire_rested":0,"item_purchase_floors":[5,5,21,27,54,54,54],"current_hp_per_floor":[74,67,67,73,73,75,75,75,75,75,75,75,73,75,75,34,65,64,37,37,37,37,37,37,37,37,37,37,37,34,37,37,20,33,37,37,37,37,37,22,22,37,37,37,37,37,37,37,37,37,37,37,37,44,44,0],"gold":106,"neow_bonus":"THREE_ENEMY_KILL","is_prod":false,"is_daily":false,"chose_seed":false,"campfire_upgraded":8,"win_rate":0,"timestamp":1563475774,"path_taken":["M","?","?","M","$","E","R","E","T","M","M","R","?","M","R","BOSS","M","?","?","$","M","E","R","E","T","?","M","M","E","M","R","BOSS","M","?","?","?","M","E","?","E","T","R","E","R","?","?","R","BOSS","BOSS","R","$","E","BOSS"],"build_version":"2019-07-17","purchased_purges":2,"victory":false,"max_hp_per_floor":[75,75,75,75,75,75,75,75,75,75,75,75,75,75,75,75,75,75,37,37,37,37,37,37,37,37,37,37,37,37,37,37,37,37,37,37,37,37,37,37,37,37,37,37,37,37,37,37,37,37,37,37,37,44,44,44],"card_choices":[{"not_picked":["Rage","Seeing Red"],"picked":"Armaments","floor":1.0},{"not_picked":["Heavy Blade","Headbutt"],"picked":"Anger","floor":4.0},{"not_picked":["Havoc","Burning Pact","True Grit"],"picked":"SKIP","floor":6.0},{"not_picked":["Brutality","Wild Strike"],"picked":"Metallicize","floor":8.0},{"not_picked":["Body Slam","Dropkick"],"picked":"Pommel Strike","floor":10.0},{"not_picked":["Rage","Perfected Strike"],"picked":"Spot Weakness","floor":11.0},{"not_picked":["Dropkick","Rage"],"picked":"Ghostly Armor","floor":13.0},{"not_picked":["True Grit","Armaments"],"picked":"Shrug It Off","floor":14.0},{"not_picked":["Berserk","Offering"],"picked":"Demon Form","floor":16.0},{"not_picked":["Thunderclap","Twin Strike"],"picked":"Clothesline","floor":18.0},{"not_picked":["Whirlwind","Perfected Strike"],"picked":"Headbutt+1","floor":22.0},{"not_picked":["Clothesline","Blood for Blood","Cleave"],"picked":"SKIP","floor":23.0},{"not_picked":["Rampage","Flex"],"picked":"Demon Form","floor":25.0},{"not_picked":["Heavy Blade","Havoc"],"picked":"Battle Trance","floor":28.0},{"not_picked":["Pummel+1","Clash+1"],"picked":"Heavy Blade","floor":29.0},{"not_picked":["Perfected Strike","Spot Weakness"],"picked":"Seeing Red+1","floor":30.0},{"not_picked":["Cleave","Heavy Blade"],"picked":"Armaments","floor":31.0},{"not_picked":["Immolate","Reaper"],"picked":"Offering","floor":33.0},{"not_picked":["Twin Strike","Iron Wave+1","Body Slam"],"picked":"SKIP","floor":35.0},{"not_picked":["Dual Wield","Body Slam"],"picked":"Shrug It Off","floor":37.0},{"not_picked":["Seeing Red","Inflame","Iron Wave"],"picked":"SKIP","floor":39.0},{"not_picked":["Bloodletting","Intimidate"],"picked":"Offering","floor":40.0},{"not_picked":["Iron Wave","Sword Boomerang","Corruption+1"],"picked":"SKIP","floor":42.0},{"not_picked":["Iron Wave","Sword Boomerang","Corruption+1"],"picked":"SKIP","floor":42.0},{"not_picked":["True Grit","Combust"],"picked":"Metallicize","floor":45.0},{"not_picked":["Anger","Pummel+1"],"picked":"Pommel Strike+1","floor":47.0},{"not_picked":["Carnage","Fire Breathing+1"],"picked":"Feel No Pain","floor":48.0},{"not_picked":["Warcry","Anger","Clash+1"],"picked":"SKIP","floor":55.0}],"player_experience":781655,"relics_obtained":[{"floor":6.0,"key":"Anchor"},{"floor":8.0,"key":"Self Forming Clay"},{"floor":9.0,"key":"Smiling Mask"},{"floor":23.0,"key":"Bag of Preparation"},{"floor":25.0,"key":"Charon\u0027s Ashes"},{"floor":26.0,"key":"Shuriken"},{"floor":30.0,"key":"Pantograph"},{"floor":40.0,"key":"Regal Pillow"},{"floor":41.0,"key":"Lantern"},{"floor":42.0,"key":"Ginger"},{"floor":45.0,"key":"Orichalcum"},{"floor":47.0,"key":"Du-Vu Doll"},{"floor":48.0,"key":"Unceasing Top"},{"floor":55.0,"key":"Happy Flower"}],"event_choices":[{"cards_removed":["Strike_R"],"damage_healed":0.0,"max_hp_gain":0.0,"max_hp_loss":0.0,"gold_gain":0.0,"event_name":"Golden Wing","player_choice":"Card Removal","floor":2.0,"gold_loss":0.0,"damage_taken":7.0},{"cards_removed":["Strike_R"],"damage_healed":0.0,"max_hp_gain":0.0,"max_hp_loss":0.0,"gold_gain":0.0,"event_name":"Wheel of Change","player_choice":"Card Removal","floor":3.0,"gold_loss":0.0,"damage_taken":0.0},{"damage_healed":0.0,"max_hp_gain":0.0,"max_hp_loss":38.0,"gold_gain":0.0,"event_name":"Ghosts","player_choice":"Became a Ghost","floor":19.0,"gold_loss":0.0,"damage_taken":0.0,"cards_obtained":["Ghostly","Ghostly","Ghostly"]},{"damage_healed":0.0,"max_hp_gain":0.0,"max_hp_loss":0.0,"gold_gain":0.0,"cards_transformed":["Strike_R","Strike_R"],"event_name":"Drug Dealer","player_choice":"Became Test Subject","floor":20.0,"gold_loss":0.0,"damage_taken":0.0,"cards_obtained":["Reaper","Heavy Blade"]},{"damage_healed":0.0,"max_hp_gain":0.0,"max_hp_loss":0.0,"gold_gain":0.0,"event_name":"Duplicator","player_choice":"Copied","floor":36.0,"gold_loss":0.0,"damage_taken":0.0,"cards_obtained":["Ghostly"]},{"damage_healed":0.0,"max_hp_gain":0.0,"max_hp_loss":0.0,"gold_gain":0.0,"event_name":"Tomb of Lord Red Mask","player_choice":"Ignored","floor":38.0,"gold_loss":0.0,"damage_taken":0.0},{"damage_healed":0.0,"max_hp_gain":0.0,"max_hp_loss":0.0,"gold_gain":0.0,"event_name":"Mysterious Sphere","player_choice":"Fight","floor":47.0,"gold_loss":0.0,"damage_taken":0.0},{"damage_healed":0.0,"max_hp_gain":0.0,"max_hp_loss":0.0,"gold_gain":0.0,"event_name":"MindBloom","player_choice":"Fight","floor":48.0,"gold_loss":0.0,"damage_taken":0.0}],"is_beta":false,"boss_relics":[{"not_picked":["Sozu","Black Star"],"picked":"Velvet Choker"},{"not_picked":["Calling Bell","Empty Cage"],"picked":"Coffee Dripper"}],"items_purged_floors":[27,54],"is_endless":false,"potions_floor_spawned":[1,8,13,16,18,29,30,33,37,39,45],"killed_by":"The Heart","ascension_level":20}