{"gold_per_floor":[116,116,116,116,134,167,178,178,178,190,216,280,52,152,152,257,257,267,287,53,70,169,169,186,186,186,204,204,233,244,262,262,358,408,424,434,77,92,144,144],"floor_reached":40,"playtime":168312,"items_purged":["Jack Of All Trades"],"score":443,"play_id":"060d97b2-07d1-40d9-9113-d5d8c3d64e56","local_time":"20190710132614","is_ascension_mode":false,"campfire_choices":[{"data":"Twin Strike","floor":8,"key":"SMITH"},{"floor":15,"key":"REST"},{"floor":23,"key":"REST"},{"data":"Shrug It Off","floor":25,"key":"SMITH"},{"data":"Armaments","floor":28,"key":"SMITH"},{"floor":32,"key":"REST"}],"neow_cost":"NONE","seed_source_timestamp":246845119423800,"circlet_count":0,"master_deck":["Strike_R","Strike_R","Strike_R","Strike_R","Strike_R","Defend_R","Defend_R","Defend_R","Defend_R","Bash+1","Twin Strike+1","Anger","Shockwave","Shrug It Off+1","Thunderclap","Headbutt","Carnage","Dropkick+1","Infernal Blade+1","Anger+1","Armaments+1","Warcry+1","Headbutt","Body Slam+1","Dropkick","Iron Wave+1","Uppercut","Pommel Strike+1"],"relics":["Burning Blood","NeowsBlessing","Pantograph","Blood Vial","Mummified Hand","Bag of Marbles","Centennial Puzzle","Sozu","Lantern","Magic Flower","Dodecahedron","Tiny House","Frozen Egg 2","Girya"],"potions_floor_usage":[36,39,39],"damage_taken":[{"damage":0,"enemies":"2 Louse","floor":1,"turns":1},{"damage":0,"enemies":"Small Slimes","floor":5,"turns":1},{"damage":0,"enemies":"Lagavulin","floor":6,"turns":1},{"damage":6,"enemies":"Jaw Worm","floor":7,"turns":3},{"damage":10,"enemies":"Lots of Slimes","floor":10,"turns":6},{"damage":23,"enemies":"Gremlin Nob","floor":11,"turns":5},{"damage":68,"enemies":"Slime Boss","floor":16,"turns":14},{"damage":10,"enemies":"Spheric Guardian","floor":18,"turns":3},{"damage":12,"enemies":"Shell Parasite","floor":19,"turns":3},{"damage":30,"enemies":"Shelled Parasite and Fungi","floor":21,"turns":4},{"damage":0,"enemies":"Snecko","floor":24,"turns":3},{"damage":5,"enemies":"Chosen and Byrds","floor":27,"turns":3},{"damage":5,"enemies":"Book of Stabbing","floor":29,"turns":4},{"damage":12,"enemies":"Shelled Parasite and Fungi","floor":30,"turns":3},{"damage":6,"enemies":"3 Cultists","floor":31,"turns":4},{"damage":63,"enemies":"Champ","floor":33,"turns":9},{"damage":4,"enemies":"3 Shapes","floor":35,"turns":2},{"damage":13,"enemies":"Orb Walker","floor":36,"turns":3},{"damage":12,"enemies":"Spire Growth","floor":38,"turns":3},{"damage":27,"enemies":"2 Orb Walkers","floor":39,"turns":4},{"damage":74,"enemies":"Giant Head","floor":40,"turns":7}],"seed_played":"-4949730834590881665","potions_obtained":[{"floor":6,"key":"Block Potion"},{"floor":10,"key":"Block Potion"},{"floor":16,"key":"Explosive Potion"}],"is_trial":false,"path_per_floor":["M","?","?","?","M","E","M","R","T","M","E","?","$","?","R","B",null,"M","M","$","M","?","R","M","R","T","M","R","E","M","M","R","B",null,"M","M","$","M","?","E"],"character_chosen":"IRONCLAD","items_purchased":["Carnage","Centennial Puzzle","Lantern","Jack Of All Trades","Frozen Egg 2","Uppercut"],"campfire_rested":3,"item_purchase_floors":[13,13,20,20,37,37],"current_hp_per_floor":[80,80,77,77,80,80,80,80,80,76,61,61,61,61,80,18,80,76,72,72,50,50,74,80,80,80,80,80,80,77,80,80,26,85,85,81,81,81,66,0],"gold":144,"neow_bonus":"THREE_ENEMY_KILL","is_prod":false,"is_daily":false,"chose_seed":false,"campfire_upgraded":3,"win_rate":0.0,"timestamp":1562761574,"path_taken":["M","?","?","?","?","E","M","R","T","?","E","?","$","?","R","BOSS","M","?","$","?","?","R","M","R","T","M","R","E","M","M","R","BOSS","M","M","$","M","?","E"],"build_version":"2019-07-05","purchased_purges":1,"victory":false,"max_hp_per_floor":[80,80,80,80,80,80,80,80,80,80,80,80,80,80,80,80,80,80,80,80,80,80,80,80,80,80,80,80,80,80,80,80,80,85,85,85,85,85,85,85],"card_choices":[{"not_picked":["Power Through","True Grit"],"picked":"Twin Strike","floor":1},{"not_picked":["Perfected Strike","True Grit"],"picked":"Anger","floor":5},{"not_picked":["Dark Embrace","Perfected Strike"],"picked":"Shockwave","floor":6},{"not_picked":["Clash","Armaments"],"picked":"Shrug It Off","floor":7},{"not_picked":["Sever Soul","Anger"],"picked":"Thunderclap","floor":10},{"not_picked":["Sword Boomerang","Armaments"],"picked":"Headbutt","floor":11},{"not_picked":["Intimidate","Rampage"],"picked":"Dropkick+1","floor":18},{"not_picked":["Blood for Blood+1","Carnage"],"picked":"Infernal Blade+1","floor":19},{"not_picked":["Warcry","Iron Wave"],"picked":"Anger","floor":21},{"not_picked":["True Grit+1","Flex"],"picked":"Armaments","floor":24},{"not_picked":["Iron Wave","Offering","Clothesline"],"picked":"SKIP","floor":27},{"not_picked":["Metallicize","Reckless Charge"],"picked":"Warcry+1","floor":29},{"not_picked":["Feel No Pain+1","Cleave+1"],"picked":"Headbutt","floor":30},{"not_picked":["Clash","Twin Strike","Clothesline"],"picked":"SKIP","floor":31},{"not_picked":["Flame Barrier","Sword Boomerang"],"picked":"Body Slam+1","floor":34},{"not_picked":["Uppercut+1","Entrench"],"picked":"Dropkick","floor":35},{"not_picked":["Disarm","Shockwave"],"picked":"Iron Wave+1","floor":36},{"not_picked":["Flex+1","Twin Strike","Feel No Pain+1"],"picked":"SKIP","floor":38},{"not_picked":["Battle Trance","Reckless Charge+1"],"picked":"Pommel Strike+1","floor":39}],"player_experience":4847,"relics_obtained":[{"floor":6,"key":"Blood Vial"},{"floor":9,"key":"Mummified Hand"},{"floor":11,"key":"Bag of Marbles"},{"floor":26,"key":"Magic Flower"},{"floor":29,"key":"Dodecahedron"},{"floor":39,"key":"Girya"}],"event_choices":[{"damage_healed":0,"gold_gain":0,"player_choice":"Grow","damage_taken":0,"max_hp_gain":0,"max_hp_loss":0,"event_name":"Living Wall","floor":2,"gold_loss":0,"cards_upgraded":["Bash"]},{"damage_healed":0,"gold_gain":0,"player_choice":"Success","damage_taken":3,"relics_obtained":["Pantograph"],"max_hp_gain":0,"max_hp_loss":0,"event_name":"Scrap Ooze","floor":3,"gold_loss":0},{"damage_healed":0,"gold_gain":0,"player_choice":"Leave","damage_taken":0,"max_hp_gain":0,"max_hp_loss":0,"event_name":"The Cleric","floor":4,"gold_loss":0},{"damage_healed":0,"gold_gain":64,"player_choice":"Gained Gold","damage_taken":0,"max_hp_gain":0,"max_hp_loss":0,"event_name":"Golden Wing","floor":12,"gold_loss":0},{"damage_healed":0,"gold_gain":100,"player_choice":"Pray","damage_taken":0,"max_hp_gain":0,"max_hp_loss":0,"event_name":"Golden Shrine","floor":14,"gold_loss":0},{"damage_healed":0,"gold_gain":99,"player_choice":"Stole From Cult","damage_taken":0,"max_hp_gain":0,"max_hp_loss":0,"event_name":"Nest","floor":22,"gold_loss":0},{"damage_healed":0,"gold_gain":0,"player_choice":"Fight","damage_taken":0,"max_hp_gain":0,"max_hp_loss":0,"event_name":"Mysterious Sphere","floor":39,"gold_loss":0}],"is_beta":false,"boss_relics":[{"not_picked":["Fusion Hammer","White Beast Statue"],"picked":"Sozu"},{"not_picked":["Coffee Dripper","Black Star"],"picked":"Tiny House"}],"items_purged_floors":[37],"is_endless":false,"potions_floor_spawned":[6,10,16,19,21,29,30,31,36,38],"killed_by":"Giant Head","ascension_level":0}