{"gold_per_floor":[118,118,118,39,55,55,55,389,389,419,419,439,439,454,454,575,575,595,19,37,53,68,68,107,121,121,155,171,196,196,229,229,348,348,366,366,441,465,488,488,528,528,528,562,574,586],"floor_reached":46,"playtime":8679,"items_purged":["Injury"],"score":763,"play_id":"fa4f299c-7199-42a6-94d1-ef24bdae7713","local_time":"20190612161046","is_ascension_mode":true,"campfire_choices":[{"data":"Noxious Fumes","floor":6.0,"key":"SMITH"},{"floor":13.0,"key":"REST"},{"data":"Catalyst","floor":15.0,"key":"SMITH"},{"data":"After Image","floor":23.0,"key":"SMITH"},{"floor":30.0,"key":"REST"},{"data":"Well Laid Plans","floor":32.0,"key":"SMITH"},{"floor":40.0,"key":"REST"},{"data":"Footwork","floor":42.0,"key":"SMITH"},{"data":"After Image","floor":45.0,"key":"SMITH"}],"neow_cost":"NONE","seed_source_timestamp":0,"circlet_count":0,"master_deck":["Defend_G","Defend_G","Defend_G","Defend_G+1","Defend_G","Strike_G","Strike_G","Strike_G","Strike_G+1","Survivor","Neutralize","PiercingWail","Noxious Fumes+1","Acrobatics","Catalyst+1","Acrobatics","Deadly Poison","Poisoned Stab","After Image+1","Backflip","Well Laid Plans+1","Backflip","Catalyst","Backflip+1","After Image+1","Normality","Acrobatics","Deflect","Blur+1","Acrobatics","A Thousand Cuts","Deadly Poison+1","Madness","Madness","Footwork","Bullet Time","Footwork+1","Normality","Footwork"],"special_seed":0,"relics":["White Beast Statue","Old Coin","Smiling Mask","Golden Idol","Cursed Key","Question Card","TwistedFunnel","Strawberry","Shuriken","Bottled Lightning","Ninja Scroll","Sozu","The Courier","Pantograph","MawBank"],"potions_floor_usage":[46],"damage_taken":[{"damage":7.0,"enemies":"Cultist","floor":1.0,"turns":5.0},{"damage":2.0,"enemies":"2 Louse","floor":5.0,"turns":3.0},{"damage":30.0,"enemies":"Lagavulin","floor":8.0,"turns":9.0},{"damage":12.0,"enemies":"3 Sentries","floor":10.0,"turns":7.0},{"damage":4.0,"enemies":"Small Slimes","floor":12.0,"turns":7.0},{"damage":1.0,"enemies":"Blue Slaver","floor":14.0,"turns":5.0},{"damage":18.0,"enemies":"Hexaghost","floor":16.0,"turns":7.0},{"damage":0.0,"enemies":"Chosen","floor":18.0,"turns":4.0},{"damage":6.0,"enemies":"3 Byrds","floor":20.0,"turns":4.0},{"damage":0.0,"enemies":"Centurion and Healer","floor":21.0,"turns":6.0},{"damage":6.0,"enemies":"Snake Plant","floor":22.0,"turns":3.0},{"damage":19.0,"enemies":"Slavers","floor":24.0,"turns":5.0},{"damage":19.0,"enemies":"3 Cultists","floor":25.0,"turns":8.0},{"damage":19.0,"enemies":"Gremlin Leader","floor":27.0,"turns":6.0},{"damage":1.0,"enemies":"Centurion and Healer","floor":28.0,"turns":6.0},{"damage":0.0,"enemies":"Chosen and Byrds","floor":29.0,"turns":6.0},{"damage":0.0,"enemies":"Book of Stabbing","floor":31.0,"turns":6.0},{"damage":30.0,"enemies":"Collector","floor":33.0,"turns":9.0},{"damage":7.0,"enemies":"Orb Walker","floor":35.0,"turns":5.0},{"damage":32.0,"enemies":"3 Darklings","floor":38.0,"turns":5.0},{"damage":0.0,"enemies":"Sphere and 2 Shapes","floor":39.0,"turns":5.0},{"damage":11.0,"enemies":"Nemesis","floor":41.0,"turns":7.0},{"damage":2.0,"enemies":"Giant Head","floor":44.0,"turns":7.0},{"damage":44,"enemies":"Transient","floor":46,"turns":2}],"seed_played":"-2229416671403557198","potions_obtained":[{"floor":1.0,"key":"Weak Potion"},{"floor":5.0,"key":"EssenceOfSteel"},{"floor":8.0,"key":"LiquidBronze"},{"floor":10.0,"key":"Energy Potion"},{"floor":12.0,"key":"PowerPotion"},{"floor":16.0,"key":"PowerPotion"},{"floor":20.0,"key":"GhostInAJar"},{"floor":21.0,"key":"Poison Potion"},{"floor":24.0,"key":"Poison Potion"},{"floor":25.0,"key":"EssenceOfSteel"},{"floor":27.0,"key":"GhostInAJar"},{"floor":28.0,"key":"Poison Potion"},{"floor":29.0,"key":"Dexterity Potion"},{"floor":31.0,"key":"Regen Potion"},{"floor":33.0,"key":"Strength Potion"}],"is_trial":false,"path_per_floor":["M","?","?","$","M","R","?","E","T","E","?","M","R","M","R","B",null,"M","$","M","M","M","R","E","M","T","E","M","M","R","E","R","B",null,"M","?","?","M","M","R","E","R","T","E","R","M"],"character_chosen":"THE_SILENT","items_purchased":["Noxious Fumes","Well Laid Plans","Question Card","TwistedFunnel"],"campfire_rested":3,"item_purchase_floors":[4,19,19,19],"current_hp_per_floor":[63,56,42,42,40,40,63,33,33,21,21,17,38,37,37,19,70,70,70,64,64,58,58,46,27,27,8,7,7,30,30,30,15,77,70,60,53,21,21,44,33,33,33,31,31,0],"gold":586,"neow_bonus":"BOSS_RELIC","is_prod":false,"is_daily":false,"chose_seed":false,"campfire_upgraded":6,"win_rate":1,"timestamp":1560345046,"path_taken":["M","?","?","$","M","R","?","E","T","E","?","M","R","M","R","BOSS","M","$","M","M","M","R","E","M","T","E","M","M","R","E","R","BOSS","M","?","?","M","?","R","E","R","T","E","R","M"],"build_version":"2019-01-23","purchased_purges":1,"victory":false,"max_hp_per_floor":[70,70,70,70,70,70,70,70,70,70,70,70,70,70,70,70,70,70,70,70,70,70,70,77,77,77,77,77,77,77,77,77,77,77,77,77,77,77,77,77,77,77,77,77,77,77],"card_choices":[{"not_picked":["Dodge and Roll","Acrobatics"],"picked":"PiercingWail","floor":1.0},{"not_picked":["Sucker Punch","Dagger Spray"],"picked":"Acrobatics","floor":5.0},{"not_picked":["Poisoned Stab","Terror"],"picked":"Catalyst","floor":8.0},{"not_picked":["Slice","Reflex"],"picked":"Acrobatics","floor":10.0},{"not_picked":["Distraction","Prepared"],"picked":"Deadly Poison","floor":12.0},{"not_picked":["Acrobatics","Blade Dance"],"picked":"Poisoned Stab","floor":14.0},{"not_picked":["Wraith Form v2","Unload"],"picked":"After Image","floor":16.0},{"not_picked":["Dodge and Roll","Distraction+1"],"picked":"Backflip","floor":18.0},{"not_picked":["Masterful Stab","Underhanded Strike+1","Dagger Throw","Sucker Punch"],"picked":"SKIP","floor":20.0},{"not_picked":["Flying Knee","Reflex","Poisoned Stab+1"],"picked":"Backflip","floor":21.0},{"not_picked":["Prepared+1","Accuracy","Bane"],"picked":"Catalyst","floor":22.0},{"not_picked":["Accuracy","Acrobatics+1","Masterful Stab"],"picked":"Backflip+1","floor":24.0},{"not_picked":["Dagger Spray+1","Sucker Punch","Riddle With Holes+1"],"picked":"After Image","floor":25.0},{"not_picked":["Dagger Spray","Flechettes+1","All Out Attack"],"picked":"Acrobatics","floor":27.0},{"not_picked":["Bouncing Flask","Quick Slash","Choke+1"],"picked":"Deflect","floor":28.0},{"not_picked":["Cloak And Dagger","All Out Attack+1","Eviscerate"],"picked":"Blur+1","floor":29.0},{"not_picked":["Outmaneuver","Slice","Cloak And Dagger"],"picked":"Acrobatics","floor":31.0},{"not_picked":["Doppelganger","Wraith Form v2","Storm of Steel"],"picked":"A Thousand Cuts","floor":33.0},{"not_picked":["Poisoned Stab","Terror+1","Deflect+1"],"picked":"Deadly Poison+1","floor":35.0},{"not_picked":["Finisher","Dagger Spray+1","Endless Agony"],"picked":"Footwork","floor":38.0},{"not_picked":["Reflex","Endless Agony","Leg Sweep"],"picked":"Bullet Time","floor":39.0},{"not_picked":["Blade Dance","Heel Hook","Bouncing Flask"],"picked":"Footwork","floor":41.0},{"not_picked":["Blade Dance+1","Choke","Poisoned Stab+1"],"picked":"Footwork","floor":44.0}],"player_experience":104129,"relics_obtained":[{"floor":8.0,"key":"Old Coin"},{"floor":10.0,"key":"Smiling Mask"},{"floor":24.0,"key":"Strawberry"},{"floor":26.0,"key":"Shuriken"},{"floor":27.0,"key":"Bottled Lightning"},{"floor":31.0,"key":"Ninja Scroll"},{"floor":41.0,"key":"The Courier"},{"floor":43.0,"key":"Pantograph"},{"floor":44.0,"key":"MawBank"}],"event_choices":[{"cards_removed":["Strike_G"],"damage_healed":0.0,"max_hp_gain":0.0,"max_hp_loss":0.0,"gold_gain":0.0,"event_name":"Golden Wing","player_choice":"Card Removal","floor":2.0,"gold_loss":0.0,"damage_taken":7.0},{"damage_healed":0.0,"max_hp_gain":0.0,"max_hp_loss":0.0,"gold_gain":0.0,"event_name":"Shining Light","player_choice":"Entered Light","floor":3.0,"gold_loss":0.0,"damage_taken":14.0,"cards_upgraded":["Defend_G","Strike_G"]},{"damage_healed":23.0,"max_hp_gain":0.0,"max_hp_loss":0.0,"gold_gain":0.0,"event_name":"Big Fish","player_choice":"Banana","floor":7.0,"gold_loss":0.0,"damage_taken":0.0},{"damage_healed":0.0,"max_hp_gain":0.0,"max_hp_loss":0.0,"gold_gain":0.0,"event_name":"Golden Idol","player_choice":"Take Wound","floor":11.0,"gold_loss":0.0,"damage_taken":0.0,"relics_obtained":["Golden Idol"],"cards_obtained":["Injury"]},{"damage_healed":0.0,"max_hp_gain":0.0,"max_hp_loss":0.0,"gold_gain":0.0,"event_name":"Winding Halls","player_choice":"Embrace Madness","floor":36.0,"gold_loss":0.0,"damage_taken":10.0,"cards_obtained":["Madness","Madness"]},{"damage_healed":0.0,"max_hp_gain":0.0,"max_hp_loss":0.0,"gold_gain":75.0,"event_name":"FaceTrader","player_choice":"Touch","floor":37.0,"gold_loss":0.0,"damage_taken":7.0}],"is_beta":false,"boss_relics":[{"not_picked":["Lizard Tail","Ectoplasm"],"picked":"Cursed Key"},{"not_picked":["Pandora\u0027s Box","Eternal Feather"],"picked":"Sozu"}],"items_purged_floors":[19],"is_endless":false,"potions_floor_spawned":[1,5,8,10,12,14,16,18,20,21,22,24,25,27,28,29,31,33,35,38,39,41,44],"killed_by":"Transient","ascension_level":3}