{"gold_per_floor":[115,190,190,203,221,250,36,53,79,79,99,113,141,141],"floor_reached":14,"playtime":916,"items_purged":["Defend_B"],"score":102,"play_id":"a6b6b235-02f5-4cf0-a662-f8ec8708d66e","local_time":"20190712114221","is_ascension_mode":false,"campfire_choices":[{"floor":10,"key":"REST"}],"neow_cost":"NONE","seed_source_timestamp":56396220234000,"circlet_count":0,"master_deck":["Strike_B","Strike_B","Strike_B","Defend_B+1","Defend_B","Defend_B","Zap","Dualcast+1","Ball Lightning","Coolheaded","Ball Lightning","Compile Driver","Capacitor","All For One","Storm","Self Repair","Coolheaded","Fusion"],"relics":["Cracked Core","NeowsBlessing","War Paint","Pen Nib","Orichalcum"],"potions_floor_usage":[6,13,13],"damage_taken":[{"damage":0,"enemies":"Jaw Worm","floor":1,"turns":1},{"damage":0,"enemies":"Small Slimes","floor":4,"turns":1},{"damage":0,"enemies":"Cultist","floor":5,"turns":1},{"damage":19,"enemies":"Lagavulin","floor":6,"turns":5},{"damage":0,"enemies":"Blue Slaver","floor":8,"turns":1},{"damage":21,"enemies":"Lots of Slimes","floor":11,"turns":3},{"damage":14,"enemies":"2 Fungi Beasts","floor":12,"turns":3},{"damage":35,"enemies":"3 Sentries","floor":13,"turns":6},{"damage":11,"enemies":"Large Slime","floor":14,"turns":1}],"seed_played":"-1243135347771592398","potions_obtained":[{"floor":5,"key":"Swift Potion"},{"floor":8,"key":"FearPotion"},{"floor":12,"key":"Strength Potion"},{"floor":13,"key":"LiquidBronze"}],"is_trial":false,"path_per_floor":["M","?","?","M","M","E","$","M","T","R","M","M","E","M"],"character_chosen":"DEFECT","items_purchased":["Capacitor","All For One"],"campfire_rested":1,"item_purchase_floors":[7,7],"current_hp_per_floor":[75,64,64,64,64,45,45,45,45,67,46,39,11,0],"gold":141,"neow_bonus":"THREE_ENEMY_KILL","is_prod":false,"is_daily":false,"chose_seed":false,"campfire_upgraded":0,"win_rate":0.0,"timestamp":1562928141,"path_taken":["M","?","?","M","M","E","$","?","T","R","M","M","E","M"],"build_version":"2019-07-05","purchased_purges":1,"victory":false,"max_hp_per_floor":[75,75,75,75,75,75,75,75,75,75,75,75,75,75],"card_choices":[{"not_picked":["Cold Snap","Auto Shields"],"picked":"Ball Lightning","floor":1},{"not_picked":["Hello World","Streamline"],"picked":"Coolheaded","floor":4},{"not_picked":["Double Energy","Cold Snap"],"picked":"Ball Lightning","floor":5},{"not_picked":["Stack","Coolheaded"],"picked":"Compile Driver","floor":6},{"not_picked":["Rainbow","Gash"],"picked":"Storm","floor":8},{"not_picked":["Compile Driver","Go for the Eyes"],"picked":"Self Repair","floor":11},{"not_picked":["Chill","BootSequence"],"picked":"Coolheaded","floor":12},{"not_picked":["Lockon","Streamline"],"picked":"Fusion","floor":13}],"player_experience":226472,"relics_obtained":[{"floor":6,"key":"War Paint"},{"floor":9,"key":"Pen Nib"},{"floor":13,"key":"Orichalcum"}],"event_choices":[{"damage_healed":0,"gold_gain":75,"player_choice":"Gather Gold","damage_taken":11,"max_hp_gain":0,"max_hp_loss":0,"event_name":"World of Goop","floor":2,"gold_loss":0},{"cards_removed":["Strike_B"],"damage_healed":0,"gold_gain":0,"player_choice":"Purged","damage_taken":0,"max_hp_gain":0,"max_hp_loss":0,"event_name":"Purifier","floor":3,"gold_loss":0}],"is_beta":false,"boss_relics":[],"items_purged_floors":[7],"is_endless":false,"potions_floor_spawned":[5,8,12,13],"killed_by":"Large Slime","ascension_level":0}