{"gold_per_floor":[110,124,144,161,161,161,175,175,175,210,210,221,221,21,21,98,98,84,84,84,9,9,9,9],"floor_reached":24,"playtime":819,"items_purged":[],"score":340,"play_id":"4f50d972-0970-4c1b-ad07-3188f7cc913f","local_time":"20190710080146","is_ascension_mode":true,"campfire_choices":[{"floor":6,"key":"REST"},{"floor":8,"key":"REST"},{"floor":11,"key":"REST"},{"floor":13,"key":"REST"},{"data":"True Grit","floor":15,"key":"SMITH"},{"floor":23,"key":"REST"}],"neow_cost":"NONE","seed_source_timestamp":1024375635602900,"circlet_count":0,"master_deck":["AscendersBane","Strike_R","Strike_R","Strike_R","Strike_R","Defend_R","Defend_R","Defend_R","Defend_R","Bash","Clothesline","Hemokinesis","Shockwave","True Grit+1","Whirlwind","Burning Pact","Flex","Fiend Fire","Sword Boomerang"],"relics":["Burning Blood","Oddly Smooth Stone","Omamori","Mummified Hand","Paper Frog","Bag of Preparation","Black Star","MutagenicStrength"],"potions_floor_usage":[7,12,16,16,24],"damage_taken":[{"damage":14,"enemies":"Small Slimes","floor":1,"turns":4},{"damage":3,"enemies":"2 Louse","floor":2,"turns":3},{"damage":7,"enemies":"Cultist","floor":3,"turns":3},{"damage":15,"enemies":"3 Louse","floor":4,"turns":4},{"damage":5,"enemies":"Exordium Thugs","floor":7,"turns":6},{"damage":49,"enemies":"Lagavulin","floor":10,"turns":11},{"damage":0,"enemies":"Gremlin Gang","floor":12,"turns":1},{"damage":59,"enemies":"The Guardian","floor":16,"turns":16},{"damage":30,"enemies":"2 Thieves","floor":18,"turns":4},{"damage":66,"enemies":"Gremlin Leader","floor":24,"turns":5}],"seed_played":"-2281449353046839244","potions_obtained":[{"floor":4,"key":"Explosive Potion"},{"floor":10,"key":"Explosive Potion"},{"floor":12,"key":"AttackPotion"},{"floor":22,"key":"FairyPotion"},{"floor":22,"key":"FearPotion"}],"is_trial":false,"path_per_floor":["M","M","M","M","?","R","M","R","T","E","R","M","R","$","R","B",null,"M","?","?","?","?","R","E"],"character_chosen":"IRONCLAD","items_purchased":["Bag of Preparation","Weak Potion"],"campfire_rested":5,"item_purchase_floors":[14,14],"current_hp_per_floor":[60,63,62,53,8,30,31,53,53,10,32,38,60,60,60,7,58,34,34,34,34,34,56,0],"gold":9,"neow_bonus":"RANDOM_COMMON_RELIC","is_prod":false,"is_daily":false,"chose_seed":false,"campfire_upgraded":1,"win_rate":0,"timestamp":1562760106,"path_taken":["M","M","M","M","?","R","M","R","T","E","R","M","R","$","R","BOSS","M","?","?","?","?","R","E"],"build_version":"2019-07-05","purchased_purges":0,"victory":false,"max_hp_per_floor":[75,75,75,75,75,75,75,75,75,75,75,75,75,75,75,75,75,75,75,75,75,75,75,75],"card_choices":[{"not_picked":["True Grit","Sword Boomerang"],"picked":"Clothesline","floor":1},{"not_picked":["Carnage","Anger"],"picked":"Hemokinesis","floor":2},{"not_picked":["Dual Wield","Thunderclap"],"picked":"Shockwave","floor":3},{"not_picked":["Hemokinesis","Clothesline"],"picked":"True Grit","floor":4},{"not_picked":["Clothesline","Sword Boomerang"],"picked":"Whirlwind","floor":7},{"not_picked":["Body Slam","Metallicize"],"picked":"Burning Pact","floor":10},{"not_picked":["Perfected Strike","Clothesline"],"picked":"Flex","floor":12},{"not_picked":["Brutality","Juggernaut"],"picked":"Fiend Fire","floor":16},{"not_picked":["Reckless Charge","True Grit"],"picked":"Sword Boomerang","floor":18}],"player_experience":1814568,"relics_obtained":[{"floor":9,"key":"Mummified Hand"},{"floor":10,"key":"Paper Frog"}],"event_choices":[{"damage_healed":0,"gold_gain":0,"player_choice":"Success","damage_taken":45,"relics_obtained":["Omamori"],"max_hp_gain":0,"max_hp_loss":0,"event_name":"Scrap Ooze","floor":5,"gold_loss":0},{"damage_healed":0,"gold_gain":0,"player_choice":"Ignored","damage_taken":0,"max_hp_gain":0,"max_hp_loss":0,"event_name":"Vampires","floor":19,"gold_loss":0},{"damage_healed":0,"gold_gain":0,"player_choice":"Inject Mutagens","damage_taken":0,"relics_obtained":["MutagenicStrength"],"max_hp_gain":0,"max_hp_loss":0,"event_name":"Drug Dealer","floor":20,"gold_loss":0},{"cards_removed":["Strike_R"],"damage_healed":0,"gold_gain":0,"player_choice":"Gave Gold","damage_taken":0,"max_hp_gain":0,"max_hp_loss":0,"event_name":"Beggar","floor":21,"gold_loss":75},{"damage_healed":0,"gold_gain":0,"player_choice":"Got Potions","damage_taken":0,"max_hp_gain":0,"max_hp_loss":0,"event_name":"Lab","floor":22,"gold_loss":0}],"is_beta":false,"boss_relics":[{"not_picked":["Lizard Tail","Black Blood"],"picked":"Black Star"}],"items_purged_floors":[],"is_endless":false,"potions_floor_spawned":[4,10,12],"killed_by":"Gremlin Leader","ascension_level":15}