{"gold_per_floor":[113,113,131,151,151,190,190,228,228,228,253,253,266,297,297,393,393,408,408,190,215,236,236,276,15,15,15,40,73,88,124,124,214,214,228,241,42,65,90,133,156,199,222,256,279,292,292,306,306,306,306,306,306,12,51,51],"floor_reached":57,"playtime":10707,"items_purged":["Strike_R","Strike_R"],"score":2902,"play_id":"fce903da-98b9-43ad-b8cc-755b2d262ced","local_time":"20190725014830","is_ascension_mode":true,"campfire_choices":[{"floor":7.0,"key":"REST"},{"floor":12.0,"key":"REST"},{"data":"Demon Form","floor":15.0,"key":"SMITH"},{"data":"Ghostly Armor","floor":23.0,"key":"SMITH"},{"floor":27.0,"key":"REST"},{"data":"Apotheosis","floor":32.0,"key":"SMITH"},{"floor":47.0,"key":"RECALL"},{"data":"Feel No Pain","floor":49.0,"key":"SMITH"},{"floor":53.0,"key":"REST"}],"neow_cost":"NONE","seed_source_timestamp":0,"circlet_count":0,"master_deck":["AscendersBane","Strike_R","Strike_R","Defend_R","Defend_R","Defend_R","Defend_R","Bash+1","Battle Trance","Ghostly Armor+1","Pommel Strike","Demon Form+1","Reaper","Heavy Blade","Pommel Strike","Sword Boomerang","Shrug It Off","Power Through","Second Wind","Impervious","Warcry","Feel No Pain","Exhume","Shrug It Off","Shrug It Off+1","Entrench","Apotheosis+1","Combust","Feel No Pain+1","Evolve","Warcry","Spot Weakness","Impervious","Demon Form","Disarm","Havoc","Corruption","Shockwave","Body Slam","Corruption+1","Shrug It Off+1","Spot Weakness","Reaper","Shockwave","Uppercut"],"special_seed":0,"relics":["Burning Blood","Golden Idol","Dream Catcher","StoneCalendar","Self Forming Clay","Mummified Hand","Strawberry","Mark of Pain","Unceasing Top","Torii","Pantograph","Sundial","Ginger","Sozu","Potion Belt","Dodecahedron","Frozen Egg 2","Vajra","Kunai"],"potions_floor_usage":[],"damage_taken":[{"damage":4.0,"enemies":"Small Slimes","floor":1.0,"turns":4.0},{"damage":4.0,"enemies":"Jaw Worm","floor":3.0,"turns":5.0},{"damage":1.0,"enemies":"Cultist","floor":4.0,"turns":4.0},{"damage":45.0,"enemies":"3 Sentries","floor":6.0,"turns":10.0},{"damage":32.0,"enemies":"Gremlin Nob","floor":8.0,"turns":4.0},{"damage":19.0,"enemies":"Lots of Slimes","floor":11.0,"turns":5.0},{"damage":14.0,"enemies":"3 Louse","floor":13.0,"turns":5.0},{"damage":27.0,"enemies":"3 Sentries","floor":14.0,"turns":7.0},{"damage":35.0,"enemies":"Hexaghost","floor":16.0,"turns":7.0},{"damage":16.0,"enemies":"Spheric Guardian","floor":18.0,"turns":5.0},{"damage":13.0,"enemies":"Shell Parasite","floor":21.0,"turns":6.0},{"damage":36.0,"enemies":"Centurion and Healer","floor":22.0,"turns":11.0},{"damage":32.0,"enemies":"Book of Stabbing","floor":24.0,"turns":6.0},{"damage":22.0,"enemies":"Cultist and Chosen","floor":28.0,"turns":6.0},{"damage":36.0,"enemies":"Slavers","floor":29.0,"turns":6.0},{"damage":6.0,"enemies":"3 Cultists","floor":30.0,"turns":6.0},{"damage":31.0,"enemies":"Book of Stabbing","floor":31.0,"turns":6.0},{"damage":62.0,"enemies":"Collector","floor":33.0,"turns":10.0},{"damage":7.0,"enemies":"Orb Walker","floor":35.0,"turns":4.0},{"damage":2.0,"enemies":"3 Darklings","floor":36.0,"turns":7.0},{"damage":27.0,"enemies":"Sphere and 2 Shapes","floor":38.0,"turns":5.0},{"damage":33.0,"enemies":"Spire Growth","floor":39.0,"turns":6.0},{"damage":56.0,"enemies":"Reptomancer","floor":40.0,"turns":6.0},{"damage":47.0,"enemies":"Transient","floor":41.0,"turns":6.0},{"damage":1.0,"enemies":"Nemesis","floor":42.0,"turns":7.0},{"damage":62.0,"enemies":"Reptomancer","floor":44.0,"turns":6.0},{"damage":10.0,"enemies":"Sphere and 2 Shapes","floor":45.0,"turns":5.0},{"damage":15.0,"enemies":"Spire Growth","floor":46.0,"turns":7.0},{"damage":2.0,"enemies":"Maw","floor":48.0,"turns":6.0},{"damage":20.0,"enemies":"Time Eater","floor":50.0,"turns":8.0},{"damage":145.0,"enemies":"Awakened One","floor":51.0,"turns":9.0},{"damage":85,"enemies":"Shield and Spear","floor":55,"turns":9},{"damage":54,"enemies":"The Heart","floor":56,"turns":12}],"seed_played":"-6046778088396976087","potions_obtained":[{"floor":3.0,"key":"Energy Potion"},{"floor":6.0,"key":"BloodPotion"},{"floor":13.0,"key":"Regen Potion"},{"floor":16.0,"key":"Swift Potion"},{"floor":18.0,"key":"FearPotion"},{"floor":31.0,"key":"EssenceOfSteel"},{"floor":33.0,"key":"Ancient Potion"}],"is_trial":false,"path_per_floor":["M","?","M","M","?","E","R","E","T","T","M","R","M","E","R","B",null,"M","?","$","M","M","R","E","$","T","R","M","E","M","E","R","B",null,"M","M","$","M","M","E","M","E","T","E","M","M","R","M","R","B","B",null,"R","$","E","B",null],"character_chosen":"IRONCLAD","items_purchased":["Feel No Pain","Exhume","Energy Potion","Apotheosis","Combust","Corruption","Shockwave","Vajra","Uppercut"],"campfire_rested":4,"item_purchase_floors":[20,20,20,25,25,37,37,54,54],"current_hp_per_floor":[70,68,68,68,68,29,49,29,29,29,28,48,49,50,50,21,62,64,64,64,61,60,60,44,44,44,66,50,60,75,50,50,75,75,75,75,75,54,38,75,50,75,75,68,72,72,72,75,75,75,16,60,75,75,75,54],"gold":51,"neow_bonus":"TRANSFORM_CARD","is_prod":false,"is_daily":false,"chose_seed":false,"campfire_upgraded":4,"win_rate":0,"timestamp":1564008510,"path_taken":["M","?","M","M","?","E","R","E","T","?","M","R","M","E","R","BOSS","M","?","$","M","?","R","E","$","T","R","M","E","M","E","R","BOSS","M","M","$","?","M","E","M","E","T","E","M","M","R","M","R","BOSS","BOSS","R","$","E","BOSS"],"build_version":"2019-07-17","purchased_purges":2,"victory":true,"max_hp_per_floor":[75,68,68,68,68,68,68,68,68,68,68,68,68,75,75,75,75,75,75,75,75,75,75,75,75,75,75,75,75,75,75,75,75,75,75,75,75,75,75,75,75,75,75,75,75,75,75,75,75,75,75,75,75,75,75,75],"card_choices":[{"not_picked":["Warcry","Perfected Strike"],"picked":"Ghostly Armor","floor":1.0},{"not_picked":["Iron Wave","Headbutt"],"picked":"Pommel Strike","floor":3.0},{"not_picked":["Whirlwind","Sword Boomerang"],"picked":"Demon Form","floor":4.0},{"not_picked":["Rupture","Fiend Fire"],"picked":"Reaper","floor":6.0},{"not_picked":["True Grit","Intimidate"],"picked":"Heavy Blade","floor":7.0},{"not_picked":["Infernal Blade","Bloodletting"],"picked":"Pommel Strike","floor":8.0},{"not_picked":["Dropkick","Demon Form"],"picked":"Sword Boomerang","floor":11.0},{"not_picked":["Havoc","Evolve"],"picked":"Shrug It Off","floor":12.0},{"not_picked":["Sever Soul","Iron Wave"],"picked":"Power Through","floor":13.0},{"not_picked":["Wild Strike","True Grit"],"picked":"Second Wind","floor":14.0},{"not_picked":["Bludgeon","Dark Embrace"],"picked":"Impervious","floor":16.0},{"not_picked":["Hemokinesis","Clash+1"],"picked":"Warcry","floor":18.0},{"not_picked":["Pummel","Perfected Strike"],"picked":"Shrug It Off","floor":21.0},{"not_picked":["Pommel Strike","Anger"],"picked":"Shrug It Off+1","floor":22.0},{"not_picked":["Warcry","Body Slam"],"picked":"Entrench","floor":24.0},{"not_picked":["Combust","Havoc"],"picked":"Feel No Pain","floor":27.0},{"not_picked":["Headbutt","Searing Blow"],"picked":"Evolve","floor":28.0},{"not_picked":["Cleave","Anger"],"picked":"Warcry","floor":29.0},{"not_picked":["Bloodletting","Cleave"],"picked":"Spot Weakness","floor":30.0},{"not_picked":["Clothesline","Shockwave"],"picked":"Impervious","floor":31.0},{"not_picked":["Reaper","Impervious"],"picked":"Demon Form","floor":33.0},{"not_picked":["Iron Wave","Flex"],"picked":"Disarm","floor":35.0},{"not_picked":["Clash+1","Sword Boomerang"],"picked":"Havoc","floor":36.0},{"not_picked":["Clash+1","True Grit+1"],"picked":"Body Slam","floor":38.0},{"not_picked":["Thunderclap","Heavy Blade","Body Slam"],"picked":"SKIP","floor":39.0},{"not_picked":["Perfected Strike+1","Dual Wield"],"picked":"Corruption+1","floor":40.0},{"not_picked":["Juggernaut","Uppercut+1"],"picked":"Shrug It Off+1","floor":41.0},{"not_picked":["Perfected Strike","Wild Strike","Clothesline"],"picked":"SKIP","floor":42.0},{"not_picked":["Reckless Charge","Iron Wave"],"picked":"Spot Weakness","floor":44.0},{"not_picked":["Clash+1","Combust+1","Anger"],"picked":"SKIP","floor":45.0},{"not_picked":["Twin Strike+1","Rampage+1"],"picked":"Reaper","floor":46.0},{"not_picked":["Rampage","Intimidate"],"picked":"Shockwave","floor":48.0},{"not_picked":["Perfected Strike","Sever Soul","Evolve+1"],"picked":"SKIP","floor":55}],"player_experience":950569,"relics_obtained":[{"floor":6.0,"key":"Dream Catcher"},{"floor":8.0,"key":"StoneCalendar"},{"floor":9.0,"key":"Self Forming Clay"},{"floor":10.0,"key":"Mummified Hand"},{"floor":14.0,"key":"Strawberry"},{"floor":24.0,"key":"Torii"},{"floor":26.0,"key":"Pantograph"},{"floor":29.0,"key":"Sundial"},{"floor":31.0,"key":"Ginger"},{"floor":40.0,"key":"Potion Belt"},{"floor":42.0,"key":"Dodecahedron"},{"floor":44.0,"key":"Frozen Egg 2"},{"floor":55,"key":"Kunai"}],"event_choices":[{"damage_healed":0.0,"max_hp_gain":0.0,"max_hp_loss":7.0,"gold_gain":0.0,"event_name":"Golden Idol","player_choice":"Lose Max HP","floor":2.0,"gold_loss":0.0,"damage_taken":0.0,"relics_obtained":["Golden Idol"]},{"damage_healed":0.0,"max_hp_gain":0.0,"max_hp_loss":0.0,"gold_gain":0.0,"event_name":"Living Wall","player_choice":"Grow","floor":5.0,"gold_loss":0.0,"damage_taken":0.0,"cards_upgraded":["Bash"]},{"damage_healed":0.0,"max_hp_gain":0.0,"max_hp_loss":0.0,"gold_gain":0.0,"event_name":"WeMeetAgain","player_choice":"Gave Potion","floor":19.0,"gold_loss":0.0,"damage_taken":0.0,"relics_obtained":["Unceasing Top"]}],"is_beta":false,"boss_relics":[{"not_picked":["Coffee Dripper","Cursed Key"],"picked":"Mark of Pain"},{"not_picked":["Calling Bell","Runic Cube"],"picked":"Sozu"}],"items_purged_floors":[37,54],"is_endless":false,"potions_floor_spawned":[3,6,13,16,18,21,24,31,33,35,39,42,45,46,55],"ascension_level":20}