{"gold_per_floor":[210,225,8,8,8,33,108,126,126,155,155,189,201,220,220,325,325,335,69,86,7,21,55,55,70,95,110,144,162,162,195,195,195],"floor_reached":33,"playtime":5596,"items_purged":["Doubt"],"score":495,"play_id":"b6b2d4f2-c46b-4913-82ee-277c181259e0","local_time":"20190620114836","is_ascension_mode":true,"campfire_choices":[{"floor":11.0,"key":"REST"},{"floor":15.0,"key":"REST"},{"data":"Defragment","floor":24.0,"key":"SMITH"},{"data":"Heatsinks","floor":30.0,"key":"SMITH"},{"data":"Creative AI","floor":32.0,"key":"SMITH"}],"neow_cost":"NONE","seed_source_timestamp":628076545567876,"circlet_count":0,"master_deck":["Strike_B","Strike_B","Strike_B","Strike_B","Defend_B","Defend_B","Defend_B","Defend_B","Zap","Dualcast","Streamline","Gash","Streamline","Loop","Creative AI+1","Turbo","BootSequence","Hologram","Go for the Eyes","Skim","Glacier","Amplify","Injury","Parasite","Glacier+1","Stack+1","Hologram+1","Turbo+1","Heatsinks+1","Self Repair","Defragment+1","Coolheaded+1","Conserve Battery+1","Turbo+1","Glacier+1","Recycle+1","Turbo+1","Double Energy+1"],"special_seed":0,"relics":["Cracked Core","Membership Card","The Courier","Oddly Smooth Stone","Odd Mushroom","Boot","Calling Bell","Happy Flower","Toxic Egg 2","Unceasing Top","Cables","Medical Kit","Mango","Bag of Preparation","Vajra","Frozen Egg 2"],"potions_floor_usage":[],"damage_taken":[{"damage":3.0,"enemies":"2 Louse","floor":1.0,"turns":2.0},{"damage":0.0,"enemies":"Cultist","floor":2.0,"turns":3.0},{"damage":30.0,"enemies":"3 Sentries","floor":6.0,"turns":7.0},{"damage":10.0,"enemies":"Small Slimes","floor":8.0,"turns":2.0},{"damage":1.0,"enemies":"The Mushroom Lair","floor":10.0,"turns":4.0},{"damage":13.0,"enemies":"Lagavulin","floor":12.0,"turns":7.0},{"damage":0.0,"enemies":"Blue Slaver","floor":13.0,"turns":3.0},{"damage":10.0,"enemies":"Gremlin Gang","floor":14.0,"turns":5.0},{"damage":20.0,"enemies":"Hexaghost","floor":16.0,"turns":13.0},{"damage":13.0,"enemies":"Chosen","floor":18.0,"turns":6.0},{"damage":0.0,"enemies":"3 Byrds","floor":20.0,"turns":7.0},{"damage":10.0,"enemies":"Cultist and Chosen","floor":22.0,"turns":8.0},{"damage":17.0,"enemies":"Gremlin Leader","floor":23.0,"turns":6.0},{"damage":0.0,"enemies":"Chosen and Byrds","floor":25.0,"turns":9.0},{"damage":3.0,"enemies":"Snake Plant","floor":27.0,"turns":5.0},{"damage":10.0,"enemies":"Book of Stabbing","floor":28.0,"turns":7.0},{"damage":9.0,"enemies":"Cultist and Chosen","floor":29.0,"turns":7.0},{"damage":32.0,"enemies":"Slavers","floor":31.0,"turns":13.0},{"damage":30,"enemies":"Automaton","floor":33,"turns":2}],"seed_played":"5754336969193412105","potions_obtained":[{"floor":8.0,"key":"GamblersBrew"},{"floor":10.0,"key":"EssenceOfSteel"},{"floor":13.0,"key":"GamblersBrew"},{"floor":20.0,"key":"SteroidPotion"},{"floor":22.0,"key":"Weak Potion"},{"floor":27.0,"key":"SkillPotion"},{"floor":31.0,"key":"LiquidBronze"}],"is_trial":false,"path_per_floor":["M","M","$","?","$","E","?","M","T","?","R","E","M","M","R","B",null,"M","$","M","$","M","E","R","M","T","M","E","M","R","E","R","B"],"character_chosen":"DEFECT","items_purchased":["Membership Card","Streamline","Stack+1","Hologram+1","Turbo+1","Heatsinks","Self Repair","Defragment","Cables","Medical Kit"],"campfire_rested":2,"item_purchase_floors":[3,3,19,19,19,19,19,19,19,21],"current_hp_per_floor":[65,65,65,65,65,35,24,14,14,13,35,22,22,12,34,14,60,47,47,54,54,44,48,48,55,55,59,49,54,54,29,29,0],"gold":195,"neow_bonus":"HUNDRED_GOLD","is_prod":false,"is_daily":false,"chose_seed":false,"campfire_upgraded":3,"win_rate":0,"timestamp":1561020516,"path_taken":["M","M","$","?","?","E","?","M","T","?","R","E","?","M","R","BOSS","M","$","M","$","M","E","R","M","T","M","E","M","R","E","R","BOSS"],"build_version":"2019-01-23","purchased_purges":1,"victory":false,"max_hp_per_floor":[75,75,75,75,75,75,75,75,75,75,75,75,75,75,75,75,75,75,75,75,75,75,89,89,89,89,89,89,89,89,89,89,89],"card_choices":[{"not_picked":["Beam Cell","Heatsinks"],"picked":"Streamline","floor":1.0},{"not_picked":["Barrage","Sweeping Beam"],"picked":"Gash","floor":2.0},{"not_picked":["Leap","Hologram"],"picked":"Turbo","floor":6.0},{"not_picked":["Redo","Barrage"],"picked":"BootSequence","floor":8.0},{"not_picked":["Streamline","Go for the Eyes"],"picked":"Hologram","floor":10.0},{"not_picked":["Static Discharge","Leap"],"picked":"Go for the Eyes","floor":12.0},{"not_picked":["Redo","Sweeping Beam"],"picked":"Skim","floor":13.0},{"not_picked":["Beam Cell","Hologram"],"picked":"Glacier","floor":14.0},{"not_picked":["Thunder Strike","Creative AI"],"picked":"Amplify","floor":16.0},{"not_picked":["Go for the Eyes+1","Streamline"],"picked":"Glacier+1","floor":18.0},{"not_picked":["Darkness+1","Steam+1"],"picked":"Coolheaded+1","floor":20.0},{"not_picked":["Compile Driver+1","Redo+1"],"picked":"Conserve Battery+1","floor":22.0},{"not_picked":["Recycle+1","Melter"],"picked":"Turbo+1","floor":23.0},{"not_picked":["Cold Snap","Streamline"],"picked":"Glacier+1","floor":25.0},{"not_picked":["Doom and Gloom","Beam Cell+1","Rebound"],"picked":"SKIP","floor":27.0},{"not_picked":["Sunder","Thunder Strike"],"picked":"Recycle+1","floor":28.0},{"not_picked":["Sweeping Beam","Conserve Battery+1"],"picked":"Turbo+1","floor":29.0},{"not_picked":["Compile Driver","Auto Shields+1"],"picked":"Double Energy+1","floor":31.0}],"player_experience":330367,"relics_obtained":[{"floor":6.0,"key":"The Courier"},{"floor":9.0,"key":"Oddly Smooth Stone"},{"floor":10.0,"key":"Odd Mushroom"},{"floor":12.0,"key":"Boot"},{"floor":17.0,"key":"Happy Flower"},{"floor":17.0,"key":"Toxic Egg 2"},{"floor":17.0,"key":"Unceasing Top"},{"floor":23.0,"key":"Mango"},{"floor":26.0,"key":"Bag of Preparation"},{"floor":28.0,"key":"Vajra"},{"floor":31.0,"key":"Frozen Egg 2"}],"event_choices":[{"damage_healed":0.0,"max_hp_gain":0.0,"max_hp_loss":0.0,"gold_gain":0.0,"event_name":"Match and Keep!","player_choice":"2 cards matched","floor":4.0,"gold_loss":0.0,"damage_taken":0.0,"cards_obtained":["Loop","Creative AI"]},{"damage_healed":0.0,"max_hp_gain":0.0,"max_hp_loss":0.0,"gold_gain":75.0,"event_name":"World of Goop","player_choice":"Gather Gold","floor":7.0,"gold_loss":0.0,"damage_taken":11.0},{"damage_healed":0.0,"max_hp_gain":0.0,"max_hp_loss":0.0,"gold_gain":0.0,"event_name":"Mushrooms","player_choice":"Fought Mushrooms","floor":10.0,"gold_loss":0.0,"damage_taken":0.0}],"is_beta":false,"boss_relics":[{"not_picked":["Ectoplasm","Runic Pyramid"],"picked":"Calling Bell"}],"items_purged_floors":[19],"is_endless":false,"potions_floor_spawned":[8,10,13,14,20,22,27,31],"killed_by":"Automaton","ascension_level":6}