{"gold_per_floor":[359,509,22,40,5,30,30,50,101,126,192,225,14,0,0,74,74,94,106,106],"floor_reached":20,"playtime":1985,"items_purged":["Doubt"],"score":426,"play_id":"573fe651-2bc9-4d51-9401-a6a2ed069325","local_time":"20190714103427","is_ascension_mode":true,"campfire_choices":[{"data":"Apotheosis","floor":7.0,"key":"SMITH"},{"floor":15.0,"key":"REST"}],"neow_cost":"CURSE","seed_source_timestamp":0,"circlet_count":0,"master_deck":["AscendersBane","Strike_B","Strike_B","Strike_B","Strike_B","Defend_B","Defend_B","Defend_B+1","Defend_B","Zap","Dualcast+1","Doubt","Capacitor","Loop","Apotheosis+1","Melter","Genetic Algorithm","Static Discharge","Undo","Chill","Ball Lightning","Defragment","Echo Form","Conserve Battery+1"],"special_seed":0,"relics":["Cracked Core","Juzu Bracelet","War Paint","Odd Mushroom","Matryoshka","DataDisk","Inserter"],"potions_floor_usage":[19,20],"damage_taken":[{"damage":10.0,"enemies":"2 Louse","floor":1.0,"turns":3.0},{"damage":3.0,"enemies":"Jaw Worm","floor":4.0,"turns":5.0},{"damage":16.0,"enemies":"Lagavulin","floor":6.0,"turns":7.0},{"damage":2.0,"enemies":"Small Slimes","floor":8.0,"turns":5.0},{"damage":35.0,"enemies":"The Mushroom Lair","floor":10.0,"turns":6.0},{"damage":8.0,"enemies":"3 Sentries","floor":12.0,"turns":12.0},{"damage":0.0,"enemies":"The Guardian","floor":16.0,"turns":9.0},{"damage":22,"enemies":"3 Byrds","floor":18,"turns":4},{"damage":8,"enemies":"Shell Parasite","floor":19,"turns":5},{"damage":40,"enemies":"Masked Bandits","floor":20,"turns":3}],"seed_played":"3752513037796467812","potions_obtained":[{"floor":1.0,"key":"LiquidBronze"},{"floor":12.0,"key":"Energy Potion"},{"floor":16.0,"key":"EssenceOfSteel"}],"is_trial":false,"path_per_floor":["M","?","$","M","?","E","R","M","T","?","?","E","$","?","R","B",null,"M","M","?"],"character_chosen":"DEFECT","items_purchased":["Loop","Apotheosis","Melter","Genetic Algorithm","Defragment","DataDisk"],"campfire_rested":1,"item_purchase_floors":[3,3,3,3,13,13],"current_hp_per_floor":[54,54,54,51,68,52,52,50,50,15,15,7,7,7,28,28,60,38,30,0],"gold":106,"neow_bonus":"TWO_FIFTY_GOLD","is_prod":false,"is_daily":false,"chose_seed":false,"campfire_upgraded":1,"win_rate":0,"timestamp":1563089667,"path_taken":["M","?","$","M","?","E","R","M","T","?","?","E","$","?","R","BOSS","M","M","?"],"build_version":"2019-07-05","purchased_purges":1,"victory":false,"max_hp_per_floor":[71,71,71,71,71,71,71,71,71,71,71,71,71,71,71,71,71,71,71,71],"card_choices":[{"not_picked":["Beam Cell","Consume"],"picked":"Capacitor","floor":1.0},{"not_picked":["Force Field","Reprogram"],"picked":"Static Discharge","floor":4.0},{"not_picked":["Conserve Battery","Rebound"],"picked":"Undo","floor":6.0},{"not_picked":["White Noise","Beam Cell","Redo"],"picked":"SKIP","floor":8.0},{"not_picked":["Steam","Gash"],"picked":"Chill","floor":10.0},{"not_picked":["Chaos","Hello World"],"picked":"Ball Lightning","floor":12.0},{"not_picked":["Thunder Strike","Rainbow"],"picked":"Echo Form","floor":16.0},{"not_picked":["Sweeping Beam","Auto Shields","Leap"],"picked":"SKIP","floor":18},{"not_picked":["Gash","Rip and Tear"],"picked":"Conserve Battery+1","floor":19}],"player_experience":678692,"relics_obtained":[{"floor":6.0,"key":"Juzu Bracelet"},{"floor":9.0,"key":"War Paint"},{"floor":10.0,"key":"Odd Mushroom"},{"floor":12.0,"key":"Matryoshka"}],"event_choices":[{"damage_healed":0.0,"max_hp_gain":0.0,"max_hp_loss":0.0,"gold_gain":150.0,"event_name":"Liars Game","player_choice":"AGREE","floor":2.0,"gold_loss":0.0,"damage_taken":0.0,"cards_obtained":["Doubt"]},{"damage_healed":17.0,"max_hp_gain":0.0,"max_hp_loss":0.0,"gold_gain":0.0,"event_name":"The Cleric","player_choice":"Healed","floor":5.0,"gold_loss":35.0,"damage_taken":0.0},{"damage_healed":0.0,"max_hp_gain":0.0,"max_hp_loss":0.0,"gold_gain":0.0,"event_name":"Mushrooms","player_choice":"Fought Mushrooms","floor":10.0,"gold_loss":0.0,"damage_taken":0.0},{"damage_healed":0.0,"max_hp_gain":0.0,"max_hp_loss":0.0,"gold_gain":66.0,"event_name":"Golden Wing","player_choice":"Gained Gold","floor":11.0,"gold_loss":0.0,"damage_taken":0.0},{"damage_healed":0.0,"max_hp_gain":0.0,"max_hp_loss":0.0,"gold_gain":0.0,"event_name":"World of Goop","player_choice":"Left Gold","floor":14.0,"gold_loss":14.0,"damage_taken":0.0},{"damage_healed":0,"gold_gain":0,"player_choice":"Fought Bandits","damage_taken":0,"max_hp_gain":0,"max_hp_loss":0,"event_name":"Masked Bandits","floor":20,"gold_loss":0}],"is_beta":false,"boss_relics":[{"not_picked":["Orrery","Snecko Eye"],"picked":"Inserter"}],"items_purged_floors":[3],"is_endless":false,"potions_floor_spawned":[1,12,16],"killed_by":"Masked Bandits","ascension_level":17}