{"gold_per_floor":[113,123,134,154,154,183,183,183],"floor_reached":8,"playtime":179,"items_purged":[],"score":116,"play_id":"6977ac82-5e61-47db-ab9d-e28b51e85890","local_time":"20190702115249","is_ascension_mode":true,"campfire_choices":[{"data":"Fiend Fire","floor":7,"key":"SMITH"}],"neow_cost":"NONE","seed_source_timestamp":347680204460400,"circlet_count":0,"master_deck":["AscendersBane","Strike_R","Strike_R+1","Strike_R","Strike_R","Strike_R","Defend_R","Defend_R","Defend_R","Defend_R","Bash","Sword Boomerang","Anger","Sword Boomerang","Pommel Strike+1","Fiend Fire+1"],"relics":["Burning Blood","NeowsBlessing","Ginger"],"potions_floor_usage":[6,8],"damage_taken":[{"damage":0,"enemies":"Jaw Worm","floor":1,"turns":1},{"damage":0,"enemies":"Small Slimes","floor":2,"turns":1},{"damage":0,"enemies":"2 Louse","floor":3,"turns":1},{"damage":10,"enemies":"2 Fungi Beasts","floor":4,"turns":3},{"damage":25,"enemies":"Lagavulin","floor":6,"turns":5},{"damage":35,"enemies":"3 Sentries","floor":8,"turns":5}],"seed_played":"6410111510774351767","potions_obtained":[{"floor":2,"key":"PowerPotion"},{"floor":3,"key":"LiquidBronze"}],"is_trial":false,"path_per_floor":["M","M","M","M","?","E","R","E"],"character_chosen":"IRONCLAD","items_purchased":[],"campfire_rested":0,"item_purchase_floors":[],"current_hp_per_floor":[74,75,75,71,48,29,29,0],"gold":183,"neow_bonus":"THREE_ENEMY_KILL","is_prod":false,"is_daily":false,"chose_seed":false,"campfire_upgraded":1,"win_rate":0,"timestamp":1562082769,"path_taken":["M","M","M","M","?","E","R","E"],"build_version":"2019-07-01","purchased_purges":0,"victory":false,"max_hp_per_floor":[75,75,75,75,75,75,75,75],"card_choices":[{"not_picked":["Thunderclap","Dropkick"],"picked":"Sword Boomerang","floor":1},{"not_picked":["Blood for Blood","Body Slam"],"picked":"Anger","floor":2},{"not_picked":["Bloodletting","Heavy Blade"],"picked":"Sword Boomerang","floor":3},{"not_picked":["Intimidate","Cleave"],"picked":"Pommel Strike","floor":4},{"not_picked":["Warcry","Iron Wave"],"picked":"Fiend Fire","floor":6}],"player_experience":1651112,"relics_obtained":[{"floor":6,"key":"Ginger"}],"event_choices":[{"damage_healed":0,"gold_gain":0,"player_choice":"Entered Light","damage_taken":23,"max_hp_gain":0,"max_hp_loss":0,"event_name":"Shining Light","floor":5,"gold_loss":0,"cards_upgraded":["Strike_R","Pommel Strike"]}],"is_beta":false,"boss_relics":[],"items_purged_floors":[],"is_endless":false,"potions_floor_spawned":[2,3],"killed_by":"3 Sentries","ascension_level":20}