{"gold_per_floor":[118,118,138,158,28,362,362,393,393,393,410,410,410,410,410,481,481,494,97,108,108,120,149,149,175,200,300,13,46,46,59,59,137,137,152,0,0,18,32,58,58,93,93,93,111,111,129,156,156,156,156,156,156,31,61,61],"floor_reached":56,"playtime":8943,"items_purged":["Strike_G","Pain","Normality"],"score":2202,"play_id":"14486f09-15b5-4bd0-8826-39431877e02a","local_time":"20190724131222","is_ascension_mode":true,"campfire_choices":[{"data":"Envenom","floor":7.0,"key":"SMITH"},{"floor":10.0,"key":"REST"},{"floor":12.0,"key":"REST"},{"data":"After Image","floor":15.0,"key":"SMITH"},{"data":"Catalyst","floor":24.0,"key":"SMITH"},{"floor":30.0,"key":"REST"},{"data":"Adrenaline","floor":32.0,"key":"SMITH"},{"floor":44,"key":"RECALL"},{"data":"Wraith Form v2","floor":46,"key":"SMITH"},{"data":"Footwork","floor":49,"key":"SMITH"},{"data":"Noxious Fumes","floor":53,"key":"SMITH"}],"neow_cost":"NONE","seed_source_timestamp":387924547649321,"circlet_count":0,"master_deck":["AscendersBane","Strike_G+1","Defend_G","Defend_G","Defend_G","Defend_G","Defend_G+1","Survivor","Neutralize","Dagger Throw","Terror","Slice","Predator","Infinite Blades","Envenom+1","Blade Dance","Crippling Poison","Catalyst+1","After Image+1","Adrenaline+1","Backstab","Glass Knife","Deadly Poison","Doppelganger","Bouncing Flask","Leg Sweep","Heel Hook+1","Bane","Noxious Fumes+1","Crippling Poison","Sucker Punch+1","Backflip","Footwork+1","Leg Sweep","Wraith Form v2+1","PiercingWail","Tools of the Trade","Backflip","Calculated Gamble+1","Calculated Gamble","Tactician"],"special_seed":0,"relics":["Ring of the Snake","Dream Catcher","Old Coin","Ice Cream","Bird Faced Urn","Pocketwatch","Cursed Key","Paper Crane","The Specimen","Bag of Preparation","Turnip","Molten Egg 2","Incense Burner","Coffee Dripper","Red Mask","Vajra","Dodecahedron","PreservedInsect","Happy Flower"],"potions_floor_usage":[42,56],"damage_taken":[{"damage":1.0,"enemies":"2 Louse","floor":1.0,"turns":2.0},{"damage":0.0,"enemies":"Small Slimes","floor":3.0,"turns":4.0},{"damage":1.0,"enemies":"Jaw Worm","floor":4.0,"turns":3.0},{"damage":6.0,"enemies":"Gremlin Nob","floor":6.0,"turns":3.0},{"damage":24.0,"enemies":"Lagavulin","floor":8.0,"turns":5.0},{"damage":15.0,"enemies":"Gremlin Gang","floor":11.0,"turns":4.0},{"damage":18.0,"enemies":"The Guardian","floor":16.0,"turns":10.0},{"damage":17.0,"enemies":"2 Thieves","floor":18.0,"turns":4.0},{"damage":7.0,"enemies":"Spheric Guardian","floor":20.0,"turns":3.0},{"damage":2.0,"enemies":"3 Cultists","floor":22.0,"turns":5.0},{"damage":3.0,"enemies":"Book of Stabbing","floor":23.0,"turns":4.0},{"damage":11.0,"enemies":"Gremlin Leader","floor":25.0,"turns":5.0},{"damage":13.0,"enemies":"Colosseum Slavers","floor":27.0,"turns":4.0},{"damage":10.0,"enemies":"Colosseum Nobs","floor":27.0,"turns":4.0},{"damage":12.0,"enemies":"Book of Stabbing","floor":29.0,"turns":5.0},{"damage":7.0,"enemies":"Snake Plant","floor":31.0,"turns":4.0},{"damage":0.0,"enemies":"Champ","floor":33.0,"turns":11.0},{"damage":0.0,"enemies":"Orb Walker","floor":35.0,"turns":3.0},{"damage":8,"enemies":"3 Darklings","floor":38,"turns":5},{"damage":0,"enemies":"4 Shapes","floor":39,"turns":5},{"damage":8,"enemies":"Nemesis","floor":40,"turns":7},{"damage":16,"enemies":"Reptomancer","floor":42,"turns":6},{"damage":18,"enemies":"Spire Growth","floor":45,"turns":5},{"damage":0,"enemies":"Jaw Worm Horde","floor":47,"turns":3},{"damage":0,"enemies":"Nemesis","floor":48,"turns":7},{"damage":24,"enemies":"Time Eater","floor":50,"turns":15},{"damage":36,"enemies":"Awakened One","floor":51,"turns":16},{"damage":25,"enemies":"Shield and Spear","floor":55,"turns":5},{"damage":51,"enemies":"The Heart","floor":56,"turns":5}],"seed_played":"4199326669037058469","potions_obtained":[{"floor":3.0,"key":"Ancient Potion"},{"floor":8.0,"key":"Block Potion"},{"floor":18.0,"key":"Poison Potion"},{"floor":22.0,"key":"SteroidPotion"},{"floor":29.0,"key":"EssenceOfSteel"},{"floor":31.0,"key":"GhostInAJar"},{"floor":35.0,"key":"Regen Potion"},{"floor":39,"key":"Fire Potion"},{"floor":42,"key":"Weak Potion"},{"floor":48,"key":"Energy Potion"}],"is_trial":false,"path_per_floor":["M","?","M","M","$","E","R","E","T","R","M","R","?","?","R","B",null,"M","$","M","?","M","E","R","E","T","?","$","E","R","M","R","B",null,"M","?","T","M","M","E","?","E","T","R","M","R","M","E","R","B","B",null,"R","$","E","B"],"character_chosen":"THE_SILENT","items_purchased":["Predator","Infinite Blades","Backstab","Glass Knife","FearPotion","Deadly Poison","Crippling Poison","Sucker Punch+1","Backflip"],"campfire_rested":3,"item_purchase_floors":[5,5,19,19,19,19,28,28,28],"current_hp_per_floor":[58,38,38,37,37,31,31,7,7,26,13,32,27,20,20,6,51,40,40,37,37,39,42,42,35,35,20,20,14,33,30,30,40,60,66,66,66,61,66,64,66,52,52,52,46,46,54,66,66,45,23,55,55,55,40,0],"gold":61,"neow_bonus":"RANDOM_COMMON_RELIC","is_prod":false,"is_daily":false,"chose_seed":false,"campfire_upgraded":7,"win_rate":0,"timestamp":1563963142,"path_taken":["M","?","M","M","$","E","R","E","T","R","M","R","?","?","R","BOSS","M","$","M","?","M","E","R","E","T","?","$","E","R","M","R","BOSS","M","?","?","?","M","E","?","E","T","R","M","R","M","E","R","BOSS","BOSS","R","$","E","BOSS"],"build_version":"2019-07-17","purchased_purges":3,"victory":false,"max_hp_per_floor":[66,66,66,66,66,66,66,66,66,66,66,66,66,66,66,66,66,66,66,66,66,66,66,66,66,66,66,66,66,66,66,66,66,66,66,66,66,66,66,66,66,66,66,66,66,66,66,66,66,66,66,66,66,66,66,66],"card_choices":[{"not_picked":["Dagger Spray","Acrobatics"],"picked":"Dagger Throw","floor":1.0},{"not_picked":["Acrobatics","Backflip"],"picked":"Terror","floor":3.0},{"not_picked":["Blade Dance","Phantasmal Killer"],"picked":"Slice","floor":4.0},{"not_picked":["Setup","Dodge and Roll"],"picked":"Envenom","floor":6.0},{"not_picked":["Flechettes","Underhanded Strike"],"picked":"Blade Dance","floor":8.0},{"not_picked":["Sucker Punch","Prepared"],"picked":"Crippling Poison","floor":10.0},{"not_picked":["Poisoned Stab","Dagger Throw"],"picked":"Catalyst","floor":11.0},{"not_picked":["Dash","All Out Attack"],"picked":"After Image","floor":12.0},{"not_picked":["Phantasmal Killer","Unload"],"picked":"Adrenaline","floor":16.0},{"not_picked":["Dagger Spray","Prepared","Eviscerate"],"picked":"SKIP","floor":18.0},{"not_picked":["Sucker Punch","Quick Slash","Tactician"],"picked":"SKIP","floor":20.0},{"not_picked":["Deflect","Blur"],"picked":"Leg Sweep","floor":22.0},{"not_picked":["Slice+1","Storm of Steel"],"picked":"Heel Hook+1","floor":23.0},{"not_picked":["Setup","Masterful Stab"],"picked":"Bane","floor":25.0},{"not_picked":["Finisher","Dodge and Roll"],"picked":"Noxious Fumes","floor":27.0},{"not_picked":["Eviscerate+1","Calculated Gamble+1"],"picked":"Footwork","floor":29.0},{"not_picked":["Deflect","Riddle With Holes+1"],"picked":"Leg Sweep","floor":30.0},{"not_picked":["Terror","Caltrops","Dagger Spray+1"],"picked":"SKIP","floor":31.0},{"not_picked":["Corpse Explosion","Adrenaline"],"picked":"Wraith Form v2","floor":33.0},{"not_picked":["Prepared","Dagger Throw+1"],"picked":"PiercingWail","floor":35.0},{"not_picked":["Cloak And Dagger","Finisher+1","Riddle With Holes+1"],"picked":"SKIP","floor":38},{"not_picked":["Bane+1","Underhanded Strike+1","Eviscerate+1"],"picked":"SKIP","floor":39},{"not_picked":["Dagger Spray+1","Storm of Steel"],"picked":"Tools of the Trade","floor":40},{"not_picked":["Heel Hook+1","Poisoned Stab+1"],"picked":"Backflip","floor":42},{"not_picked":["Slice+1","Sucker Punch+1"],"picked":"Calculated Gamble+1","floor":45},{"not_picked":["Bullet Time","Outmaneuver","Concentrate"],"picked":"SKIP","floor":47},{"not_picked":["Finisher+1","All Out Attack+1"],"picked":"Calculated Gamble","floor":48},{"not_picked":["Crippling Poison","Quick Slash+1"],"picked":"Tactician","floor":55}],"player_experience":937458,"relics_obtained":[{"floor":6.0,"key":"Old Coin"},{"floor":8.0,"key":"Ice Cream"},{"floor":9.0,"key":"Bird Faced Urn"},{"floor":23.0,"key":"Paper Crane"},{"floor":25.0,"key":"The Specimen"},{"floor":26.0,"key":"Bag of Preparation"},{"floor":27.0,"key":"Turnip"},{"floor":27.0,"key":"Molten Egg 2"},{"floor":29.0,"key":"Incense Burner"},{"floor":40,"key":"Vajra"},{"floor":42,"key":"Dodecahedron"},{"floor":48,"key":"PreservedInsect"},{"floor":55,"key":"Happy Flower"}],"event_choices":[{"damage_healed":0.0,"max_hp_gain":0.0,"max_hp_loss":0.0,"gold_gain":0.0,"event_name":"Shining Light","player_choice":"Entered Light","floor":2.0,"gold_loss":0.0,"damage_taken":20.0,"cards_upgraded":["Defend_G","Strike_G"]},{"damage_healed":0.0,"max_hp_gain":0.0,"max_hp_loss":0.0,"gold_gain":0.0,"event_name":"Scrap Ooze","player_choice":"Success","floor":13.0,"gold_loss":0.0,"damage_taken":5.0,"relics_obtained":["Pocketwatch"]},{"cards_removed":["Strike_G"],"damage_healed":0.0,"max_hp_gain":0.0,"max_hp_loss":0.0,"gold_gain":0.0,"event_name":"Golden Wing","player_choice":"Card Removal","floor":14.0,"gold_loss":0.0,"damage_taken":7.0},{"damage_healed":0.0,"max_hp_gain":0.0,"max_hp_loss":0.0,"gold_gain":0.0,"cards_transformed":["Strike_G","Strike_G"],"event_name":"Drug Dealer","player_choice":"Became Test Subject","floor":21.0,"gold_loss":0.0,"damage_taken":0.0,"cards_obtained":["Doppelganger","Bouncing Flask"]},{"damage_healed":0.0,"max_hp_gain":0.0,"max_hp_loss":0.0,"gold_gain":0.0,"event_name":"Colosseum","player_choice":"Fight","floor":27.0,"gold_loss":0.0,"damage_taken":0.0},{"damage_healed":0.0,"max_hp_gain":0.0,"max_hp_loss":0.0,"gold_gain":0.0,"event_name":"Colosseum","player_choice":"Fought Nobs","floor":27.0,"gold_loss":0.0,"damage_taken":0.0},{"damage_healed":0.0,"max_hp_gain":0.0,"max_hp_loss":0.0,"gold_gain":0.0,"event_name":"Tomb of Lord Red Mask","player_choice":"Paid","floor":36.0,"gold_loss":152.0,"damage_taken":0.0,"relics_obtained":["Red Mask"]},{"damage_healed":2,"gold_gain":0,"player_choice":"Full Heal","damage_taken":0,"max_hp_gain":0,"max_hp_loss":0,"event_name":"Wheel of Change","floor":41,"gold_loss":0}],"is_beta":false,"boss_relics":[{"not_picked":["Ring of the Serpent","WristBlade"],"picked":"Cursed Key"},{"not_picked":["Astrolabe","White Beast Statue"],"picked":"Coffee Dripper"}],"items_purged_floors":[19,28,54],"is_endless":false,"potions_floor_spawned":[3,8,18,22,29,31,35,39,42,48,55],"killed_by":"The Heart","ascension_level":20}