{"gold_per_floor":[112,127,52,52,127,158,158,158,158,218,238,238,250,266,266,266],"floor_reached":16,"playtime":840,"items_purged":[],"score":266,"play_id":"61091494-fc81-4e91-8edb-b55a41710d8c","local_time":"20190725184404","is_ascension_mode":true,"campfire_choices":[{"data":"Bash","floor":7,"key":"SMITH"},{"floor":12,"key":"REST"},{"data":"Clothesline","floor":15,"key":"SMITH"}],"neow_cost":"NONE","seed_source_timestamp":503110087329292,"circlet_count":0,"master_deck":["AscendersBane","Strike_R","Strike_R","Strike_R","Strike_R","Defend_R","Defend_R","Defend_R","Defend_R","Bash+1","Heavy Blade","Pommel Strike","Flame Barrier+1","Dark Embrace","Clothesline+1","Bloodletting"],"relics":["Burning Blood","NeowsBlessing","The Courier","Gremlin Horn","Tiny Chest","Odd Mushroom"],"potions_floor_usage":[10,16],"damage_taken":[{"damage":0,"enemies":"Jaw Worm","floor":1,"turns":1},{"damage":0,"enemies":"2 Louse","floor":2,"turns":1},{"damage":0,"enemies":"Lagavulin","floor":6,"turns":2},{"damage":45,"enemies":"3 Sentries","floor":10,"turns":11},{"damage":30,"enemies":"The Mushroom Lair","floor":11,"turns":6},{"damage":6,"enemies":"Small Slimes","floor":13,"turns":3},{"damage":9,"enemies":"Exordium Wildlife","floor":14,"turns":5},{"damage":44,"enemies":"The Guardian","floor":16,"turns":12}],"seed_played":"5990375227432442422","potions_obtained":[{"floor":2,"key":"Swift Potion"},{"floor":13,"key":"BloodPotion"}],"is_trial":false,"path_per_floor":["M","M","?","$","?","E","R","?","T","E","?","R","M","M","R","B"],"character_chosen":"IRONCLAD","items_purchased":[],"campfire_rested":1,"item_purchase_floors":[],"current_hp_per_floor":[74,75,75,75,64,70,70,70,70,31,7,29,29,26,26,0],"gold":266,"neow_bonus":"THREE_ENEMY_KILL","is_prod":false,"is_daily":false,"chose_seed":false,"campfire_upgraded":2,"win_rate":0,"timestamp":1564069444,"path_taken":["M","M","?","$","?","E","R","?","T","E","?","R","M","M","R","BOSS"],"build_version":"2019-07-17","purchased_purges":0,"victory":false,"max_hp_per_floor":[75,75,75,75,75,75,75,75,75,75,75,75,75,75,75,75],"card_choices":[{"not_picked":["Clash","Dual Wield"],"picked":"Heavy Blade","floor":1},{"not_picked":["Clash","Whirlwind"],"picked":"Pommel Strike","floor":2},{"not_picked":["Sever Soul","Rage"],"picked":"Flame Barrier","floor":6},{"not_picked":["Fire Breathing","Warcry"],"picked":"Dark Embrace","floor":10},{"not_picked":["Fire Breathing","Wild Strike"],"picked":"Clothesline","floor":11},{"not_picked":["True Grit","Wild Strike"],"picked":"Bloodletting","floor":13},{"not_picked":["Flex","Cleave","Rampage"],"picked":"SKIP","floor":14}],"player_experience":984959,"relics_obtained":[{"floor":6,"key":"The Courier"},{"floor":9,"key":"Gremlin Horn"},{"floor":10,"key":"Tiny Chest"},{"floor":11,"key":"Odd Mushroom"}],"event_choices":[{"cards_removed":["Strike_R"],"damage_healed":0,"gold_gain":0,"player_choice":"Card Removal","damage_taken":0,"max_hp_gain":0,"max_hp_loss":0,"event_name":"The Cleric","floor":3,"gold_loss":75},{"damage_healed":0,"gold_gain":75,"player_choice":"Gather Gold","damage_taken":11,"max_hp_gain":0,"max_hp_loss":0,"event_name":"World of Goop","floor":5,"gold_loss":0},{"damage_healed":0,"gold_gain":0,"player_choice":"Grow","damage_taken":0,"max_hp_gain":0,"max_hp_loss":0,"event_name":"Living Wall","floor":8,"gold_loss":0,"cards_upgraded":["Flame Barrier"]},{"damage_healed":0,"gold_gain":0,"player_choice":"Fought Mushrooms","damage_taken":0,"max_hp_gain":0,"max_hp_loss":0,"event_name":"Mushrooms","floor":11,"gold_loss":0}],"is_beta":false,"boss_relics":[],"items_purged_floors":[],"is_endless":false,"potions_floor_spawned":[2,13],"killed_by":"The Guardian","ascension_level":20}