{"gold_per_floor":[110,121,121,131,3,33,33,48,103,56,83,99,99,99],"floor_reached":14,"playtime":1450,"items_purged":[],"score":100,"play_id":"2c5d17e7-01a2-41dd-9189-e4849ff8fae6","local_time":"20190723195633","is_ascension_mode":false,"campfire_choices":[],"neow_cost":"NONE","seed_source_timestamp":0,"circlet_count":0,"master_deck":["Strike_B","Strike_B","Strike_B","Strike_B","Defend_B","Defend_B","Defend_B","Defend_B","Zap","Dualcast","Ball Lightning","Force Field","Cold Snap+1","Static Discharge","Enlightenment","Sweeping Beam+1","Ball Lightning+1","Capacitor+1","Compile Driver+1"],"special_seed":0,"relics":["Cracked Core","Molten Egg 2","Blood Vial","Vajra","Girya"],"potions_floor_usage":[8],"damage_taken":[{"damage":1.0,"enemies":"Cultist","floor":1.0,"turns":3.0},{"damage":3.0,"enemies":"Jaw Worm","floor":2.0,"turns":3.0},{"damage":1,"enemies":"2 Louse","floor":4,"turns":2},{"damage":29,"enemies":"3 Sentries","floor":6,"turns":5},{"damage":17,"enemies":"Large Slime","floor":8,"turns":5},{"damage":22,"enemies":"Lagavulin","floor":11,"turns":5},{"damage":10,"enemies":"Looter","floor":12,"turns":3},{"damage":26,"enemies":"Gremlin Gang","floor":14,"turns":2}],"seed_played":"1373399997707286910","potions_obtained":[{"floor":6,"key":"Regen Potion"},{"floor":11,"key":"Ancient Potion"},{"floor":12,"key":"Fire Potion"}],"is_trial":false,"path_per_floor":["M","M","T","M","$","E","?","M","T","$","E","M","?","M"],"character_chosen":"DEFECT","items_purchased":["Static Discharge","Enlightenment","Ball Lightning+1"],"campfire_rested":0,"item_purchase_floors":[5,5,10],"current_hp_per_floor":[81,78,78,77,77,48,48,47,47,47,27,19,19,0],"gold":99,"neow_bonus":"TEN_PERCENT_HP_BONUS","is_prod":false,"is_daily":false,"chose_seed":false,"campfire_upgraded":0,"win_rate":0.0,"timestamp":1563908193,"path_taken":["M","M","?","M","?","E","?","M","T","$","E","M","?","M"],"build_version":"2019-07-17","purchased_purges":0,"victory":false,"max_hp_per_floor":[82,82,82,82,82,82,82,82,82,82,82,82,82,82],"card_choices":[{"not_picked":["Sweeping Beam","Beam Cell"],"picked":"Ball Lightning","floor":1.0},{"not_picked":["Sweeping Beam","Compile Driver"],"picked":"Force Field","floor":2.0},{"not_picked":["Beam Cell+1","Genetic Algorithm"],"picked":"Cold Snap+1","floor":4},{"not_picked":["Conserve Battery","Fusion","Leap"],"picked":"SKIP","floor":6},{"not_picked":["Redo","Doom and Gloom+1"],"picked":"Sweeping Beam+1","floor":8},{"not_picked":["Skim","Echo Form"],"picked":"Capacitor","floor":11},{"not_picked":["Beam Cell+1","Steam"],"picked":"Compile Driver+1","floor":12}],"player_experience":376526,"relics_obtained":[{"floor":3.0,"key":"Molten Egg 2"},{"floor":6,"key":"Blood Vial"},{"floor":9,"key":"Vajra"},{"floor":11,"key":"Girya"}],"event_choices":[{"damage_healed":0,"gold_gain":0,"player_choice":"Ignored","damage_taken":0,"max_hp_gain":0,"max_hp_loss":0,"event_name":"Liars Game","floor":7,"gold_loss":0},{"damage_healed":0,"gold_gain":0,"player_choice":"Grow","damage_taken":0,"max_hp_gain":0,"max_hp_loss":0,"event_name":"Living Wall","floor":13,"gold_loss":0,"cards_upgraded":["Capacitor"]}],"is_beta":false,"boss_relics":[],"items_purged_floors":[],"is_endless":false,"potions_floor_spawned":[6,11,12],"killed_by":"Gremlin Gang","ascension_level":0}