{"gold_per_floor":[110,123,123,123,48,48,79,79,79,179,197,212,212],"floor_reached":13,"playtime":289,"items_purged":["Strike_R"],"score":83,"play_id":"dbffdce4-534a-4daf-90d5-6b1adb4560d6","local_time":"20190711150609","is_ascension_mode":false,"campfire_choices":[{"floor":6,"key":"REST"},{"floor":8,"key":"REST"}],"neow_cost":"NONE","seed_source_timestamp":1136770715105100,"circlet_count":0,"master_deck":["Strike_R","Strike_R","Strike_R","Strike_R","Defend_R","Defend_R","Defend_R","Bash","Body Slam"],"relics":["Burning Blood","Boot","Golden Idol","Lantern","Question Card"],"potions_floor_usage":[7,13],"damage_taken":[{"damage":2,"enemies":"2 Louse","floor":1,"turns":3},{"damage":11,"enemies":"Jaw Worm","floor":2,"turns":3},{"damage":48,"enemies":"3 Sentries","floor":7,"turns":11},{"damage":1,"enemies":"Cultist","floor":11,"turns":3},{"damage":6,"enemies":"Blue Slaver","floor":12,"turns":4},{"damage":67,"enemies":"Lagavulin","floor":13,"turns":8}],"seed_played":"-3068983152415855888","potions_obtained":[{"floor":1,"key":"Poison Potion"},{"floor":12,"key":"SkillPotion"}],"is_trial":false,"path_per_floor":["M","M","?","?","$","R","E","R","T","?","M","M","E"],"character_chosen":"IRONCLAD","items_purchased":[],"campfire_rested":2,"item_purchase_floors":[],"current_hp_per_floor":[80,75,68,48,48,72,30,54,54,54,59,59,0],"gold":212,"neow_bonus":"REMOVE_CARD","is_prod":false,"is_daily":false,"chose_seed":false,"campfire_upgraded":0,"win_rate":0,"timestamp":1562871969,"path_taken":["M","M","?","?","$","R","E","R","T","?","M","?","E"],"build_version":"2019-07-05","purchased_purges":1,"victory":false,"max_hp_per_floor":[80,80,80,80,80,80,80,80,80,80,80,80,80],"card_choices":[{"not_picked":["Sentinel","Havoc"],"picked":"Body Slam","floor":1},{"not_picked":["Heavy Blade","Clothesline","Rage"],"picked":"SKIP","floor":2},{"not_picked":["Fiend Fire","Clothesline","Shrug It Off"],"picked":"SKIP","floor":7},{"not_picked":["Rupture","Ghostly Armor","Clothesline","Thunderclap"],"picked":"SKIP","floor":11},{"not_picked":["Warcry","Heavy Blade","Headbutt","Sword Boomerang"],"picked":"SKIP","floor":12}],"player_experience":1828940,"relics_obtained":[{"floor":7,"key":"Lantern"},{"floor":9,"key":"Question Card"}],"event_choices":[{"damage_healed":0,"gold_gain":0,"player_choice":"Success","damage_taken":7,"relics_obtained":["Boot"],"max_hp_gain":0,"max_hp_loss":0,"event_name":"Scrap Ooze","floor":3,"gold_loss":0},{"damage_healed":0,"gold_gain":0,"player_choice":"Take Damage","damage_taken":20,"relics_obtained":["Golden Idol"],"max_hp_gain":0,"max_hp_loss":0,"event_name":"Golden Idol","floor":4,"gold_loss":0},{"damage_healed":0,"gold_gain":100,"player_choice":"Pray","damage_taken":0,"max_hp_gain":0,"max_hp_loss":0,"event_name":"Golden Shrine","floor":10,"gold_loss":0}],"is_beta":false,"boss_relics":[],"items_purged_floors":[5],"is_endless":false,"potions_floor_spawned":[1,12],"killed_by":"Lagavulin","ascension_level":0}