{"gold_per_floor":[110,127,202,219,232,232,265,265,265,265,265,138,169,188,188,290,290,308,208,243,243,243,243,243,243,243,243,168,168,43,58,58,156,156,173,173,23,34,46,46,46,46,46,73,84,104,104,137,137,137],"floor_reached":51,"playtime":1545,"items_purged":["Strike_R","Strike_R","Strike_R","Defend_R"],"score":861,"play_id":"e2c35eee-c1fc-43bf-9867-e247a7b2dd5f","local_time":"20190711135158","is_ascension_mode":false,"campfire_choices":[{"data":"Dropkick","floor":6.0,"key":"SMITH"},{"floor":8.0,"key":"REST"},{"data":"Dropkick","floor":15.0,"key":"SMITH"},{"floor":24.0,"key":"REST"},{"floor":29.0,"key":"REST"},{"data":"Spot Weakness","floor":32.0,"key":"SMITH"},{"data":"Double Tap","floor":40.0,"key":"SMITH"},{"data":"Rage","floor":49.0,"key":"SMITH"}],"neow_cost":"NONE","seed_source_timestamp":1130918347103700,"circlet_count":0,"master_deck":["Bash","Dropkick+1","Dropkick+1","Spot Weakness+1","Double Tap+1","Rage+1"],"special_seed":0,"relics":["Black Star","Juzu Bracelet","Incense Burner","Pear","Bag of Marbles","Calipers","Regal Pillow","White Beast Statue","Red Mask","Bottled Flame","Cursed Key","Molten Egg 2","Dodecahedron","Turnip","Meat on the Bone"],"potions_floor_usage":[],"damage_taken":[{"damage":2.0,"enemies":"Small Slimes","floor":1.0,"turns":4.0},{"damage":0.0,"enemies":"Cultist","floor":2.0,"turns":3.0},{"damage":3.0,"enemies":"2 Louse","floor":4.0,"turns":3.0},{"damage":5.0,"enemies":"Looter","floor":5.0,"turns":3.0},{"damage":38.0,"enemies":"3 Sentries","floor":7.0,"turns":8.0},{"damage":0.0,"enemies":"Gremlin Nob","floor":13.0,"turns":2.0},{"damage":7.0,"enemies":"Large Slime","floor":14.0,"turns":5.0},{"damage":27.0,"enemies":"Slime Boss","floor":16.0,"turns":11.0},{"damage":46.0,"enemies":"2 Thieves","floor":18.0,"turns":4.0},{"damage":13.0,"enemies":"Masked Bandits","floor":20.0,"turns":4.0},{"damage":12.0,"enemies":"3 Byrds","floor":31.0,"turns":6.0},{"damage":46.0,"enemies":"Champ","floor":33.0,"turns":9.0},{"damage":2.0,"enemies":"3 Shapes","floor":35.0,"turns":5.0},{"damage":2.0,"enemies":"Orb Walker","floor":38.0,"turns":2.0},{"damage":0.0,"enemies":"Spire Growth","floor":39.0,"turns":3.0},{"damage":0.0,"enemies":"Reptomancer","floor":44.0,"turns":2.0},{"damage":0.0,"enemies":"Maw","floor":45.0,"turns":2.0},{"damage":0.0,"enemies":"Transient","floor":46.0,"turns":1.0},{"damage":0.0,"enemies":"Sphere and 2 Shapes","floor":47.0,"turns":1.0},{"damage":0.0,"enemies":"Giant Head","floor":48.0,"turns":1.0},{"damage":0,"enemies":"Donu and Deca","floor":50,"turns":1}],"seed_played":"-813327517990259119","potions_obtained":[{"floor":1.0,"key":"Regen Potion"},{"floor":4.0,"key":"Strength Potion"},{"floor":5.0,"key":"GamblersBrew"},{"floor":14.0,"key":"Block Potion"},{"floor":18.0,"key":"Dexterity Potion"},{"floor":20.0,"key":"SmokeBomb"},{"floor":31.0,"key":"BloodPotion"},{"floor":33.0,"key":"Energy Potion"},{"floor":35.0,"key":"Regen Potion"},{"floor":48.0,"key":"FearPotion"}],"is_trial":false,"path_per_floor":["M","M","?","M","M","R","E","R","T","?","?","$","E","M","R","B",null,"M","$","?","?","?","?","R","?","T","?","?","R","$","M","R","B",null,"M","?","$","M","M","R","?","?","T","E","M","M","M","E","R","B",null],"character_chosen":"IRONCLAD","items_purchased":["AttackPotion"],"campfire_rested":3,"item_purchase_floors":[12],"current_hp_per_floor":[78,78,67,64,59,59,36,60,70,70,58,58,58,51,51,24,90,44,44,31,13,13,13,56,56,56,56,56,95,95,83,83,37,95,93,93,93,91,91,91,91,90,90,90,90,90,90,90,90,90],"gold":137,"neow_bonus":"BOSS_RELIC","is_prod":false,"is_daily":false,"chose_seed":false,"campfire_upgraded":5,"win_rate":0,"timestamp":1562867518,"path_taken":["M","M","?","M","M","R","E","R","T","?","?","$","E","M","R","BOSS","M","$","?","?","?","?","R","?","T","?","?","R","$","M","R","BOSS","M","?","$","M","M","R","?","?","T","E","M","M","M","E","R","BOSS"],"build_version":"2019-07-05","purchased_purges":4,"victory":true,"max_hp_per_floor":[80,80,80,80,80,80,80,80,90,90,90,90,90,90,90,90,90,90,90,90,95,95,95,95,95,95,95,95,95,95,95,95,95,95,95,95,95,95,95,95,95,90,90,90,90,90,90,90,90,90],"card_choices":[{"not_picked":["Pummel","Sword Boomerang"],"picked":"Dropkick","floor":1.0},{"not_picked":["Headbutt","Havoc"],"picked":"Dropkick","floor":2.0},{"not_picked":["Warcry","Anger","Pommel Strike"],"picked":"SKIP","floor":4.0},{"not_picked":["Exhume","Battle Trance","Headbutt"],"picked":"SKIP","floor":5.0},{"not_picked":["Havoc","Body Slam","Armaments"],"picked":"SKIP","floor":7.0},{"not_picked":["Sever Soul","Pommel Strike","Second Wind"],"picked":"SKIP","floor":13.0},{"not_picked":["Bloodletting","Power Through","Second Wind"],"picked":"SKIP","floor":14.0},{"not_picked":["Clash","Sever Soul+1"],"picked":"Spot Weakness","floor":18.0},{"not_picked":["Cleave+1","Disarm+1","Iron Wave"],"picked":"SKIP","floor":31.0},{"not_picked":["Dark Embrace","Berserk"],"picked":"Double Tap","floor":33.0},{"not_picked":["Perfected Strike+1","Armaments+1","Clothesline"],"picked":"SKIP","floor":35.0},{"not_picked":["Thunderclap","Flame Barrier+1"],"picked":"Rage","floor":38.0},{"not_picked":["Flex+1","Second Wind+1","Uppercut+1"],"picked":"SKIP","floor":39.0},{"not_picked":["Bloodletting","Pommel Strike+1","Evolve+1"],"picked":"SKIP","floor":44.0},{"not_picked":["Armaments","Iron Wave+1","Intimidate+1"],"picked":"SKIP","floor":45.0},{"not_picked":["Pummel+1","Havoc+1","Thunderclap+1"],"picked":"SKIP","floor":46.0},{"not_picked":["Searing Blow+1","Seeing Red","Infernal Blade+1"],"picked":"SKIP","floor":48.0}],"player_experience":1825405,"relics_obtained":[{"floor":7.0,"key":"Juzu Bracelet"},{"floor":7.0,"key":"Incense Burner"},{"floor":9.0,"key":"Pear"},{"floor":13.0,"key":"Calipers"},{"floor":13.0,"key":"Regal Pillow"},{"floor":20.0,"key":"Red Mask"},{"floor":26.0,"key":"Bottled Flame"},{"floor":44.0,"key":"Molten Egg 2"},{"floor":44.0,"key":"Dodecahedron"},{"floor":48.0,"key":"Turnip"},{"floor":48.0,"key":"Meat on the Bone"}],"event_choices":[{"damage_healed":0.0,"max_hp_gain":0.0,"max_hp_loss":0.0,"gold_gain":75.0,"event_name":"World of Goop","player_choice":"Gather Gold","floor":3.0,"gold_loss":0.0,"damage_taken":11.0},{"cards_removed":["Strike_R"],"damage_healed":0.0,"max_hp_gain":0.0,"max_hp_loss":0.0,"gold_gain":0.0,"event_name":"Purifier","player_choice":"Purged","floor":10.0,"gold_loss":0.0,"damage_taken":0.0},{"damage_healed":0.0,"max_hp_gain":0.0,"max_hp_loss":0.0,"gold_gain":0.0,"event_name":"Scrap Ooze","player_choice":"Success","floor":11.0,"gold_loss":0.0,"damage_taken":12.0,"relics_obtained":["Bag of Marbles"]},{"damage_healed":0.0,"max_hp_gain":0.0,"max_hp_loss":0.0,"gold_gain":0.0,"event_name":"Masked Bandits","player_choice":"Fought Bandits","floor":20.0,"gold_loss":0.0,"damage_taken":0.0},{"damage_healed":0.0,"max_hp_gain":5.0,"max_hp_loss":0.0,"gold_gain":0.0,"event_name":"Forgotten Altar","player_choice":"Shed Blood","floor":21.0,"gold_loss":0.0,"damage_taken":23.0},{"damage_healed":0.0,"max_hp_gain":0.0,"max_hp_loss":0.0,"gold_gain":0.0,"event_name":"Vampires","player_choice":"Ignored","floor":22.0,"gold_loss":0.0,"damage_taken":0.0},{"damage_healed":0.0,"max_hp_gain":0.0,"max_hp_loss":0.0,"gold_gain":0.0,"event_name":"Ghosts","player_choice":"Ignored","floor":23.0,"gold_loss":0.0,"damage_taken":0.0},{"cards_removed":["Defend_R"],"damage_healed":0.0,"max_hp_gain":0.0,"max_hp_loss":0.0,"gold_gain":0.0,"event_name":"Back to Basics","player_choice":"Elegance","floor":25.0,"gold_loss":0.0,"damage_taken":0.0},{"damage_healed":0.0,"max_hp_gain":0.0,"max_hp_loss":0.0,"gold_gain":0.0,"event_name":"N\u0027loth","player_choice":"Ignored","floor":27.0,"gold_loss":0.0,"damage_taken":0.0},{"cards_removed":["Strike_R"],"damage_healed":0.0,"max_hp_gain":0.0,"max_hp_loss":0.0,"gold_gain":0.0,"event_name":"Beggar","player_choice":"Gave Gold","floor":28.0,"gold_loss":75.0,"damage_taken":0.0},{"cards_removed":["Defend_R"],"damage_healed":0.0,"max_hp_gain":0.0,"max_hp_loss":0.0,"gold_gain":0.0,"event_name":"Bonfire Elementals","player_choice":"Offered Basic","floor":36.0,"gold_loss":0.0,"damage_taken":0.0},{"cards_removed":["Defend_R"],"damage_healed":0.0,"max_hp_gain":0.0,"max_hp_loss":0.0,"gold_gain":0.0,"event_name":"Falling","player_choice":"Removed Skill","floor":41.0,"gold_loss":0.0,"damage_taken":0.0},{"damage_healed":0.0,"max_hp_gain":0.0,"max_hp_loss":5.0,"gold_gain":0.0,"event_name":"Winding Halls","player_choice":"Max HP","floor":42.0,"gold_loss":0.0,"damage_taken":0.0}],"is_beta":false,"boss_relics":[{"not_picked":["Coffee Dripper","Calling Bell"],"picked":"White Beast Statue"},{"not_picked":["Orrery","Mark of Pain"],"picked":"Cursed Key"}],"items_purged_floors":[12,19,30,37],"is_endless":false,"potions_floor_spawned":[1,4,5,14,18,20,31,33,35,38,39,44,45,46,47,48],"ascension_level":0}