{"gold_per_floor":[116,136,148,161,173,173,173,173,173,202,217,242,302,318,318,422,422,440,440,146,157,175,185,185,214,214,233,233],"floor_reached":28,"playtime":1315,"items_purged":["Demon Form"],"score":254,"play_id":"bc76cfca-744d-45b1-a779-c380d6ea8076","local_time":"20190711165414","is_ascension_mode":false,"campfire_choices":[{"data":"Armaments","floor":6,"key":"SMITH"},{"data":"Twin Strike","floor":8,"key":"SMITH"},{"data":"Clothesline","floor":15,"key":"SMITH"},{"floor":24,"key":"REST"}],"neow_cost":"NONE","seed_source_timestamp":1142228606187600,"circlet_count":0,"master_deck":["Strike_R","Strike_R","Strike_R","Defend_R","Defend_R","Defend_R","Defend_R","Bash","Twin Strike+1","Armaments+1","Cleave","Cleave","Warcry","Clothesline+1","Twin Strike","Headbutt","Flex","Heavy Blade","Wild Strike","Wild Strike+1","Clash+1","Wild Strike"],"relics":["Burning Blood","Mummified Hand","Pantograph","Smiling Mask","Art of War","Velvet Choker","Medical Kit","Ice Cream","Omamori"],"potions_floor_usage":[5,10,13,16,23,25,28],"damage_taken":[{"damage":0,"enemies":"2 Louse","floor":1,"turns":4},{"damage":6,"enemies":"Cultist","floor":2,"turns":3},{"damage":11,"enemies":"Jaw Worm","floor":3,"turns":3},{"damage":11,"enemies":"Blue Slaver","floor":4,"turns":4},{"damage":5,"enemies":"Red Slaver","floor":5,"turns":4},{"damage":21,"enemies":"3 Sentries","floor":10,"turns":7},{"damage":2,"enemies":"3 Louse","floor":11,"turns":2},{"damage":27,"enemies":"Gremlin Nob","floor":12,"turns":4},{"damage":15,"enemies":"3 Sentries","floor":13,"turns":5},{"damage":12,"enemies":"Blue Slaver","floor":14,"turns":2},{"damage":66,"enemies":"Hexaghost","floor":16,"turns":14},{"damage":15,"enemies":"Shell Parasite","floor":18,"turns":6},{"damage":5,"enemies":"Spheric Guardian","floor":21,"turns":3},{"damage":16,"enemies":"Cultist and Chosen","floor":22,"turns":6},{"damage":21,"enemies":"Shelled Parasite and Fungi","floor":23,"turns":4},{"damage":59,"enemies":"Slavers","floor":25,"turns":6},{"damage":10,"enemies":"Sentry and Sphere","floor":27,"turns":3},{"damage":14,"enemies":"Book of Stabbing","floor":28,"turns":3}],"seed_played":"4761687365187849671","potions_obtained":[{"floor":2,"key":"Fire Potion"},{"floor":4,"key":"BloodPotion"},{"floor":7,"key":"Swift Potion"},{"floor":7,"key":"Regen Potion"},{"floor":10,"key":"Energy Potion"},{"floor":12,"key":"Ancient Potion"},{"floor":18,"key":"Energy Potion"},{"floor":27,"key":"SpeedPotion"}],"is_trial":false,"path_per_floor":["M","M","M","M","M","R","?","R","T","E","M","E","?","M","R","B",null,"M","?","$","M","M","M","R","E","T","M","E"],"character_chosen":"IRONCLAD","items_purchased":["Medical Kit","Heavy Blade"],"campfire_rested":1,"item_purchase_floors":[20,20],"current_hp_per_floor":[80,80,75,70,71,71,71,71,71,71,75,54,45,39,39,24,80,71,71,71,72,62,47,71,18,18,14,0],"gold":233,"neow_bonus":"REMOVE_CARD","is_prod":false,"is_daily":false,"chose_seed":false,"campfire_upgraded":3,"win_rate":0,"timestamp":1562878454,"path_taken":["M","M","M","M","M","R","?","R","T","E","?","E","?","M","R","BOSS","M","?","$","M","M","M","R","E","T","?","E"],"build_version":"2019-07-05","purchased_purges":1,"victory":false,"max_hp_per_floor":[80,80,80,80,80,80,80,80,80,80,80,80,80,80,80,80,80,80,80,80,80,80,80,80,80,80,80,80],"card_choices":[{"not_picked":["Heavy Blade","Infernal Blade","Entrench"],"picked":"SKIP","floor":1},{"not_picked":["Metallicize","Hemokinesis"],"picked":"Twin Strike","floor":2},{"not_picked":["Sentinel","Body Slam","Anger"],"picked":"SKIP","floor":3},{"not_picked":["Fire Breathing","Inflame"],"picked":"Armaments","floor":4},{"not_picked":["Blood for Blood","Sword Boomerang"],"picked":"Cleave","floor":5},{"not_picked":["True Grit","Anger"],"picked":"Cleave","floor":10},{"not_picked":["Flame Barrier","Body Slam"],"picked":"Warcry","floor":11},{"not_picked":["Wild Strike","Pummel"],"picked":"Clothesline","floor":12},{"not_picked":["Burning Pact","Evolve"],"picked":"Twin Strike","floor":13},{"not_picked":["Immolate","Armaments"],"picked":"Headbutt","floor":14},{"not_picked":["Ghostly Armor","Body Slam"],"picked":"Flex","floor":18},{"not_picked":["Carnage+1","Rampage"],"picked":"Wild Strike","floor":21},{"not_picked":["Armaments+1","Thunderclap+1","Power Through+1"],"picked":"SKIP","floor":22},{"not_picked":["Heavy Blade","Cleave"],"picked":"Wild Strike+1","floor":23},{"not_picked":["Shrug It Off","Pummel"],"picked":"Clash+1","floor":25},{"not_picked":["Berserk","Thunderclap"],"picked":"Wild Strike","floor":27}],"player_experience":1833226,"relics_obtained":[{"floor":9,"key":"Mummified Hand"},{"floor":10,"key":"Pantograph"},{"floor":12,"key":"Smiling Mask"},{"floor":25,"key":"Ice Cream"},{"floor":26,"key":"Omamori"}],"event_choices":[{"damage_healed":0,"gold_gain":0,"player_choice":"Got Potions","damage_taken":0,"max_hp_gain":0,"max_hp_loss":0,"event_name":"Lab","floor":7,"gold_loss":0},{"damage_healed":0,"gold_gain":0,"player_choice":"Searched \u00272\u0027 times","damage_taken":0,"relics_obtained":["Art of War"],"max_hp_gain":0,"max_hp_loss":0,"event_name":"Dead Adventurer","floor":13,"gold_loss":0},{"damage_healed":0,"gold_gain":0,"cards_transformed":["Strike_R"],"player_choice":"Transformed","damage_taken":0,"max_hp_gain":0,"max_hp_loss":0,"event_name":"Transmorgrifier","floor":19,"gold_loss":0,"cards_obtained":["Demon Form"]}],"is_beta":false,"boss_relics":[{"not_picked":["Ectoplasm","Fusion Hammer"],"picked":"Velvet Choker"}],"items_purged_floors":[20],"is_endless":false,"potions_floor_spawned":[2,4,10,11,12,18,27],"killed_by":"Book of Stabbing","ascension_level":0}