{"gold_per_floor":[118,293,2,2,2,28,28,40,40,68,81,12,46,64,64,164,164,184,198,149,162,172,172,205,12,35,63,63,78,78,94,94,189,189,208,208,222,240,250,278,278,303,303,303,303,354,136,162,162,162,162,162,6,31,31],"floor_reached":56,"playtime":8823,"items_purged":["Doubt","Strike_B"],"score":2290,"play_id":"7e00d4bd-bb80-4af7-9ee1-8d82f541d010","local_time":"20190621152541","is_ascension_mode":true,"campfire_choices":[{"data":"Defragment","floor":7.0,"key":"SMITH"},{"floor":15.0,"key":"REST"},{"data":"Loop","floor":23.0,"key":"SMITH"},{"data":"Machine Learning","floor":30.0,"key":"SMITH"},{"data":"BootSequence","floor":32.0,"key":"SMITH"},{"data":"Hologram","floor":41.0,"key":"SMITH"},{"floor":44.0,"key":"RECALL"},{"data":"Loop","floor":49.0,"key":"SMITH"},{"data":"Defragment","floor":52.0,"key":"SMITH"}],"neow_cost":"NONE","seed_source_timestamp":723653371775336,"circlet_count":0,"master_deck":["AscendersBane","Zap","Genetic Algorithm","Defragment+1","Cold Snap","Melter","Gash","Cold Snap","Glacier","Defragment+1","Loop+1","Cold Snap","Creative AI","Tempest+1","Reinforced Body+1","Consume+1","Sunder","Coolheaded","Coolheaded","Gash","Gash","Machine Learning+1","Reinforced Body+1","Apotheosis+1","BootSequence+1","Defragment","Gash+1","Loop+1","Meteor Strike","All For One","Turbo","Electrodynamics","Hologram+1","Hologram+1","Loop","Coolheaded","Turbo+1","Force Field","Defragment+1","Coolheaded","Hologram+1","Seek+1","All For One","Echo Form","Turbo"],"special_seed":0,"relics":["Cracked Core","NeowsBlessing","Membership Card","Boot","Mummified Hand","Turnip","The Courier","Astrolabe","Pen Nib","Anchor","Bag of Preparation","Kunai","Pandora\u0027s Box","Mango","Lantern","Unceasing Top","Bronze Scales","Letter Opener","War Paint","Oddly Smooth Stone","Bottled Flame"],"potions_floor_usage":[55,55,55],"damage_taken":[{"damage":0.0,"enemies":"2 Louse","floor":1.0,"turns":1.0},{"damage":0.0,"enemies":"3 Sentries","floor":6.0,"turns":1.0},{"damage":0.0,"enemies":"Jaw Worm","floor":8.0,"turns":1.0},{"damage":18.0,"enemies":"Lagavulin","floor":10.0,"turns":8.0},{"damage":1.0,"enemies":"Cultist","floor":11.0,"turns":4.0},{"damage":8.0,"enemies":"Gremlin Nob","floor":13.0,"turns":5.0},{"damage":0.0,"enemies":"Lots of Slimes","floor":14.0,"turns":4.0},{"damage":14.0,"enemies":"Hexaghost","floor":16.0,"turns":12.0},{"damage":0.0,"enemies":"3 Byrds","floor":18.0,"turns":5.0},{"damage":2.0,"enemies":"Shell Parasite","floor":19.0,"turns":7.0},{"damage":5.0,"enemies":"Snake Plant","floor":21.0,"turns":6.0},{"damage":2.0,"enemies":"Cultist and Chosen","floor":22.0,"turns":9.0},{"damage":12.0,"enemies":"Book of Stabbing","floor":24.0,"turns":6.0},{"damage":12.0,"enemies":"Slavers","floor":27.0,"turns":8.0},{"damage":4.0,"enemies":"Centurion and Healer","floor":29.0,"turns":8.0},{"damage":1.0,"enemies":"Snake Plant","floor":31.0,"turns":8.0},{"damage":0.0,"enemies":"Automaton","floor":33.0,"turns":10.0},{"damage":0.0,"enemies":"Orb Walker","floor":35.0,"turns":2.0},{"damage":31.0,"enemies":"3 Darklings","floor":37.0,"turns":5.0},{"damage":1.0,"enemies":"Spire Growth","floor":38.0,"turns":5.0},{"damage":19.0,"enemies":"Writhing Mass","floor":39.0,"turns":6.0},{"damage":5.0,"enemies":"Reptomancer","floor":40.0,"turns":6.0},{"damage":0.0,"enemies":"Giant Head","floor":42.0,"turns":10.0},{"damage":9.0,"enemies":"2 Orb Walkers","floor":46.0,"turns":4.0},{"damage":0.0,"enemies":"Nemesis","floor":48.0,"turns":5.0},{"damage":0.0,"enemies":"Awakened One","floor":50.0,"turns":8.0},{"damage":0.0,"enemies":"Shield and Spear","floor":54.0,"turns":4.0},{"damage":0,"enemies":"The Heart","floor":55,"turns":8}],"seed_played":"-1410839071381301832","potions_obtained":[{"floor":1.0,"key":"FocusPotion"},{"floor":8.0,"key":"Energy Potion"},{"floor":10.0,"key":"Block Potion"},{"floor":18.0,"key":"Strength Potion"},{"floor":19.0,"key":"SkillPotion"},{"floor":21.0,"key":"Fire Potion"},{"floor":31.0,"key":"Weak Potion"},{"floor":33.0,"key":"FocusPotion"}],"is_trial":false,"path_per_floor":["M","?","$","?","?","E","R","M","T","E","M","$","E","M","R","B",null,"M","M","$","M","M","R","E","$","T","E","?","M","R","M","R","B",null,"M","?","M","M","M","E","R","E","T","R","?","?","$","E","R","B",null,"R","$","E","B",null],"character_chosen":"DEFECT","items_purchased":["Membership Card","Defragment","Cold Snap","Defragment","Coolheaded","Gash","Gash","Self Repair","Apotheosis","Anchor","BootSequence","Bronze Scales","Seek","Letter Opener","Echo Form","Oddly Smooth Stone","GamblersBrew"],"campfire_rested":1,"item_purchase_floors":[3,3,3,12,20,20,20,25,25,25,25,47,47,47,53,53,53],"current_hp_per_floor":[68,68,68,53,46,46,46,46,46,28,27,27,19,19,41,27,63,63,61,61,56,54,54,42,42,42,37,37,43,43,52,52,62,72,72,72,48,54,55,74,74,84,84,84,84,75,75,75,75,75,86,86,86,86,86],"gold":31,"neow_bonus":"THREE_ENEMY_KILL","is_prod":false,"is_daily":false,"chose_seed":false,"campfire_upgraded":7,"win_rate":0,"timestamp":1561119941,"path_taken":["M","?","$","?","?","E","R","?","T","E","M","$","E","M","R","BOSS","M","M","$","?","?","R","E","$","T","E","?","?","R","M","R","BOSS","M","?","M","M","?","E","R","E","T","R","?","?","$","E","R","BOSS","R","$","E","BOSS"],"build_version":"2019-01-23","purchased_purges":2,"victory":true,"max_hp_per_floor":[75,75,75,75,75,75,75,75,75,75,75,75,75,75,75,75,75,75,75,75,75,75,75,75,75,75,75,75,75,75,75,75,75,75,75,75,75,75,75,89,89,89,89,89,89,89,89,89,89,89,89,89,89,89,89],"card_choices":[{"not_picked":["Coolheaded","Rebound"],"picked":"Genetic Algorithm","floor":1.0},{"not_picked":["Coolheaded","Genetic Algorithm"],"picked":"Melter","floor":6.0},{"not_picked":["Stack","Leap"],"picked":"Gash","floor":8.0},{"not_picked":["Conserve Battery","White Noise"],"picked":"Cold Snap","floor":10.0},{"not_picked":["Doom and Gloom","Recycle"],"picked":"Glacier","floor":11.0},{"not_picked":["Skim","Fission"],"picked":"Loop","floor":13.0},{"not_picked":["Steam","Barrage"],"picked":"Cold Snap","floor":14.0},{"not_picked":["Fission","Meteor Strike"],"picked":"Creative AI","floor":16.0},{"not_picked":["Consume","Redo"],"picked":"Sunder","floor":18.0},{"not_picked":["Stack","Steam+1"],"picked":"Coolheaded","floor":19.0},{"not_picked":["Lockon","Rebound+1","Leap+1"],"picked":"SKIP","floor":21.0},{"not_picked":["Leap+1","Ball Lightning+1"],"picked":"Machine Learning","floor":22.0},{"not_picked":["Steam","Chaos+1"],"picked":"Reinforced Body","floor":24.0},{"not_picked":["Redo","Stack"],"picked":"Defragment","floor":27.0},{"not_picked":["Hologram","Beam Cell"],"picked":"Gash+1","floor":29.0},{"not_picked":["Hello World","Darkness"],"picked":"Loop","floor":31.0},{"not_picked":["Fission","Hyperbeam"],"picked":"Meteor Strike","floor":33.0},{"not_picked":["Compile Driver+1","Beam Cell"],"picked":"Hologram+1","floor":35.0},{"not_picked":["Sweeping Beam","Chaos"],"picked":"Coolheaded","floor":37.0},{"not_picked":["Leap+1","Stack"],"picked":"Turbo+1","floor":38.0},{"not_picked":["Redo","Sweeping Beam"],"picked":"Force Field","floor":39.0},{"not_picked":["Ball Lightning+1","Beam Cell"],"picked":"Defragment+1","floor":40.0},{"not_picked":["Compile Driver+1","FTL+1"],"picked":"Coolheaded","floor":42.0},{"not_picked":["Compile Driver","Storm+1"],"picked":"Hologram+1","floor":46.0},{"not_picked":["Glacier","Cold Snap+1"],"picked":"All For One","floor":48.0},{"not_picked":["Auto Shields+1","Leap"],"picked":"Turbo","floor":54.0}],"player_experience":376135,"relics_obtained":[{"floor":6.0,"key":"Boot"},{"floor":9.0,"key":"Mummified Hand"},{"floor":10.0,"key":"Turnip"},{"floor":13.0,"key":"The Courier"},{"floor":24.0,"key":"Pen Nib"},{"floor":26.0,"key":"Bag of Preparation"},{"floor":27.0,"key":"Kunai"},{"floor":40.0,"key":"Mango"},{"floor":42.0,"key":"Lantern"},{"floor":46.0,"key":"Unceasing Top"},{"floor":48.0,"key":"War Paint"},{"floor":54.0,"key":"Bottled Flame"}],"event_choices":[{"damage_healed":0.0,"max_hp_gain":0.0,"max_hp_loss":0.0,"gold_gain":175.0,"event_name":"Liars Game","player_choice":"AGREE","floor":2.0,"gold_loss":0.0,"damage_taken":0.0,"cards_obtained":["Doubt"]},{"damage_healed":0.0,"max_hp_gain":0.0,"max_hp_loss":0.0,"gold_gain":0.0,"event_name":"Shining Light","player_choice":"Entered Light","floor":4.0,"gold_loss":0.0,"damage_taken":15.0,"cards_upgraded":["Dualcast","Strike_B"]},{"damage_healed":0.0,"max_hp_gain":0.0,"max_hp_loss":0.0,"gold_gain":0.0,"event_name":"Wheel of Change","player_choice":"Damaged","floor":5.0,"gold_loss":0.0,"damage_taken":7.0},{"damage_healed":0.0,"max_hp_gain":0.0,"max_hp_loss":0.0,"gold_gain":0.0,"event_name":"Accursed Blacksmith","player_choice":"Forge","floor":28.0,"gold_loss":0.0,"damage_taken":0.0,"cards_upgraded":["Apotheosis"]},{"damage_healed":0.0,"max_hp_gain":0.0,"max_hp_loss":0.0,"gold_gain":0.0,"cards_transformed":["Dualcast"],"event_name":"Transmorgrifier","player_choice":"Transformed","floor":36.0,"gold_loss":0.0,"damage_taken":0.0,"cards_obtained":["Loop"]},{"cards_removed":["Self Repair"],"damage_healed":0.0,"max_hp_gain":0.0,"max_hp_loss":0.0,"gold_gain":0.0,"event_name":"Falling","player_choice":"Removed Power","floor":45.0,"gold_loss":0.0,"damage_taken":0.0},{"damage_healed":0.0,"max_hp_gain":0.0,"max_hp_loss":0.0,"gold_gain":0.0,"event_name":"Mysterious Sphere","player_choice":"Fight","floor":46.0,"gold_loss":0.0,"damage_taken":0.0}],"is_beta":false,"boss_relics":[{"not_picked":["Velvet Choker","Empty Cage"],"picked":"Astrolabe"},{"not_picked":["Snecko Eye","White Beast Statue"],"picked":"Pandora\u0027s Box"}],"items_purged_floors":[3,12],"is_endless":false,"potions_floor_spawned":[1,8,10,18,19,21,31,33,38,40],"ascension_level":10}