{"gold_per_floor":[111,130,141,151,151,178,178,143,143,143,175,193,227,242,242,313,363,381,218,218,49,40,40,70,70,151,185,235,266,191,208,208,208],"floor_reached":33,"playtime":1170,"items_purged":["Strike_R"],"score":646,"play_id":"032edea6-89d2-4ee4-a268-8c4a28ebd413","local_time":"20190701154830","is_ascension_mode":true,"campfire_choices":[{"data":"Flame Barrier","floor":7,"key":"SMITH"},{"data":"Uppercut","floor":10,"key":"SMITH"},{"floor":15,"key":"REST"},{"data":"Shockwave","floor":23,"key":"SMITH"},{"floor":25,"key":"REST"},{"floor":32,"key":"REST"}],"neow_cost":"NONE","seed_source_timestamp":274430358860399,"circlet_count":0,"master_deck":["AscendersBane","Strike_R","Strike_R","Strike_R","Defend_R","Defend_R","Defend_R","Defend_R","Bash+1","Flame Barrier+1","Clothesline","Clothesline+1","Shrug It Off","Uppercut+1","Armaments","Heavy Blade+1","Immolate","Reaper","Shrug It Off","Feel No Pain","Shockwave+1","Sentinel+1","Juggernaut","Power Through"],"relics":["Burning Blood","Red Skull","Bottled Lightning","Singing Bowl","PreservedInsect","Darkstone Periapt","Tiny House","Oddly Smooth Stone","Mercury Hourglass","Question Card","Ornamental Fan","Sundial"],"potions_floor_usage":[6,11,16,22,29],"damage_taken":[{"damage":19,"enemies":"Small Slimes","floor":1,"turns":4},{"damage":12,"enemies":"Jaw Worm","floor":2,"turns":4},{"damage":8,"enemies":"2 Louse","floor":3,"turns":4},{"damage":7,"enemies":"2 Fungi Beasts","floor":4,"turns":4},{"damage":13,"enemies":"Lagavulin","floor":6,"turns":5},{"damage":6,"enemies":"Gremlin Nob","floor":11,"turns":3},{"damage":7,"enemies":"Gremlin Gang","floor":12,"turns":6},{"damage":12,"enemies":"Lagavulin","floor":13,"turns":5},{"damage":4,"enemies":"3 Louse","floor":14,"turns":3},{"damage":27,"enemies":"The Guardian","floor":16,"turns":15},{"damage":42,"enemies":"Shell Parasite","floor":18,"turns":13},{"damage":13,"enemies":"2 Thieves","floor":22,"turns":4},{"damage":28,"enemies":"Gremlin Leader","floor":24,"turns":5},{"damage":31,"enemies":"Slavers","floor":27,"turns":3},{"damage":14,"enemies":"Gremlin Leader","floor":29,"turns":4},{"damage":7,"enemies":"Snecko","floor":31,"turns":4},{"damage":101,"enemies":"Champ","floor":33,"turns":15}],"seed_played":"6204574491335332994","potions_obtained":[{"floor":2,"key":"SkillPotion"},{"floor":3,"key":"Fire Potion"},{"floor":13,"key":"Fire Potion"},{"floor":16,"key":"Fire Potion"},{"floor":17,"key":"FairyPotion"},{"floor":27,"key":"Fire Potion"},{"floor":29,"key":"SpeedPotion"}],"is_trial":false,"path_per_floor":["M","M","M","M","?","E","R","?","T","R","E","M","E","M","R","B",null,"M","$","?","$","M","R","E","R","T","E","?","E","?","M","R","B"],"character_chosen":"IRONCLAD","items_purchased":["Shockwave","Oddly Smooth Stone"],"campfire_rested":3,"item_purchase_floors":[19,21],"current_hp_per_floor":[55,49,47,46,23,16,16,34,34,34,36,35,29,31,54,33,71,35,35,35,35,48,48,28,53,53,28,28,20,20,21,46,0],"gold":208,"neow_bonus":"RANDOM_COMMON_RELIC","is_prod":false,"is_daily":false,"chose_seed":false,"campfire_upgraded":3,"win_rate":0,"timestamp":1562010510,"path_taken":["M","M","M","M","?","E","R","?","T","R","E","M","E","M","R","BOSS","M","$","?","$","M","R","E","R","T","E","?","E","?","M","R","BOSS"],"build_version":"2019-01-23","purchased_purges":1,"victory":false,"max_hp_per_floor":[75,75,75,75,75,75,75,75,75,75,77,77,77,77,77,77,82,82,82,82,82,82,82,84,84,84,84,84,84,84,86,86,86],"card_choices":[{"not_picked":["Wild Strike","Second Wind"],"picked":"Flame Barrier","floor":1},{"not_picked":["Cleave","Warcry"],"picked":"Clothesline","floor":2},{"not_picked":["Twin Strike","Cleave"],"picked":"Clothesline","floor":3},{"not_picked":["Hemokinesis","Pommel Strike"],"picked":"Shrug It Off","floor":4},{"not_picked":["Havoc","Perfected Strike"],"picked":"Uppercut","floor":6},{"not_picked":["Thunderclap","Perfected Strike","True Grit"],"picked":"Singing Bowl","floor":11},{"not_picked":["Anger","Pommel Strike"],"picked":"Armaments","floor":12},{"not_picked":["Infernal Blade","Iron Wave"],"picked":"Heavy Blade","floor":13},{"not_picked":["Body Slam","Perfected Strike"],"picked":"Immolate","floor":14},{"not_picked":["Limit Break","Barricade"],"picked":"Reaper","floor":16},{"not_picked":["Anger","Clothesline"],"picked":"Shrug It Off","floor":17},{"not_picked":["Anger","Rage+1"],"picked":"Feel No Pain","floor":18},{"not_picked":["Metallicize","Battle Trance"],"picked":"Sentinel+1","floor":22},{"not_picked":["Twin Strike","Headbutt","Perfected Strike"],"picked":"Singing Bowl","floor":24},{"not_picked":["True Grit","Sword Boomerang","Sever Soul+1"],"picked":"Juggernaut","floor":27},{"not_picked":["Second Wind","Dual Wield","Thunderclap"],"picked":"Power Through","floor":29},{"not_picked":["True Grit","Sword Boomerang","Flex","Anger"],"picked":"Singing Bowl","floor":31}],"player_experience":1624396,"relics_obtained":[{"floor":6,"key":"Bottled Lightning"},{"floor":9,"key":"Singing Bowl"},{"floor":11,"key":"PreservedInsect"},{"floor":13,"key":"Darkstone Periapt"},{"floor":24,"key":"Mercury Hourglass"},{"floor":26,"key":"Question Card"},{"floor":27,"key":"Ornamental Fan"},{"floor":29,"key":"Sundial"}],"event_choices":[{"damage_healed":0,"gold_gain":0,"player_choice":"Entered Light","damage_taken":23,"max_hp_gain":0,"max_hp_loss":0,"event_name":"Shining Light","floor":5,"gold_loss":0,"cards_upgraded":["Clothesline","Bash"]},{"damage_healed":18,"gold_gain":0,"player_choice":"Healed","damage_taken":0,"max_hp_gain":0,"max_hp_loss":0,"event_name":"The Cleric","floor":8,"gold_loss":35},{"damage_healed":0,"gold_gain":0,"player_choice":"Ignored","damage_taken":0,"max_hp_gain":0,"max_hp_loss":0,"event_name":"Vampires","floor":20,"gold_loss":0},{"damage_healed":0,"gold_gain":50,"player_choice":"Stole From Cult","damage_taken":0,"max_hp_gain":0,"max_hp_loss":0,"event_name":"Nest","floor":28,"gold_loss":0},{"cards_removed":["Strike_R"],"damage_healed":0,"gold_gain":0,"player_choice":"Gave Gold","damage_taken":0,"max_hp_gain":0,"max_hp_loss":0,"event_name":"Beggar","floor":30,"gold_loss":75}],"is_beta":false,"boss_relics":[{"not_picked":["Orrery","Ectoplasm"],"picked":"Tiny House"}],"items_purged_floors":[19],"is_endless":false,"potions_floor_spawned":[2,3,13,16,27,29],"killed_by":"Champ","ascension_level":20}