{"gold_per_floor":[114,132,143,156,156,187,35,35,58,71,90,90,124,140,140,245,245,263,277,32,32,45,45,79,79,79,79,108,123,154,168,168,271,271,287,299,311,328,156,185,185,211,235,235,253,266,266,291,291,291],"floor_reached":51,"playtime":11007,"items_purged":["Writhe"],"score":861,"play_id":"5b100233-88e3-4c24-8685-00ec455f1e09","local_time":"20190610024432","is_ascension_mode":false,"campfire_choices":[{"data":"Thunderclap","floor":8,"key":"SMITH"},{"data":"Double Tap","floor":12,"key":"SMITH"},{"data":"Armaments","floor":15,"key":"SMITH"},{"data":"Barricade","floor":23,"key":"SMITH"},{"data":"RitualDagger","floor":27,"key":"SMITH"},{"data":"Rampage","floor":32,"key":"SMITH"},{"data":"Feed","floor":41,"key":"SMITH"},{"data":"Metallicize","floor":49,"key":"SMITH"}],"neow_cost":"","seed_source_timestamp":108953946407811,"circlet_count":0,"master_deck":["Strike_R","Strike_R","Strike_R","Strike_R","Strike_R","Defend_R","Defend_R","Defend_R","Defend_R","Bash","Headbutt","Ghostly Armor","Clothesline","Thunderclap+1","Headbutt","Disarm","Double Tap+1","Armaments+1","Shrug It Off","Barricade+1","Thunderclap+1","Headbutt","RitualDagger+1","Iron Wave+1","Rampage+1","Feed+1","Ghostly Armor","Body Slam+1","Warcry","Impervious","Metallicize+1","Warcry+1","Inflame+1","Pommel Strike","Pommel Strike","Ghostly Armor","Feel No Pain","Rage","Madness","Madness","Pommel Strike","Uppercut","Cleave+1"],"relics":["Burning Blood","Bronze Scales","Vajra","Happy Flower","Potion Belt","Coffee Dripper","Dodecahedron","Ornamental Fan","Thread and Needle","Unceasing Top","PreservedInsect","Pocketwatch","Eternal Feather","Blood Vial","Frozen Egg 2","Dream Catcher","Shuriken","Charon\u0027s Ashes"],"potions_floor_usage":[18,18,28,33,40,45,50],"damage_taken":[{"damage":12,"enemies":"Jaw Worm","floor":1,"turns":7},{"damage":5,"enemies":"2 Louse","floor":2,"turns":3},{"damage":1,"enemies":"Cultist","floor":3,"turns":3},{"damage":4,"enemies":"2 Fungi Beasts","floor":4,"turns":4},{"damage":28,"enemies":"3 Sentries","floor":6,"turns":8},{"damage":3,"enemies":"Gremlin Gang","floor":10,"turns":3},{"damage":2,"enemies":"3 Louse","floor":11,"turns":2},{"damage":15,"enemies":"Gremlin Nob","floor":13,"turns":4},{"damage":0,"enemies":"Looter","floor":14,"turns":3},{"damage":20,"enemies":"The Guardian","floor":16,"turns":13},{"damage":2,"enemies":"2 Thieves","floor":18,"turns":4},{"damage":0,"enemies":"Shell Parasite","floor":19,"turns":4},{"damage":27,"enemies":"Shelled Parasite and Fungi","floor":22,"turns":5},{"damage":29,"enemies":"Book of Stabbing","floor":24,"turns":5},{"damage":18,"enemies":"Slavers","floor":28,"turns":4},{"damage":0,"enemies":"Centurion and Healer","floor":29,"turns":3},{"damage":0,"enemies":"Gremlin Leader","floor":30,"turns":2},{"damage":0,"enemies":"Cultist and Chosen","floor":31,"turns":5},{"damage":0,"enemies":"Champ","floor":33,"turns":11},{"damage":15,"enemies":"3 Darklings","floor":35,"turns":6},{"damage":0,"enemies":"Orb Walker","floor":36,"turns":1},{"damage":0,"enemies":"Jaw Worm Horde","floor":37,"turns":4},{"damage":5,"enemies":"4 Shapes","floor":38,"turns":3},{"damage":18,"enemies":"Reptomancer","floor":40,"turns":7},{"damage":24,"enemies":"Giant Head","floor":42,"turns":7},{"damage":15,"enemies":"Spire Growth","floor":45,"turns":5},{"damage":10,"enemies":"Jaw Worm Horde","floor":46,"turns":6},{"damage":1,"enemies":"Nemesis","floor":48,"turns":7},{"damage":33,"enemies":"Awakened One","floor":50,"turns":12}],"seed_played":"3870321021516677350","potions_obtained":[{"floor":2,"key":"Fire Potion"},{"floor":3,"key":"Ancient Potion"},{"floor":10,"key":"LiquidBronze"},{"floor":11,"key":"Explosive Potion"},{"floor":16,"key":"Strength Potion"},{"floor":22,"key":"Weak Potion"},{"floor":28,"key":"SteroidPotion"},{"floor":29,"key":"AttackPotion"},{"floor":31,"key":"SkillPotion"},{"floor":35,"key":"LiquidBronze"},{"floor":36,"key":"PowerPotion"},{"floor":40,"key":"Ancient Potion"}],"is_trial":false,"path_per_floor":["M","M","M","M","?","E","$","R","T","M","M","R","E","M","R","B",null,"M","M","$","?","M","R","E","?","T","R","E","M","E","M","R","B",null,"M","M","M","M","$","E","R","E","T","?","M","M","T","E","R","B",null],"character_chosen":"IRONCLAD","items_purchased":["Vajra","Dodecahedron","Pommel Strike","Ghostly Armor"],"campfire_rested":0,"item_purchase_floors":[7,20,39,39],"current_hp_per_floor":[74,75,80,80,80,58,58,58,58,61,65,65,56,62,62,48,80,80,80,80,74,53,53,30,30,30,30,18,24,30,36,36,45,83,74,80,86,89,89,77,89,71,71,60,53,51,51,58,82,57],"gold":291,"neow_bonus":"","is_prod":false,"is_daily":false,"chose_seed":false,"campfire_upgraded":8,"win_rate":0.0,"timestamp":1560123872,"path_taken":["M","M","M","M","?","E","$","R","T","M","M","R","E","M","R","BOSS","M","M","$","?","M","R","E","?","T","R","E","M","E","M","R","BOSS","M","M","M","M","$","E","R","E","T","?","M","M","?","E","R","BOSS"],"build_version":"2019-01-23","purchased_purges":1,"victory":true,"max_hp_per_floor":[80,80,80,80,80,80,80,80,80,80,80,80,80,80,80,80,80,80,80,80,80,80,80,80,80,80,80,80,80,80,80,80,83,83,83,83,86,89,89,89,89,89,89,89,89,89,89,89,89,89],"card_choices":[{"not_picked":["Body Slam","Warcry"],"picked":"Headbutt","floor":1},{"not_picked":["Feel No Pain","Warcry"],"picked":"Ghostly Armor","floor":2},{"not_picked":["True Grit","Dual Wield"],"picked":"Clothesline","floor":3},{"not_picked":["Corruption","Second Wind"],"picked":"Thunderclap","floor":4},{"not_picked":["Flex","Power Through"],"picked":"Headbutt","floor":6},{"not_picked":["Thunderclap","Warcry"],"picked":"Disarm","floor":10},{"not_picked":["Thunderclap","Entrench"],"picked":"Double Tap","floor":11},{"not_picked":["Body Slam","Corruption"],"picked":"Armaments","floor":13},{"not_picked":["Warcry","Cleave"],"picked":"Shrug It Off","floor":14},{"not_picked":["Offering","Feed"],"picked":"Barricade","floor":16},{"not_picked":["True Grit+1","Warcry"],"picked":"Thunderclap+1","floor":18},{"not_picked":["Cleave+1","Twin Strike"],"picked":"Headbutt","floor":19},{"not_picked":["Dark Embrace","Clash"],"picked":"Iron Wave+1","floor":22},{"not_picked":["Intimidate","Pommel Strike"],"picked":"Rampage","floor":24},{"not_picked":["Anger+1","Clothesline+1"],"picked":"Feed","floor":28},{"not_picked":["Clash","Headbutt"],"picked":"Ghostly Armor","floor":29},{"not_picked":["Anger","Combust"],"picked":"Body Slam+1","floor":30},{"not_picked":["Armaments","Combust"],"picked":"Warcry","floor":31},{"not_picked":["Berserk","Fiend Fire"],"picked":"Impervious","floor":33},{"not_picked":["True Grit","Body Slam+1"],"picked":"Metallicize","floor":35},{"not_picked":["Flex+1","Twin Strike"],"picked":"Warcry+1","floor":36},{"not_picked":["Uppercut","Sword Boomerang+1"],"picked":"Inflame+1","floor":37},{"not_picked":["Sword Boomerang+1","Clash+1"],"picked":"Pommel Strike","floor":38},{"not_picked":["Dark Embrace","Perfected Strike+1"],"picked":"Feel No Pain","floor":40},{"not_picked":["Reckless Charge","Ghostly Armor"],"picked":"Rage","floor":42},{"not_picked":["True Grit","Perfected Strike"],"picked":"Pommel Strike","floor":45},{"not_picked":["Thunderclap","Twin Strike+1"],"picked":"Uppercut","floor":46},{"not_picked":["Fiend Fire","Barricade+1"],"picked":"Cleave+1","floor":48}],"player_experience":0,"relics_obtained":[{"floor":6,"key":"Bronze Scales"},{"floor":9,"key":"Happy Flower"},{"floor":13,"key":"Potion Belt"},{"floor":24,"key":"Ornamental Fan"},{"floor":26,"key":"Unceasing Top"},{"floor":28,"key":"PreservedInsect"},{"floor":30,"key":"Pocketwatch"},{"floor":40,"key":"Blood Vial"},{"floor":42,"key":"Frozen Egg 2"},{"floor":43,"key":"Dream Catcher"},{"floor":47,"key":"Shuriken"},{"floor":48,"key":"Charon\u0027s Ashes"}],"event_choices":[{"damage_healed":0,"gold_gain":0,"player_choice":"Leave","damage_taken":0,"max_hp_gain":0,"max_hp_loss":0,"event_name":"The Cleric","floor":5,"gold_loss":0},{"damage_healed":0,"gold_gain":0,"player_choice":"Joined the Cult","damage_taken":6,"max_hp_gain":0,"max_hp_loss":0,"event_name":"Nest","floor":21,"gold_loss":0,"cards_obtained":["RitualDagger"]},{"damage_healed":0,"gold_gain":0,"player_choice":"Opened","damage_taken":0,"relics_obtained":["Thread and Needle"],"max_hp_gain":0,"max_hp_loss":0,"event_name":"The Mausoleum","floor":25,"gold_loss":0,"cards_obtained":["Writhe"]},{"damage_healed":0,"gold_gain":0,"player_choice":"Embrace Madness","damage_taken":11,"max_hp_gain":0,"max_hp_loss":0,"event_name":"Winding Halls","floor":44,"gold_loss":0,"cards_obtained":["Madness","Madness"]}],"is_beta":false,"boss_relics":[{"not_picked":["Runic Cube","Sozu"],"picked":"Coffee Dripper"},{"not_picked":["Orrery","Cursed Key"],"picked":"Eternal Feather"}],"items_purged_floors":[39],"is_endless":false,"potions_floor_spawned":[2,3,10,11,16,22,28,29,31,35,36,40,42],"ascension_level":0}