{"gold_per_floor":[110,110,122,136,61,78,78,90,115,115,142,142,162,177,177,272,272,286,297,317,371,402,414],"floor_reached":23,"playtime":2869,"items_purged":["Regret"],"score":197,"play_id":"411babe8-a442-4efb-b810-94e95348d595","local_time":"20190711103033","is_ascension_mode":false,"campfire_choices":[{"data":"Bash","floor":7,"key":"SMITH"},{"floor":10,"key":"REST"},{"floor":15,"key":"REST"}],"neow_cost":"NONE","seed_source_timestamp":495902067894900,"circlet_count":0,"master_deck":["Strike_R","Strike_R","Strike_R","Strike_R","Strike_R","Defend_R","Defend_R","Defend_R","Defend_R","Bash+1","Twin Strike","Flame Barrier","Twin Strike","Seeing Red","Sword Boomerang","Infernal Blade","Warcry","Offering","Pommel Strike","Pommel Strike","Armaments","Uppercut+1"],"relics":["Burning Blood","Strawberry","Ancient Tea Set","Lantern","Shuriken","MawBank"],"potions_floor_usage":[3,18,19,19,19,23],"damage_taken":[{"damage":0,"enemies":"Small Slimes","floor":1,"turns":3},{"damage":5,"enemies":"Jaw Worm","floor":3,"turns":4},{"damage":12,"enemies":"Cultist","floor":4,"turns":4},{"damage":12,"enemies":"Exordium Thugs","floor":6,"turns":5},{"damage":13,"enemies":"Large Slime","floor":8,"turns":7},{"damage":28,"enemies":"Gremlin Nob","floor":11,"turns":5},{"damage":9,"enemies":"Lots of Slimes","floor":13,"turns":4},{"damage":2,"enemies":"Blue Slaver","floor":14,"turns":3},{"damage":62,"enemies":"Slime Boss","floor":16,"turns":8},{"damage":32,"enemies":"2 Thieves","floor":18,"turns":4},{"damage":11,"enemies":"3 Byrds","floor":19,"turns":3},{"damage":26,"enemies":"Snake Plant","floor":20,"turns":3},{"damage":35,"enemies":"Cultist and Chosen","floor":22,"turns":6},{"damage":30,"enemies":"Gremlin Leader","floor":23,"turns":4}],"seed_played":"6394901652398452887","potions_obtained":[{"floor":0,"key":"SkillPotion"},{"floor":0,"key":"AttackPotion"},{"floor":0,"key":"Strength Potion"},{"floor":8,"key":"AttackPotion"},{"floor":18,"key":"Strength Potion"},{"floor":22,"key":"BloodPotion"}],"is_trial":false,"path_per_floor":["M","?","M","M","$","M","R","M","T","R","E","T","M","M","R","B",null,"M","M","M","T","M","E"],"character_chosen":"IRONCLAD","items_purchased":[],"campfire_rested":2,"item_purchase_floors":[],"current_hp_per_floor":[80,87,87,81,81,75,75,68,68,87,65,65,62,66,87,31,87,61,56,36,36,7,0],"gold":414,"neow_bonus":"THREE_SMALL_POTIONS","is_prod":false,"is_daily":false,"chose_seed":false,"campfire_upgraded":1,"win_rate":0.0,"timestamp":1562837433,"path_taken":["M","?","M","M","$","M","R","M","T","R","E","?","M","M","R","BOSS","M","M","?","?","M","E"],"build_version":"2019-07-05","purchased_purges":1,"victory":false,"max_hp_per_floor":[80,87,87,87,87,87,87,87,87,87,87,87,87,87,87,87,87,87,87,87,87,87,87],"card_choices":[{"not_picked":["Anger","Thunderclap"],"picked":"Twin Strike","floor":1},{"not_picked":["Battle Trance","Clash"],"picked":"Flame Barrier","floor":3},{"not_picked":["Sever Soul","Bloodletting"],"picked":"Twin Strike","floor":4},{"not_picked":["Heavy Blade","Iron Wave"],"picked":"Seeing Red","floor":6},{"not_picked":["Bloodletting","Heavy Blade"],"picked":"Sword Boomerang","floor":8},{"not_picked":["True Grit","Demon Form","Feel No Pain"],"picked":"SKIP","floor":11},{"not_picked":["Clash","Rupture"],"picked":"Infernal Blade","floor":13},{"not_picked":["Body Slam","Feel No Pain"],"picked":"Warcry","floor":14},{"not_picked":["Dark Embrace","Double Tap"],"picked":"Offering","floor":16},{"not_picked":["Sword Boomerang","True Grit"],"picked":"Pommel Strike","floor":18},{"not_picked":["Clothesline","Perfected Strike"],"picked":"Pommel Strike","floor":19},{"not_picked":["Searing Blow","True Grit+1"],"picked":"Armaments","floor":20},{"not_picked":["Clash","True Grit"],"picked":"Uppercut+1","floor":22}],"player_experience":196805,"relics_obtained":[{"floor":9,"key":"Ancient Tea Set"},{"floor":11,"key":"Lantern"},{"floor":12,"key":"Shuriken"},{"floor":21,"key":"MawBank"}],"event_choices":[{"damage_healed":0,"gold_gain":0,"player_choice":"Box","damage_taken":0,"relics_obtained":["Strawberry"],"max_hp_gain":0,"max_hp_loss":0,"event_name":"Big Fish","floor":2,"gold_loss":0,"cards_obtained":["Regret"]}],"is_beta":false,"boss_relics":[{"not_picked":["Philosopher\u0027s Stone","Mark of Pain","Busted Crown"]}],"items_purged_floors":[5],"is_endless":false,"potions_floor_spawned":[1,8,13,16,18,22],"killed_by":"Gremlin Leader","ascension_level":0}