{"gold_per_floor":[110,124,124,3,23,55,155,155,155,168,49,74,93,119,119,214,214,230,40,54,69,69,104,116,153,216,242,283,295,324,336,348,461,473,501,513,525,537,569,609,621,649,661,700,712,724,736,775,787,799,811,823,108,135,135],"floor_reached":56,"playtime":6616,"items_purged":["Strike_R","Anger"],"score":1880,"play_id":"af388cb5-d72b-4cb7-a7b5-648987f9a7af","local_time":"20190621173328","is_ascension_mode":true,"campfire_choices":[{"floor":8,"key":"REST"},{"data":"Armaments","floor":15,"key":"SMITH"},{"data":"Inflame","floor":24,"key":"SMITH"},{"data":"Inflame","floor":29,"key":"SMITH"},{"data":"Bludgeon","floor":32,"key":"SMITH"},{"data":"Impervious","floor":41,"key":"SMITH"},{"floor":45,"key":"RECALL"},{"data":"Bludgeon","floor":49,"key":"SMITH"},{"data":"Ghostly","floor":52,"key":"SMITH"}],"neow_cost":"NONE","seed_source_timestamp":734204278161305,"circlet_count":0,"master_deck":["Strike_R","Strike_R","Strike_R+1","Strike_R+1","Defend_R","Defend_R","Defend_R","Defend_R","Bash","Bludgeon+1","Clothesline","Pommel Strike","Armaments+1","Iron Wave+1","Sword Boomerang+1","Shrug It Off","Pommel Strike+1","Body Slam+1","Juggernaut","Headbutt+1","Headbutt+1","Barricade","Carnage+1","Corruption","Entrench","Uppercut+1","Blood for Blood+1","Inflame+1","Inflame+1","Demon Form+1","Impervious+1","Ghostly","Ghostly","Ghostly","Ghostly","Ghostly+1","Bludgeon+1","Pummel+1","Limit Break","Sentinel+1","Mind Blast","Enlightenment","Heavy Blade+1","Corruption+1"],"relics":["Burning Blood","Pantograph","Mummified Hand","Oddly Smooth Stone","Snecko Eye","Nloth\u0027s Gift","MawBank","Frozen Egg 2","Blue Candle","Runic Dome","Mercury Hourglass","Matryoshka","Centennial Puzzle","Bottled Lightning","Shuriken","FossilizedHelix","Bag of Preparation","Boot","PrismaticShard","Pear"],"potions_floor_usage":[12,55,55,55],"damage_taken":[{"damage":6,"enemies":"Small Slimes","floor":1,"turns":2},{"damage":9,"enemies":"Jaw Worm","floor":2,"turns":4},{"damage":0,"enemies":"Cultist","floor":5,"turns":3},{"damage":25,"enemies":"3 Sentries","floor":6,"turns":8},{"damage":0,"enemies":"Red Slaver","floor":10,"turns":3},{"damage":18,"enemies":"Lagavulin","floor":12,"turns":6},{"damage":11,"enemies":"Looter","floor":13,"turns":2},{"damage":13,"enemies":"Gremlin Nob","floor":14,"turns":4},{"damage":45,"enemies":"The Guardian","floor":16,"turns":12},{"damage":0,"enemies":"Chosen","floor":18,"turns":3},{"damage":6,"enemies":"Shell Parasite","floor":20,"turns":3},{"damage":0,"enemies":"Snake Plant","floor":21,"turns":2},{"damage":36,"enemies":"Slavers","floor":23,"turns":4},{"damage":0,"enemies":"Book of Stabbing","floor":25,"turns":2},{"damage":0,"enemies":"Cultist and Chosen","floor":27,"turns":4},{"damage":9,"enemies":"Gremlin Leader","floor":28,"turns":4},{"damage":20,"enemies":"Centurion and Healer","floor":30,"turns":3},{"damage":0,"enemies":"Collector","floor":33,"turns":6},{"damage":1,"enemies":"Orb Walker","floor":35,"turns":2},{"damage":3,"enemies":"3 Shapes","floor":39,"turns":4},{"damage":9,"enemies":"Giant Head","floor":40,"turns":5},{"damage":0,"enemies":"Spire Growth","floor":42,"turns":4},{"damage":2,"enemies":"Reptomancer","floor":44,"turns":5},{"damage":1,"enemies":"Giant Head","floor":48,"turns":5},{"damage":19,"enemies":"Time Eater","floor":50,"turns":5},{"damage":0,"enemies":"Shield and Spear","floor":54,"turns":4},{"damage":1,"enemies":"The Heart","floor":55,"turns":7}],"seed_played":"8665451243108371850","potions_obtained":[{"floor":10,"key":"SpeedPotion"},{"floor":14,"key":"LiquidBronze"},{"floor":23,"key":"LiquidBronze"},{"floor":27,"key":"Strength Potion"},{"floor":33,"key":"Dexterity Potion"}],"is_trial":false,"path_per_floor":["M","M","?","$","M","E","?","R","T","M","$","E","M","E","R","B",null,"M","$","M","M","?","E","R","E","T","M","E","R","M","?","R","B",null,"M","?","$","T","M","E","R","M","T","E","R","?","$","E","R","B",null,"R","$","E","B",null],"character_chosen":"IRONCLAD","items_purchased":["Armaments","Shrug It Off","Pommel Strike+1","Body Slam+1","Corruption","Entrench","Uppercut+1","Corruption+1","Bag of Preparation","Boot","PrismaticShard","Strength Potion"],"campfire_rested":1,"item_purchase_floors":[4,11,11,11,19,19,19,53,53,53,53,53],"current_hp_per_floor":[72,69,53,53,59,40,40,64,64,70,70,58,53,46,46,32,68,74,74,74,80,80,50,50,56,56,62,59,59,45,40,40,40,40,40,38,38,38,38,35,35,38,38,38,38,28,28,33,33,25,35,35,35,48,48],"gold":135,"neow_bonus":"ONE_RANDOM_RARE_CARD","is_prod":false,"is_daily":false,"chose_seed":false,"campfire_upgraded":7,"win_rate":0,"timestamp":1561127608,"path_taken":["M","M","?","$","M","E","?","R","T","?","?","E","M","E","R","BOSS","M","$","M","M","?","E","R","E","T","M","E","R","?","?","R","BOSS","M","?","?","?","M","E","R","?","T","E","R","?","$","E","R","BOSS","R","$","E","BOSS"],"build_version":"2019-01-23","purchased_purges":2,"victory":true,"max_hp_per_floor":[80,80,80,80,80,80,80,80,80,80,80,80,80,80,80,80,80,80,80,80,80,80,80,80,80,80,80,80,80,80,40,40,40,40,40,38,38,38,38,38,38,38,38,38,38,38,38,38,38,38,38,38,38,48,48],"card_choices":[{"not_picked":["Cleave","Heavy Blade"],"picked":"Clothesline","floor":1},{"not_picked":["Thunderclap","Clothesline"],"picked":"Pommel Strike","floor":2},{"not_picked":["Flex","Infernal Blade"],"picked":"Anger","floor":5},{"not_picked":["Shockwave","Sword Boomerang"],"picked":"Iron Wave","floor":6},{"not_picked":["Juggernaut","Clash+1"],"picked":"Sword Boomerang+1","floor":10},{"not_picked":["Impervious","Havoc"],"picked":"Juggernaut","floor":12},{"not_picked":["Pommel Strike+1","Dropkick+1"],"picked":"Headbutt+1","floor":13},{"not_picked":["Warcry","Clash+1"],"picked":"Headbutt+1","floor":14},{"not_picked":["Feed+1","Double Tap"],"picked":"Barricade","floor":16},{"not_picked":["Armaments+1","Flex"],"picked":"Carnage+1","floor":18},{"not_picked":["Headbutt+1","Armaments+1"],"picked":"Blood for Blood+1","floor":20},{"not_picked":["Brutality","Warcry"],"picked":"Inflame","floor":21},{"not_picked":["Havoc","Cleave"],"picked":"Inflame","floor":23},{"not_picked":["Berserk","Juggernaut"],"picked":"Demon Form","floor":25},{"not_picked":["Wild Strike","Clothesline","Sever Soul+1"],"picked":"SKIP","floor":27},{"not_picked":["Intimidate","Burning Pact"],"picked":"Impervious","floor":28},{"not_picked":["Clash+1","Second Wind","Cleave"],"picked":"SKIP","floor":30},{"not_picked":["Limit Break","Dark Embrace+1"],"picked":"Bludgeon","floor":33},{"not_picked":["Perfected Strike","Iron Wave"],"picked":"Pummel+1","floor":35},{"not_picked":["Sword Boomerang+1","Pommel Strike+1","Cleave+1"],"picked":"SKIP","floor":39},{"not_picked":["Iron Wave","Havoc"],"picked":"Limit Break","floor":40},{"not_picked":["Combust+1","Iron Wave","Anger"],"picked":"SKIP","floor":42},{"not_picked":["Perfected Strike+1","Rage"],"picked":"Sentinel+1","floor":44},{"not_picked":["Secret Weapon","Madness"],"picked":"Mind Blast","floor":46},{"not_picked":["Purity","Dramatic Entrance"],"picked":"Enlightenment","floor":46},{"not_picked":["Berserk+1","Bloodletting+1"],"picked":"Heavy Blade+1","floor":48},{"not_picked":["Havoc","Tempest+1","Consume+1"],"picked":"SKIP","floor":54}],"player_experience":384958,"relics_obtained":[{"floor":6,"key":"Molten Egg 2"},{"floor":9,"key":"Pantograph"},{"floor":12,"key":"Mummified Hand"},{"floor":14,"key":"Oddly Smooth Stone"},{"floor":23,"key":"MawBank"},{"floor":25,"key":"Frozen Egg 2"},{"floor":28,"key":"Blue Candle"},{"floor":38,"key":"Mercury Hourglass"},{"floor":40,"key":"Matryoshka"},{"floor":43,"key":"Centennial Puzzle"},{"floor":43,"key":"Bottled Lightning"},{"floor":44,"key":"Shuriken"},{"floor":48,"key":"FossilizedHelix"},{"floor":54,"key":"Pear"}],"event_choices":[{"damage_healed":0,"gold_gain":0,"player_choice":"Entered Light","damage_taken":16,"max_hp_gain":0,"max_hp_loss":0,"event_name":"Shining Light","floor":3,"gold_loss":0,"cards_upgraded":["Strike_R","Strike_R"]},{"damage_healed":0,"gold_gain":100,"player_choice":"Gold","damage_taken":0,"max_hp_gain":0,"max_hp_loss":0,"event_name":"Wheel of Change","floor":7,"gold_loss":0},{"damage_healed":0,"gold_gain":0,"player_choice":"Traded Relic","damage_taken":0,"relics_obtained":["Nloth\u0027s Gift"],"max_hp_gain":0,"max_hp_loss":0,"event_name":"N\u0027loth","floor":22,"relics_lost":["Molten Egg 2"],"gold_loss":0},{"damage_healed":0,"gold_gain":0,"player_choice":"Became a Ghost","damage_taken":0,"max_hp_gain":0,"max_hp_loss":40,"event_name":"Ghosts","floor":31,"gold_loss":0,"cards_obtained":["Ghostly","Ghostly","Ghostly","Ghostly","Ghostly"]},{"damage_healed":0,"gold_gain":0,"player_choice":"Max HP","damage_taken":0,"max_hp_gain":0,"max_hp_loss":2,"event_name":"Winding Halls","floor":36,"gold_loss":0},{"damage_healed":0,"gold_gain":0,"player_choice":"Memory 3","damage_taken":10,"max_hp_gain":0,"max_hp_loss":0,"event_name":"SensoryStone","floor":46,"gold_loss":0}],"is_beta":false,"boss_relics":[{"not_picked":["Fusion Hammer","Black Blood"],"picked":"Snecko Eye"},{"not_picked":["Black Star","White Beast Statue"],"picked":"Runic Dome"}],"items_purged_floors":[4,53],"is_endless":false,"potions_floor_spawned":[10,14,23,27,28,33,40,48],"ascension_level":8}