{"gold_per_floor":[119,44,58,21,296,316,326,345,345,345,370,390,406,30,30,128,128,142,169,169,20,0,0,0,10,83,83,103,103,131,148,148,251,251,261,261,275,37,50,50,50,50,50,50,70,70],"floor_reached":46,"playtime":1142,"items_purged":["Strike_R","Regret"],"score":490,"play_id":"f9fdb86d-3519-4eb7-9c9a-5df707827a59","local_time":"20190711115135","is_ascension_mode":false,"campfire_choices":[{"data":"Inflame","floor":10,"key":"SMITH"},{"floor":15,"key":"REST"},{"floor":23,"key":"REST"},{"floor":27,"key":"REST"},{"floor":29,"key":"REST"},{"floor":32,"key":"REST"},{"floor":40,"key":"REST"},{"floor":42,"key":"REST"}],"neow_cost":"NONE","seed_source_timestamp":1124242517556699,"circlet_count":0,"master_deck":["Strike_R","Defend_R","Defend_R","Defend_R","Defend_R","Bash","Inflame+1","Heavy Blade","Feel No Pain","Infernal Blade","Second Wind","Metallicize","Disarm","Hemokinesis+1","True Grit+1","Rampage","Heavy Blade+1","Iron Wave+1","Limit Break","Parasite"],"relics":["Burning Blood","NeowsBlessing","Dodecahedron","Singing Bowl","HandDrill","Empty Cage","Red Mask","Blood Vial","Paper Frog","Letter Opener","Lizard Tail","Meat on the Bone","Gremlin Horn"],"potions_floor_usage":[7,11,11,16,18,19,30,31,31,35],"damage_taken":[{"damage":0,"enemies":"Cultist","floor":1,"turns":1},{"damage":0,"enemies":"2 Louse","floor":3,"turns":1},{"damage":0,"enemies":"Jaw Worm","floor":6,"turns":1},{"damage":15,"enemies":"Exordium Wildlife","floor":7,"turns":4},{"damage":18,"enemies":"Exordium Thugs","floor":8,"turns":5},{"damage":19,"enemies":"Gremlin Nob","floor":11,"turns":3},{"damage":4,"enemies":"2 Fungi Beasts","floor":12,"turns":4},{"damage":0,"enemies":"3 Louse","floor":13,"turns":4},{"damage":46,"enemies":"Hexaghost","floor":16,"turns":8},{"damage":4,"enemies":"Spheric Guardian","floor":18,"turns":3},{"damage":69,"enemies":"Masked Bandits","floor":19,"turns":7},{"damage":5,"enemies":"2 Thieves","floor":22,"turns":5},{"damage":33,"enemies":"Centurion and Healer","floor":25,"turns":8},{"damage":18,"enemies":"Snake Plant","floor":28,"turns":5},{"damage":41,"enemies":"Slavers","floor":30,"turns":7},{"damage":22,"enemies":"Sentry and Sphere","floor":31,"turns":4},{"damage":45,"enemies":"Champ","floor":33,"turns":14},{"damage":60,"enemies":"3 Darklings","floor":35,"turns":11},{"damage":15,"enemies":"Orb Walker","floor":37,"turns":3},{"damage":23,"enemies":"Writhing Mass","floor":39,"turns":6},{"damage":65,"enemies":"Sphere and 2 Shapes","floor":45,"turns":6},{"damage":33,"enemies":"Maw","floor":46,"turns":5}],"seed_played":"-5020878323821277633","potions_obtained":[{"floor":6,"key":"EssenceOfSteel"},{"floor":7,"key":"Strength Potion"},{"floor":8,"key":"Swift Potion"},{"floor":13,"key":"EssenceOfSteel"},{"floor":16,"key":"AttackPotion"},{"floor":18,"key":"Strength Potion"},{"floor":25,"key":"GamblersBrew"},{"floor":30,"key":"SteroidPotion"},{"floor":33,"key":"Fruit Juice"},{"floor":39,"key":"Ancient Potion"}],"is_trial":false,"path_per_floor":["M","$","M","$","?","M","M","M","T","R","E","M","M","$","R","B",null,"M","?","?","$","M","R","$","M","T","R","M","R","E","M","R","B",null,"M","?","M","$","M","R","?","R","T","?","M","M"],"character_chosen":"IRONCLAD","items_purchased":["Feel No Pain","HandDrill","Strength Potion","Disarm","Blood Vial","Meat on the Bone"],"campfire_rested":7,"item_purchase_floors":[4,14,14,14,21,38],"current_hp_per_floor":[80,80,80,80,80,80,71,59,59,59,48,50,58,58,83,43,84,84,21,21,21,24,49,49,26,26,51,43,69,36,22,48,11,88,41,41,36,36,35,64,64,93,93,109,64,33],"gold":70,"neow_bonus":"THREE_ENEMY_KILL","is_prod":false,"is_daily":false,"chose_seed":false,"campfire_upgraded":1,"win_rate":0,"timestamp":1562860295,"path_taken":["M","?","M","$","?","M","M","M","T","R","E","?","M","$","R","BOSS","M","?","?","$","M","R","?","M","T","R","M","R","E","M","R","BOSS","M","?","M","$","M","R","?","R","T","?","M","M"],"build_version":"2019-07-05","purchased_purges":2,"victory":false,"max_hp_per_floor":[80,80,80,80,80,80,80,80,80,80,82,82,84,84,84,84,84,84,84,84,84,84,84,84,86,86,86,88,88,88,88,88,88,88,95,95,97,97,99,99,99,99,99,109,111,111],"card_choices":[{"not_picked":["Armaments","Dropkick"],"picked":"Inflame","floor":1},{"not_picked":["Flex","Body Slam"],"picked":"Heavy Blade","floor":3},{"not_picked":["Warcry","Sword Boomerang"],"picked":"Infernal Blade","floor":6},{"not_picked":["Havoc","Carnage"],"picked":"Second Wind","floor":7},{"not_picked":["Combust","Hemokinesis"],"picked":"Impervious","floor":8},{"not_picked":["Power Through","Twin Strike","Entrench"],"picked":"Singing Bowl","floor":11},{"not_picked":["Feel No Pain","True Grit"],"picked":"Metallicize","floor":12},{"not_picked":["Dropkick","Headbutt","Pummel"],"picked":"Singing Bowl","floor":13},{"not_picked":["Dark Embrace","Reaper"],"picked":"Berserk","floor":16},{"not_picked":["Flex+1","Cleave"],"picked":"Hemokinesis+1","floor":18},{"not_picked":["Havoc","Headbutt"],"picked":"True Grit+1","floor":19},{"not_picked":["Clothesline+1","Power Through+1"],"picked":"Rampage","floor":22},{"not_picked":["Evolve","Sword Boomerang","Corruption"],"picked":"Singing Bowl","floor":25},{"not_picked":["Iron Wave","Sentinel+1","Anger"],"picked":"Singing Bowl","floor":28},{"not_picked":["Spot Weakness","Shockwave"],"picked":"Heavy Blade+1","floor":30},{"not_picked":["Power Through","Feel No Pain"],"picked":"Iron Wave+1","floor":31},{"not_picked":["Berserk","Bludgeon"],"picked":"Limit Break","floor":33},{"not_picked":["Burning Pact","Twin Strike+1","Seeing Red"],"picked":"Singing Bowl","floor":35},{"not_picked":["Armaments","Intimidate","Pommel Strike+1"],"picked":"Singing Bowl","floor":37},{"not_picked":["Thunderclap+1","Perfected Strike","Warcry+1"],"picked":"Singing Bowl","floor":39},{"not_picked":["Clash+1","Whirlwind","Feel No Pain+1"],"picked":"Singing Bowl","floor":45}],"player_experience":1822425,"relics_obtained":[{"floor":9,"key":"Dodecahedron"},{"floor":11,"key":"Singing Bowl"},{"floor":19,"key":"Red Mask"},{"floor":26,"key":"Paper Frog"},{"floor":30,"key":"Letter Opener"},{"floor":43,"key":"Gremlin Horn"}],"event_choices":[{"damage_healed":0,"gold_gain":275,"player_choice":"Desecrate","damage_taken":0,"max_hp_gain":0,"max_hp_loss":0,"event_name":"Golden Shrine","floor":5,"gold_loss":0,"cards_obtained":["Regret"]},{"damage_healed":0,"gold_gain":0,"player_choice":"Fought Bandits","damage_taken":0,"max_hp_gain":0,"max_hp_loss":0,"event_name":"Masked Bandits","floor":19,"gold_loss":0},{"cards_removed":["Strike_R"],"damage_healed":0,"gold_gain":0,"player_choice":"Elegance","damage_taken":0,"max_hp_gain":0,"max_hp_loss":0,"event_name":"Back to Basics","floor":20,"gold_loss":0},{"cards_removed":["Berserk"],"damage_healed":0,"gold_gain":0,"player_choice":"Removed Power","damage_taken":0,"max_hp_gain":0,"max_hp_loss":0,"event_name":"Falling","floor":36,"gold_loss":0},{"damage_healed":0,"gold_gain":0,"player_choice":"Ignored","damage_taken":0,"max_hp_gain":0,"max_hp_loss":0,"event_name":"Mysterious Sphere","floor":41,"gold_loss":0},{"cards_removed":["Impervious"],"damage_healed":6,"gold_gain":0,"player_choice":"Offered Rare","damage_taken":0,"max_hp_gain":10,"max_hp_loss":0,"event_name":"Bonfire Elementals","floor":44,"gold_loss":0}],"is_beta":false,"boss_relics":[{"not_picked":["Runic Pyramid","Runic Dome"],"picked":"Empty Cage"},{"not_picked":["Busted Crown","Calling Bell"],"picked":"Lizard Tail"}],"items_purged_floors":[2,14],"is_endless":false,"potions_floor_spawned":[6,7,8,13,16,18,25,30,33,39],"killed_by":"Maw","ascension_level":0}