{"gold_per_floor":[109,120,120,120,141,181,181,212,236,257,257,301,40,59,59,152,152,172,192,217,241,291,291,331,354,406,406,450,486,57,57,57,153,153,171,504,48,59,59,94,94,120,173,201,201,228,59,72,72,72,72],"floor_reached":51,"playtime":11357,"items_purged":["Strike_G"],"score":1996,"play_id":"9d5be935-2b4e-4455-8a2b-493ca4eaf9a0","local_time":"20190722145730","is_ascension_mode":true,"campfire_choices":[{"data":"Choke","floor":7.0,"key":"SMITH"},{"data":"Cloak And Dagger","floor":11.0,"key":"SMITH"},{"data":"Noxious Fumes","floor":15.0,"key":"SMITH"},{"data":"Malaise","floor":23.0,"key":"SMITH"},{"data":"After Image","floor":27.0,"key":"SMITH"},{"data":"Footwork","floor":32.0,"key":"SMITH"},{"data":"Wraith Form v2","floor":41.0,"key":"SMITH"},{"floor":45.0,"key":"RECALL"},{"data":"Noxious Fumes","floor":49.0,"key":"SMITH"}],"neow_cost":"TEN_PERCENT_HP_LOSS","seed_source_timestamp":219501123630736,"circlet_count":0,"master_deck":["AscendersBane","Defend_G","Defend_G","Defend_G","Defend_G","Defend_G","Survivor","Neutralize","After Image+1","Footwork+1","Choke+1","Terror","Endless Agony+1","Cloak And Dagger+1","Dodge and Roll","Deadly Poison","PiercingWail","Finisher+1","Noxious Fumes+1","Malaise+1","Leg Sweep","Cloak And Dagger","Choke","Setup","Calculated Gamble+1","Outmaneuver","Blade Dance","Footwork+1","After Image+1","Deflect","Infinite Blades","Finisher","Caltrops","Tools of the Trade","Deadly Poison","Accuracy","Setup","Wraith Form v2+1","Bouncing Flask","Noxious Fumes+1","Footwork","Bullet Time","Cloak And Dagger+1"],"special_seed":0,"relics":["Ring of the Snake","Pen Nib","Bronze Scales","Art of War","Vajra","Ninja Scroll","Lantern","Runic Pyramid","Happy Flower","Snake Skull","MawBank","DollysMirror","Eternal Feather","PreservedInsect","Whetstone","Calipers","Ancient Tea Set","Letter Opener","Oddly Smooth Stone"],"potions_floor_usage":[],"damage_taken":[{"damage":0.0,"enemies":"Jaw Worm","floor":1.0,"turns":5.0},{"damage":0.0,"enemies":"2 Louse","floor":2.0,"turns":4.0},{"damage":0.0,"enemies":"Cultist","floor":5.0,"turns":5.0},{"damage":11.0,"enemies":"Lagavulin","floor":6.0,"turns":7.0},{"damage":7.0,"enemies":"Gremlin Nob","floor":8.0,"turns":3.0},{"damage":1.0,"enemies":"Looter","floor":10.0,"turns":3.0},{"damage":0.0,"enemies":"3 Sentries","floor":12.0,"turns":4.0},{"damage":0.0,"enemies":"2 Fungi Beasts","floor":14.0,"turns":1.0},{"damage":0.0,"enemies":"Hexaghost","floor":16.0,"turns":7.0},{"damage":0.0,"enemies":"3 Byrds","floor":18.0,"turns":4.0},{"damage":0.0,"enemies":"Shell Parasite","floor":19.0,"turns":1.0},{"damage":0.0,"enemies":"Snake Plant","floor":20.0,"turns":5.0},{"damage":5.0,"enemies":"Centurion and Healer","floor":21.0,"turns":4.0},{"damage":0.0,"enemies":"Gremlin Leader","floor":24.0,"turns":8.0},{"damage":0.0,"enemies":"Sentry and Sphere","floor":25.0,"turns":4.0},{"damage":0.0,"enemies":"Slavers","floor":28.0,"turns":5.0},{"damage":0.0,"enemies":"3 Cultists","floor":29.0,"turns":5.0},{"damage":3.0,"enemies":"Champ","floor":33.0,"turns":11.0},{"damage":0.0,"enemies":"3 Shapes","floor":35.0,"turns":4.0},{"damage":0.0,"enemies":"Orb Walker","floor":38.0,"turns":4.0},{"damage":33.0,"enemies":"Reptomancer","floor":40.0,"turns":8.0},{"damage":0.0,"enemies":"Nemesis","floor":42.0,"turns":5.0},{"damage":0.0,"enemies":"Giant Head","floor":44.0,"turns":6.0},{"damage":0.0,"enemies":"Nemesis","floor":46.0,"turns":3.0},{"damage":0.0,"enemies":"Jaw Worm Horde","floor":48.0,"turns":5.0},{"damage":25.0,"enemies":"Time Eater","floor":50.0,"turns":11.0},{"damage":44,"enemies":"Awakened One","floor":51,"turns":3}],"seed_played":"-8095825484802476185","potions_obtained":[{"floor":5.0,"key":"Poison Potion"},{"floor":6.0,"key":"Explosive Potion"},{"floor":8.0,"key":"AttackPotion"},{"floor":14.0,"key":"GamblersBrew"},{"floor":16.0,"key":"LiquidBronze"},{"floor":19.0,"key":"Fruit Juice"},{"floor":25.0,"key":"Dexterity Potion"},{"floor":28.0,"key":"PowerPotion"},{"floor":40.0,"key":"Poison Potion"},{"floor":42.0,"key":"Dexterity Potion"},{"floor":48.0,"key":"Energy Potion"}],"is_trial":false,"path_per_floor":["M","M","?","?","M","E","R","E","T","M","R","E","$","M","R","B",null,"M","M","M","M","?","R","E","M","T","R","E","M","$","?","R","B",null,"M","?","$","M","?","E","R","E","T","E","R","E","$","M","R","B","B"],"character_chosen":"THE_SILENT","items_purchased":["Lantern","PiercingWail","Finisher","DollysMirror","Deflect","Infinite Blades","PreservedInsect","Whetstone","Accuracy","Setup","Bullet Time"],"campfire_rested":0,"item_purchase_floors":[13,13,13,30,30,30,37,37,37,37,47],"current_hp_per_floor":[59,59,54,54,54,43,43,36,36,35,35,35,35,35,35,35,49,49,49,54,49,49,49,49,49,49,49,49,49,49,49,49,46,56,56,56,56,56,56,23,44,44,44,44,59,59,59,59,59,34,0],"gold":72,"neow_bonus":"TRANSFORM_TWO_CARDS","is_prod":false,"is_daily":false,"chose_seed":false,"campfire_upgraded":8,"win_rate":0,"timestamp":1563796650,"path_taken":["M","M","?","?","M","E","R","E","T","M","R","E","$","?","R","BOSS","M","M","M","M","?","R","E","M","T","R","E","M","$","?","R","BOSS","M","?","$","M","?","E","R","E","T","E","R","E","?","?","R","BOSS","BOSS"],"build_version":"2019-07-17","purchased_purges":1,"victory":false,"max_hp_per_floor":[60,60,54,54,54,54,54,54,54,54,54,54,54,54,54,54,54,54,54,59,59,59,59,59,59,59,59,59,59,59,59,59,59,59,59,59,59,59,59,59,59,59,59,59,59,59,59,59,59,59,59],"card_choices":[{"not_picked":["Dagger Spray","Deflect"],"picked":"Footwork","floor":1.0},{"not_picked":["Cloak And Dagger","Blade Dance"],"picked":"Choke","floor":2.0},{"not_picked":["Outmaneuver","Deflect"],"picked":"Terror","floor":5.0},{"not_picked":["Bouncing Flask","Choke"],"picked":"Endless Agony","floor":6.0},{"not_picked":["Envenom","Grand Finale"],"picked":"Cloak And Dagger","floor":8.0},{"not_picked":["Flying Knee","Dagger Spray"],"picked":"Dodge and Roll","floor":10.0},{"not_picked":["Bane","Prepared"],"picked":"Deadly Poison","floor":12.0},{"not_picked":["Underhanded Strike","Eviscerate"],"picked":"Noxious Fumes","floor":14.0},{"not_picked":["Unload","A Thousand Cuts"],"picked":"Malaise","floor":16.0},{"not_picked":["Heel Hook","Terror"],"picked":"Leg Sweep","floor":18.0},{"not_picked":["Accuracy","Quick Slash"],"picked":"Cloak And Dagger","floor":19.0},{"not_picked":["Backflip","Dash"],"picked":"Choke","floor":20.0},{"not_picked":["Bane","Dodge and Roll"],"picked":"Setup","floor":21.0},{"not_picked":["Storm of Steel","Underhanded Strike"],"picked":"Calculated Gamble+1","floor":24.0},{"not_picked":["Prepared","Infinite Blades"],"picked":"Outmaneuver","floor":25.0},{"not_picked":["Infinite Blades","Die Die Die"],"picked":"Blade Dance","floor":28.0},{"not_picked":["Reflex","Acrobatics"],"picked":"Footwork+1","floor":29.0},{"not_picked":["Storm of Steel","Die Die Die"],"picked":"Tools of the Trade","floor":33.0},{"not_picked":["Slice","Bane"],"picked":"Deadly Poison","floor":35.0},{"not_picked":["Prepared","Bane","Choke"],"picked":"SKIP","floor":38.0},{"not_picked":["Outmaneuver","Dodge and Roll+1"],"picked":"Wraith Form v2","floor":40.0},{"not_picked":["Riddle With Holes","Flechettes"],"picked":"Bouncing Flask","floor":42.0},{"not_picked":["Cloak And Dagger","Blade Dance"],"picked":"Noxious Fumes","floor":44.0},{"not_picked":["Quick Slash","Slice+1"],"picked":"Footwork","floor":46.0},{"not_picked":["Dagger Throw","Prepared"],"picked":"Cloak And Dagger+1","floor":48.0}],"player_experience":878005,"relics_obtained":[{"floor":4.0,"key":"Pen Nib"},{"floor":6.0,"key":"Bronze Scales"},{"floor":8.0,"key":"Art of War"},{"floor":9.0,"key":"Vajra"},{"floor":12.0,"key":"Ninja Scroll"},{"floor":24.0,"key":"Happy Flower"},{"floor":26.0,"key":"Snake Skull"},{"floor":28.0,"key":"MawBank"},{"floor":40.0,"key":"Calipers"},{"floor":42.0,"key":"Ancient Tea Set"},{"floor":44.0,"key":"Letter Opener"},{"floor":46.0,"key":"Oddly Smooth Stone"}],"event_choices":[{"damage_healed":0.0,"max_hp_gain":0.0,"max_hp_loss":6.0,"gold_gain":0.0,"event_name":"Golden Idol","player_choice":"Lose Max HP","floor":3.0,"gold_loss":0.0,"damage_taken":0.0,"relics_obtained":["Golden Idol"]},{"damage_healed":0.0,"max_hp_gain":0.0,"max_hp_loss":0.0,"gold_gain":0.0,"event_name":"Wheel of Change","player_choice":"Relic","floor":4.0,"gold_loss":0.0,"damage_taken":0.0},{"damage_healed":0.0,"max_hp_gain":0.0,"max_hp_loss":0.0,"gold_gain":50.0,"event_name":"Nest","player_choice":"Stole From Cult","floor":22.0,"gold_loss":0.0,"damage_taken":0.0},{"damage_healed":0.0,"max_hp_gain":0.0,"max_hp_loss":0.0,"gold_gain":0.0,"cards_transformed":["Strike_G","Strike_G"],"event_name":"Drug Dealer","player_choice":"Became Test Subject","floor":31.0,"gold_loss":0.0,"damage_taken":0.0,"cards_obtained":["Finisher","Caltrops"]},{"damage_healed":0.0,"max_hp_gain":0.0,"max_hp_loss":0.0,"gold_gain":333.0,"event_name":"The Moai Head","player_choice":"Gave Idol","floor":36.0,"relics_lost":["Golden Idol"],"gold_loss":0.0,"damage_taken":0.0},{"cards_removed":["Slice"],"damage_healed":0.0,"max_hp_gain":0.0,"max_hp_loss":0.0,"gold_gain":0.0,"event_name":"Falling","player_choice":"Removed Attack","floor":39.0,"gold_loss":0.0,"damage_taken":0.0}],"is_beta":false,"boss_relics":[{"not_picked":["Calling Bell","Tiny House"],"picked":"Runic Pyramid"},{"not_picked":["Velvet Choker","Pandora\u0027s Box"],"picked":"Eternal Feather"}],"items_purged_floors":[30],"is_endless":false,"potions_floor_spawned":[5,6,8,14,16,19,25,28,29,40,42,48],"killed_by":"Awakened One","ascension_level":20}