{"gold_per_floor":[114,33,51,126,106,139,155,155,181,181,196,228,245,263,263,337,337,349,399,216,236,10,10,37,49,49,49],"floor_reached":27,"playtime":2129,"items_purged":["Strike_R","Strike_R"],"score":486,"play_id":"a9007009-f87e-4f4d-8e91-6444248aa1b3","local_time":"20190717202714","is_ascension_mode":true,"campfire_choices":[{"data":"Armaments","floor":8.0,"key":"SMITH"},{"floor":10.0,"key":"REST"},{"data":"Ghostly Armor","floor":15.0,"key":"SMITH"},{"data":"Uppercut","floor":23,"key":"SMITH"}],"neow_cost":"NONE","seed_source_timestamp":317520192680509,"circlet_count":0,"master_deck":["AscendersBane","Strike_R","Strike_R","Strike_R","Defend_R","Defend_R","Defend_R","Defend_R","Bash","Body Slam","Uppercut+1","Pommel Strike","Armaments+1","Intimidate","Ghostly Armor+1","Sword Boomerang","Sentinel","Armaments","Feed","Iron Wave","Shrug It Off","Havoc","Shrug It Off","Feel No Pain","Body Slam","True Grit"],"special_seed":0,"relics":["Busted Crown","Happy Flower","Blood Vial","Mercury Hourglass","Coffee Dripper","Ancient Tea Set","Red Skull"],"potions_floor_usage":[21],"damage_taken":[{"damage":7.0,"enemies":"Jaw Worm","floor":1.0,"turns":3.0},{"damage":5.0,"enemies":"Small Slimes","floor":3.0,"turns":3.0},{"damage":6.0,"enemies":"Gremlin Nob","floor":6.0,"turns":3.0},{"damage":0.0,"enemies":"Cultist","floor":7.0,"turns":3.0},{"damage":14.0,"enemies":"3 Louse","floor":11.0,"turns":3.0},{"damage":17.0,"enemies":"3 Sentries","floor":12.0,"turns":11.0},{"damage":0.0,"enemies":"Looter","floor":13.0,"turns":1.0},{"damage":4.0,"enemies":"Large Slime","floor":14.0,"turns":4.0},{"damage":15.0,"enemies":"Hexaghost","floor":16.0,"turns":9.0},{"damage":19.0,"enemies":"Spheric Guardian","floor":18.0,"turns":4.0},{"damage":6,"enemies":"2 Thieves","floor":21,"turns":3},{"damage":5,"enemies":"Book of Stabbing","floor":24,"turns":5},{"damage":25,"enemies":"Centurion and Healer","floor":25,"turns":7},{"damage":17,"enemies":"Gremlin Leader","floor":27,"turns":4}],"seed_played":"8694894600838374093","potions_obtained":[{"floor":3.0,"key":"AttackPotion"},{"floor":5.0,"key":"SkillPotion"},{"floor":7.0,"key":"AttackPotion"},{"floor":13.0,"key":"GamblersBrew"},{"floor":18.0,"key":"Strength Potion"}],"is_trial":false,"path_per_floor":["M","$","M","?","?","E","M","R","T","R","M","E","M","M","R","B",null,"M","?","$","M","$","R","E","M","T","E"],"character_chosen":"IRONCLAD","items_purchased":["Uppercut","Shrug It Off","Havoc","Feel No Pain","Body Slam"],"campfire_rested":1,"item_purchase_floors":[2,20,20,22,22],"current_hp_per_floor":[61,61,56,45,45,39,39,39,39,61,49,34,36,34,34,21,62,45,45,45,41,41,41,38,15,15,0],"gold":49,"neow_bonus":"BOSS_RELIC","is_prod":false,"is_daily":false,"chose_seed":false,"campfire_upgraded":3,"win_rate":0,"timestamp":1563384434,"path_taken":["M","$","M","?","?","E","M","R","T","R","M","E","M","?","R","BOSS","M","?","$","M","$","R","E","M","T","E"],"build_version":"2019-07-05","purchased_purges":2,"victory":false,"max_hp_per_floor":[75,75,75,75,75,75,75,75,75,75,75,75,75,75,75,75,75,75,75,75,75,75,75,75,75,75,75],"card_choices":[{"not_picked":[],"picked":"Body Slam","floor":1.0},{"not_picked":[],"picked":"Pommel Strike","floor":3.0},{"not_picked":[],"picked":"Armaments","floor":6.0},{"not_picked":[],"picked":"Intimidate","floor":7.0},{"not_picked":[],"picked":"Ghostly Armor","floor":11.0},{"not_picked":[],"picked":"Sword Boomerang","floor":12.0},{"not_picked":[],"picked":"Sentinel","floor":13.0},{"not_picked":[],"picked":"Armaments","floor":14.0},{"not_picked":[],"picked":"Feed","floor":16.0},{"not_picked":[],"picked":"Iron Wave","floor":18.0},{"not_picked":[],"picked":"Shrug It Off","floor":21},{"not_picked":["Heavy Blade"],"picked":"SKIP","floor":24},{"not_picked":["Heavy Blade"],"picked":"SKIP","floor":24},{"not_picked":[],"picked":"True Grit","floor":25}],"player_experience":753868,"relics_obtained":[{"floor":6.0,"key":"Happy Flower"},{"floor":9.0,"key":"Blood Vial"},{"floor":12.0,"key":"Mercury Hourglass"},{"floor":24,"key":"Ancient Tea Set"},{"floor":26,"key":"Red Skull"}],"event_choices":[{"damage_healed":0.0,"max_hp_gain":0.0,"max_hp_loss":0.0,"gold_gain":75.0,"event_name":"World of Goop","player_choice":"Gather Gold","floor":4.0,"gold_loss":0.0,"damage_taken":11.0},{"damage_healed":0.0,"max_hp_gain":0.0,"max_hp_loss":0.0,"gold_gain":0.0,"event_name":"The Woman in Blue","player_choice":"Bought 1 Potion","floor":5.0,"gold_loss":0.0,"damage_taken":0.0},{"damage_healed":0.0,"max_hp_gain":0.0,"max_hp_loss":0.0,"gold_gain":50.0,"event_name":"Nest","player_choice":"Stole From Cult","floor":19.0,"gold_loss":0.0,"damage_taken":0.0}],"is_beta":false,"boss_relics":[{"not_picked":["Runic Cube","White Beast Statue"],"picked":"Coffee Dripper"}],"items_purged_floors":[20,22],"is_endless":false,"potions_floor_spawned":[3,7,12,13,18],"killed_by":"Gremlin Leader","ascension_level":20}