{"gold_per_floor":[118,43,43,54,129,160,160,160,160,160,209,243,259,270,270,346,346,363,378,378],"floor_reached":20,"playtime":948,"items_purged":["Strike_B"],"score":383,"play_id":"f6cbc27b-a08c-4e86-9cd7-c08604e659e9","local_time":"20190714125027","is_ascension_mode":true,"campfire_choices":[{"data":"Zap","floor":7.0,"key":"SMITH"},{"floor":10.0,"key":"REST"},{"floor":15.0,"key":"REST"}],"neow_cost":"NONE","seed_source_timestamp":32199504126189,"circlet_count":0,"master_deck":["AscendersBane","Strike_B+1","Strike_B","Strike_B","Defend_B","Defend_B","Defend_B","Defend_B","Zap+1","Dualcast","Gash+1","Pain","Leap","Ball Lightning","Rip and Tear","Cold Snap","Creative AI","Streamline","Gash+1"],"special_seed":0,"relics":["Cracked Core","NeowsBlessing","WarpedTongs","Cables","Letter Opener","Whetstone","Boot","Cursed Key"],"potions_floor_usage":[],"damage_taken":[{"damage":0.0,"enemies":"2 Louse","floor":1.0,"turns":1.0},{"damage":0.0,"enemies":"Cultist","floor":4.0,"turns":1.0},{"damage":2.0,"enemies":"3 Sentries","floor":6.0,"turns":1.0},{"damage":18.0,"enemies":"Lagavulin","floor":12.0,"turns":6.0},{"damage":1.0,"enemies":"Small Slimes","floor":13.0,"turns":2.0},{"damage":6.0,"enemies":"2 Fungi Beasts","floor":14.0,"turns":3.0},{"damage":8.0,"enemies":"Hexaghost","floor":16.0,"turns":9.0},{"damage":19,"enemies":"Chosen","floor":18,"turns":4},{"damage":31,"enemies":"2 Thieves","floor":19,"turns":4},{"damage":15,"enemies":"Centurion and Healer","floor":20,"turns":2}],"seed_played":"4870131251380932368","potions_obtained":[{"floor":6.0,"key":"LiquidBronze"},{"floor":12.0,"key":"SkillPotion"}],"is_trial":false,"path_per_floor":["M","$","?","M","?","E","R","?","T","R","T","E","M","M","R","B",null,"M","M","M"],"character_chosen":"DEFECT","items_purchased":[],"campfire_rested":2,"item_purchase_floors":[],"current_hp_per_floor":[64,64,64,64,53,51,51,6,6,27,27,9,8,2,23,15,57,38,7,0],"gold":378,"neow_bonus":"THREE_ENEMY_KILL","is_prod":false,"is_daily":false,"chose_seed":false,"campfire_upgraded":1,"win_rate":0,"timestamp":1563097827,"path_taken":["M","$","?","?","?","E","R","?","T","R","?","E","M","M","R","BOSS","M","M","M"],"build_version":"2019-07-05","purchased_purges":1,"victory":false,"max_hp_per_floor":[71,71,71,71,71,71,71,71,71,71,71,71,71,71,71,71,71,71,71,71],"card_choices":[{"not_picked":["Steam","Go for the Eyes"],"picked":"Gash","floor":1.0},{"not_picked":["Barrage","Tempest"],"picked":"Leap","floor":4.0},{"not_picked":["White Noise","Recycle"],"picked":"Ball Lightning","floor":6.0},{"not_picked":["Turbo","Tempest"],"picked":"Rip and Tear","floor":12.0},{"not_picked":["Sweeping Beam","Barrage","Thunder Strike"],"picked":"SKIP","floor":13.0},{"not_picked":["Beam Cell","Steam"],"picked":"Cold Snap","floor":14.0},{"not_picked":["Amplify","Thunder Strike"],"picked":"Creative AI","floor":16.0},{"not_picked":["Steam","Rebound"],"picked":"Streamline","floor":18},{"not_picked":["Beam Cell","Rebound"],"picked":"Gash+1","floor":19}],"player_experience":684063,"relics_obtained":[{"floor":6.0,"key":"Cables"},{"floor":9.0,"key":"Letter Opener"},{"floor":11.0,"key":"Whetstone"},{"floor":12.0,"key":"Boot"}],"event_choices":[{"damage_healed":0.0,"max_hp_gain":0.0,"max_hp_loss":0.0,"gold_gain":0.0,"event_name":"Accursed Blacksmith","player_choice":"Rummage","floor":3.0,"gold_loss":0.0,"damage_taken":0.0,"relics_obtained":["WarpedTongs"],"cards_obtained":["Pain"]},{"damage_healed":0.0,"max_hp_gain":0.0,"max_hp_loss":0.0,"gold_gain":75.0,"event_name":"World of Goop","player_choice":"Gather Gold","floor":5.0,"gold_loss":0.0,"damage_taken":11.0},{"damage_healed":0.0,"max_hp_gain":0.0,"max_hp_loss":0.0,"gold_gain":0.0,"event_name":"Scrap Ooze","player_choice":"Fled","floor":8.0,"gold_loss":0.0,"damage_taken":45.0}],"is_beta":false,"boss_relics":[{"not_picked":["Tiny House","Eternal Feather"],"picked":"Cursed Key"}],"items_purged_floors":[2],"is_endless":false,"potions_floor_spawned":[6,12,13],"killed_by":"Centurion and Healer","ascension_level":17}