{"gold_per_floor":[112,66,66,86,103,103,128,128,158,177,197,197,210,240,240,314,314,327,344,361,361],"floor_reached":21,"playtime":996,"items_purged":[],"score":338,"play_id":"3cecea85-76ef-4147-a496-60917ddc3dd2","local_time":"20190726224359","is_ascension_mode":true,"campfire_choices":[{"data":"Barricade","floor":6.0,"key":"SMITH"},{"data":"Whirlwind","floor":12.0,"key":"SMITH"},{"data":"Spot Weakness","floor":15.0,"key":"SMITH"}],"neow_cost":"NONE","seed_source_timestamp":0,"circlet_count":0,"master_deck":["AscendersBane","Strike_R","Strike_R","Defend_R","Defend_R","Defend_R","Defend_R","Bash","Barricade+1","Spot Weakness+1","Shrug It Off","Sword Boomerang","Ghostly Armor","Infernal Blade","Whirlwind+1","Flex","Warcry","Headbutt","Limit Break","Pummel+1","Dropkick+1","Battle Trance+1","Body Slam","Warcry"],"special_seed":0,"relics":["Burning Blood","Kunai","Tiny Chest","Vajra","Astrolabe"],"potions_floor_usage":[],"damage_taken":[{"damage":10.0,"enemies":"Small Slimes","floor":1.0,"turns":6.0},{"damage":2.0,"enemies":"2 Louse","floor":4.0,"turns":3.0},{"damage":1.0,"enemies":"Cultist","floor":5.0,"turns":4.0},{"damage":44.0,"enemies":"Gremlin Nob","floor":7.0,"turns":5.0},{"damage":7.0,"enemies":"Looter","floor":10.0,"turns":3.0},{"damage":5.0,"enemies":"2 Fungi Beasts","floor":11.0,"turns":4.0},{"damage":6.0,"enemies":"Blue Slaver","floor":13.0,"turns":4.0},{"damage":17.0,"enemies":"3 Sentries","floor":14.0,"turns":4.0},{"damage":27.0,"enemies":"Hexaghost","floor":16.0,"turns":12.0},{"damage":28.0,"enemies":"2 Thieves","floor":18.0,"turns":4.0},{"damage":17.0,"enemies":"Spheric Guardian","floor":19.0,"turns":5.0},{"damage":20,"enemies":"Snake Plant","floor":20,"turns":4},{"damage":23,"enemies":"Snecko","floor":21,"turns":3}],"seed_played":"1805627892326312811","potions_obtained":[{"floor":7.0,"key":"Swift Potion"},{"floor":10.0,"key":"LiquidBronze"},{"floor":11.0,"key":"BloodPotion"},{"floor":13.0,"key":"SkillPotion"},{"floor":18.0,"key":"Strength Potion"}],"is_trial":false,"path_per_floor":["M","$","?","M","M","R","E","?","T","M","M","R","M","E","R","B",null,"M","M","M","M"],"character_chosen":"IRONCLAD","items_purchased":["Shrug It Off"],"campfire_rested":0,"item_purchase_floors":[2],"current_hp_per_floor":[64,64,64,68,73,73,35,35,35,34,35,35,53,42,42,21,62,40,29,15,0],"gold":361,"neow_bonus":"ONE_RANDOM_RARE_CARD","is_prod":false,"is_daily":false,"chose_seed":false,"campfire_upgraded":3,"win_rate":0,"timestamp":1564152239,"path_taken":["M","$","?","M","M","R","E","?","T","M","M","R","M","E","R","BOSS","M","M","M","M"],"build_version":"2019-07-17","purchased_purges":0,"victory":false,"max_hp_per_floor":[75,75,75,75,75,75,75,75,75,75,75,75,75,75,75,75,75,75,75,75,75],"card_choices":[{"not_picked":["Anger","Power Through"],"picked":"Spot Weakness","floor":1.0},{"not_picked":["Corruption","Anger","Searing Blow"],"picked":"SKIP","floor":4.0},{"not_picked":["Rupture","Sever Soul"],"picked":"Sword Boomerang","floor":5.0},{"not_picked":["Power Through","Rupture"],"picked":"Ghostly Armor","floor":7.0},{"not_picked":["Headbutt","Twin Strike"],"picked":"Whirlwind","floor":10.0},{"not_picked":["Anger","Dual Wield"],"picked":"Flex","floor":11.0},{"not_picked":["Twin Strike","Anger"],"picked":"Warcry","floor":13.0},{"not_picked":["Feed","Havoc"],"picked":"Headbutt","floor":14.0},{"not_picked":["Demon Form","Feed"],"picked":"Limit Break","floor":16.0},{"not_picked":["Cleave","Heavy Blade"],"picked":"Body Slam","floor":18.0},{"not_picked":["Disarm","Heavy Blade+1"],"picked":"Warcry","floor":19},{"not_picked":["Clothesline","Pummel","Searing Blow"],"picked":"SKIP","floor":20}],"player_experience":871403,"relics_obtained":[{"floor":7.0,"key":"Kunai"},{"floor":9.0,"key":"Tiny Chest"},{"floor":14.0,"key":"Vajra"}],"event_choices":[{"damage_healed":0.0,"max_hp_gain":0.0,"max_hp_loss":0.0,"gold_gain":0.0,"event_name":"Golden Wing","player_choice":"Ignored","floor":3.0,"gold_loss":0.0,"damage_taken":0.0},{"damage_healed":0.0,"max_hp_gain":0.0,"max_hp_loss":0.0,"gold_gain":0.0,"event_name":"Match and Keep!","player_choice":"1 cards matched","floor":8.0,"gold_loss":0.0,"damage_taken":0.0,"cards_obtained":["Infernal Blade"]}],"is_beta":false,"boss_relics":[{"not_picked":["White Beast Statue","Runic Dome"],"picked":"Astrolabe"}],"items_purged_floors":[],"is_endless":false,"potions_floor_spawned":[7,10,11,13,18],"killed_by":"Snecko","ascension_level":15}