{"gold_per_floor":[116,130,144,159,109,136,147,147,171,171,171,189,217,229,229,324,324,338,438,438,438,453,453,485,105,130,159,159,174,174,209,209,310,310,324,546,546,562,580,580,4,16,16,26,52,70,70,96,108,120],"floor_reached":50,"playtime":10354,"items_purged":[],"score":652,"play_id":"7ffd0d6c-2bbb-49ef-9e74-ad6b4c526900","local_time":"20190610215816","is_ascension_mode":false,"campfire_choices":[{"data":"Chaos","floor":8,"key":"SMITH"},{"floor":11,"key":"REST"},{"data":"Hologram","floor":15,"key":"SMITH"},{"data":"Capacitor","floor":23,"key":"SMITH"},{"floor":30,"key":"REST"},{"floor":32,"key":"REST"},{"floor":40,"key":"REST"},{"floor":47,"key":"REST"},{"floor":49,"key":"REST"}],"neow_cost":"NONE","seed_source_timestamp":178870111948302,"circlet_count":0,"master_deck":["Strike_B+1","Strike_B+1","Defend_B+1","Defend_B+1","Defend_B+1","Defend_B+1","Zap","Dualcast","Ball Lightning","Sweeping Beam","Beam Cell","Capacitor+1","Conserve Battery","Chaos+1","All For One","Hologram+1","Ball Lightning","Biased Cognition","FTL","Reinforced Body","Compile Driver","Cold Snap+1","Conserve Battery","Coolheaded","Sweeping Beam","Biased Cognition","Iron Wave","Conserve Battery","Gash","Seek","Barrage+1","Madness","Madness","Redo+1","Consume","Barrage","Stack","Static Discharge","Secret Weapon","Conserve Battery+1","Electrodynamics","Chill+1","Defragment","Hologram","Conserve Battery+1","Stack+1"],"relics":["Cracked Core","Oddly Smooth Stone","Bag of Preparation","Ancient Tea Set","Philosopher\u0027s Stone","Peace Pipe","Gremlin Horn","Juzu Bracelet","Medical Kit","Strawberry","Red Mask","Lantern","White Beast Statue","Ornamental Fan","Dream Catcher","Pen Nib","MawBank"],"potions_floor_usage":[14,38,45,45,46,48,48,50],"damage_taken":[{"damage":0,"enemies":"Small Slimes","floor":1,"turns":2},{"damage":0,"enemies":"2 Louse","floor":2,"turns":2},{"damage":2,"enemies":"Jaw Worm","floor":3,"turns":3},{"damage":5,"enemies":"Looter","floor":4,"turns":3},{"damage":41,"enemies":"Lagavulin","floor":6,"turns":7},{"damage":0,"enemies":"2 Fungi Beasts","floor":7,"turns":3},{"damage":0,"enemies":"Exordium Wildlife","floor":12,"turns":4},{"damage":19,"enemies":"3 Sentries","floor":13,"turns":6},{"damage":2,"enemies":"Blue Slaver","floor":14,"turns":2},{"damage":33,"enemies":"The Guardian","floor":16,"turns":9},{"damage":0,"enemies":"Spheric Guardian","floor":18,"turns":3},{"damage":7,"enemies":"Colosseum Slavers","floor":19,"turns":3},{"damage":17,"enemies":"Colosseum Nobs","floor":19,"turns":4},{"damage":0,"enemies":"Chosen","floor":22,"turns":3},{"damage":25,"enemies":"Slavers","floor":24,"turns":5},{"damage":14,"enemies":"Masked Bandits","floor":27,"turns":4},{"damage":7,"enemies":"Snake Plant","floor":29,"turns":4},{"damage":9,"enemies":"Gremlin Leader","floor":31,"turns":4},{"damage":53,"enemies":"Champ","floor":33,"turns":10},{"damage":13,"enemies":"3 Shapes","floor":35,"turns":4},{"damage":7,"enemies":"Orb Walker","floor":38,"turns":4},{"damage":58,"enemies":"Spire Growth","floor":39,"turns":5},{"damage":6,"enemies":"Maw","floor":42,"turns":8},{"damage":15,"enemies":"Transient","floor":44,"turns":5},{"damage":24,"enemies":"Reptomancer","floor":45,"turns":7},{"damage":0,"enemies":"Jaw Worm Horde","floor":46,"turns":3},{"damage":29,"enemies":"Giant Head","floor":48,"turns":11},{"damage":38,"enemies":"Awakened One","floor":50,"turns":6}],"seed_played":"3158336761296106496","potions_obtained":[{"floor":1,"key":"EssenceOfSteel"},{"floor":2,"key":"Fruit Juice"},{"floor":6,"key":"Strength Potion"},{"floor":14,"key":"Energy Potion"},{"floor":16,"key":"Swift Potion"},{"floor":22,"key":"Fire Potion"},{"floor":24,"key":"FocusPotion"},{"floor":35,"key":"SpeedPotion"},{"floor":38,"key":"SmokeBomb"},{"floor":39,"key":"FearPotion"},{"floor":42,"key":"Dexterity Potion"},{"floor":44,"key":"Regen Potion"},{"floor":45,"key":"Dexterity Potion"},{"floor":46,"key":"FocusPotion"},{"floor":48,"key":"GamblersBrew"}],"is_trial":false,"path_per_floor":["M","M","M","M","?","E","M","R","T","?","R","M","E","M","R","B",null,"M","?","?","?","M","R","E","$","T","?","?","M","R","E","R","B",null,"M","?","?","M","M","R","$","M","T","M","E","M","R","E","R","B"],"character_chosen":"DEFECT","items_purchased":["Gash","Conserve Battery","Coolheaded","Medical Kit","Sweeping Beam","Barrage","Stack","Static Discharge","Ornamental Fan","Secret Weapon"],"campfire_rested":6,"item_purchase_floors":[25,25,25,25,25,41,41,41,41,41],"current_hp_per_floor":[82,82,80,75,75,34,34,34,34,27,51,51,32,35,35,2,87,87,63,63,46,46,46,21,21,28,14,14,7,36,27,56,3,99,86,86,74,67,9,38,38,32,32,17,8,8,37,8,37,0],"gold":120,"neow_bonus":"TEN_PERCENT_HP_BONUS","is_prod":false,"is_daily":false,"chose_seed":false,"campfire_upgraded":3,"win_rate":0.0,"timestamp":1560193096,"path_taken":["M","M","M","M","?","E","M","R","T","?","R","M","E","M","R","BOSS","M","?","?","?","M","R","E","$","T","?","?","M","R","E","R","BOSS","M","?","?","M","M","R","$","M","T","M","E","M","R","E","R","BOSS"],"build_version":"2019-01-23","purchased_purges":0,"victory":false,"max_hp_per_floor":[82,82,82,82,82,82,82,82,82,82,82,82,82,87,87,87,87,87,87,87,92,92,92,92,92,99,99,99,99,99,99,99,99,99,99,99,99,99,99,99,99,99,99,99,99,99,99,99,99,99],"card_choices":[{"not_picked":["Static Discharge","Heatsinks"],"picked":"Ball Lightning","floor":1},{"not_picked":["Reprogram","Go for the Eyes"],"picked":"Sweeping Beam","floor":2},{"not_picked":["Doom and Gloom","Steam Power"],"picked":"Beam Cell","floor":3},{"not_picked":["Sweeping Beam","Redo"],"picked":"Capacitor","floor":4},{"not_picked":["Stack","Streamline"],"picked":"Conserve Battery","floor":6},{"not_picked":["Stack","Steam"],"picked":"Chaos","floor":7},{"not_picked":["Redo","Steam"],"picked":"All For One","floor":12},{"not_picked":["Chaos","Blizzard"],"picked":"Hologram","floor":13},{"not_picked":["Lockon","Barrage"],"picked":"Ball Lightning","floor":14},{"not_picked":["Thunder Strike","Rainbow"],"picked":"Biased Cognition","floor":16},{"not_picked":["Hello World","Sweeping Beam"],"picked":"FTL","floor":18},{"not_picked":["Glacier","Hologram"],"picked":"Reinforced Body","floor":19},{"not_picked":["Leap","Stack"],"picked":"Compile Driver","floor":22},{"not_picked":["Leap","Gash+1"],"picked":"Cold Snap+1","floor":24},{"not_picked":["Go for the Eyes","Compile Driver+1"],"picked":"Biased Cognition","floor":27},{"not_picked":["Ball Lightning+1","Redo"],"picked":"Conserve Battery","floor":29},{"not_picked":["Cold Snap","Beam Cell"],"picked":"Gash","floor":31},{"not_picked":["Rainbow","Biased Cognition"],"picked":"Seek","floor":33},{"not_picked":["FTL","Auto Shields"],"picked":"Barrage+1","floor":35},{"not_picked":["Steam+1","Double Energy+1"],"picked":"Redo+1","floor":38},{"not_picked":["Sweeping Beam+1","Lockon"],"picked":"Consume","floor":39},{"not_picked":["Steam Power","Steam"],"picked":"Conserve Battery+1","floor":42},{"not_picked":["Coolheaded","Lockon"],"picked":"Electrodynamics","floor":44},{"not_picked":["Sweeping Beam+1","Ball Lightning+1"],"picked":"Chill+1","floor":45},{"not_picked":["Static Discharge","Leap+1"],"picked":"Defragment","floor":46},{"not_picked":["Barrage","Glacier"],"picked":"Hologram","floor":47},{"not_picked":["Reprogram+1","Storm"],"picked":"Conserve Battery+1","floor":48},{"not_picked":["Hologram","Beam Cell"],"picked":"Stack+1","floor":49}],"player_experience":39225,"relics_obtained":[{"floor":6,"key":"Oddly Smooth Stone"},{"floor":9,"key":"Bag of Preparation"},{"floor":13,"key":"Ancient Tea Set"},{"floor":19,"key":"Peace Pipe"},{"floor":19,"key":"Gremlin Horn"},{"floor":24,"key":"Juzu Bracelet"},{"floor":26,"key":"Strawberry"},{"floor":27,"key":"Red Mask"},{"floor":31,"key":"Lantern"},{"floor":43,"key":"Dream Catcher"},{"floor":45,"key":"Pen Nib"},{"floor":48,"key":"MawBank"}],"event_choices":[{"cards_removed":["Strike_B"],"damage_healed":0,"gold_gain":0,"player_choice":"Card Removal","damage_taken":0,"max_hp_gain":0,"max_hp_loss":0,"event_name":"The Cleric","floor":5,"gold_loss":50},{"cards_removed":["Strike_B"],"damage_healed":0,"gold_gain":0,"player_choice":"Card Removal","damage_taken":7,"max_hp_gain":0,"max_hp_loss":0,"event_name":"Golden Wing","floor":10,"gold_loss":0},{"damage_healed":0,"gold_gain":0,"player_choice":"Fight","damage_taken":0,"max_hp_gain":0,"max_hp_loss":0,"event_name":"Colosseum","floor":19,"gold_loss":0},{"damage_healed":0,"gold_gain":0,"player_choice":"Fought Nobs","damage_taken":0,"max_hp_gain":0,"max_hp_loss":0,"event_name":"Colosseum","floor":19,"gold_loss":0},{"damage_healed":0,"gold_gain":0,"player_choice":"Simplicity","damage_taken":0,"max_hp_gain":0,"max_hp_loss":0,"event_name":"Back to Basics","floor":20,"gold_loss":0,"cards_upgraded":["Strike_B","Strike_B","Defend_B","Defend_B","Defend_B","Defend_B"]},{"damage_healed":0,"gold_gain":0,"player_choice":"Shed Blood","damage_taken":22,"max_hp_gain":5,"max_hp_loss":0,"event_name":"Forgotten Altar","floor":21,"gold_loss":0},{"damage_healed":0,"gold_gain":0,"player_choice":"Fought Bandits","damage_taken":0,"max_hp_gain":0,"max_hp_loss":0,"event_name":"Masked Bandits","floor":27,"gold_loss":0},{"cards_removed":["Gash"],"damage_healed":0,"gold_gain":0,"player_choice":"Took Card","damage_taken":0,"max_hp_gain":0,"max_hp_loss":0,"event_name":"NoteForYourself","floor":28,"gold_loss":0,"cards_obtained":["Iron Wave"]},{"damage_healed":0,"gold_gain":222,"player_choice":"Wore Mask","damage_taken":0,"max_hp_gain":0,"max_hp_loss":0,"event_name":"Tomb of Lord Red Mask","floor":36,"gold_loss":0},{"damage_healed":0,"gold_gain":0,"player_choice":"Embrace Madness","damage_taken":12,"max_hp_gain":0,"max_hp_loss":0,"event_name":"Winding Halls","floor":37,"gold_loss":0,"cards_obtained":["Madness","Madness"]}],"is_beta":false,"boss_relics":[{"not_picked":["Empty Cage","FrozenCore"],"picked":"Philosopher\u0027s Stone"},{"not_picked":["Runic Dome","Velvet Choker"],"picked":"White Beast Statue"}],"items_purged_floors":[],"is_endless":false,"potions_floor_spawned":[1,2,6,14,16,19,22,24,35,38,39,42,44,45,46,48],"killed_by":"Awakened One","ascension_level":0}