{"gold_per_floor":[118,118,138,313,324,324,350,350,373,399,70,84,117,37,37,139,139,155,21,91,91,17,17,37,72,97,438,465,503,528,559,571,686,698,720,732,43,43,56,81,115,115,193,219,253,284,303,331,331,331,331,331,59,84,84],"floor_reached":55,"playtime":9005,"items_purged":["Doubt","Strike_B","Strike_B+1","Pain"],"score":1538,"play_id":"5fc0bac4-2e79-4a8f-adf5-e972610242ca","local_time":"20190623201307","is_ascension_mode":true,"campfire_choices":[{"data":"Zap","floor":6.0,"key":"SMITH"},{"data":"Dualcast","floor":8.0,"key":"SMITH"},{"data":"Defragment","floor":15.0,"key":"SMITH"},{"data":"Chill","floor":23.0,"key":"SMITH"},{"data":"Defragment","floor":32.0,"key":"SMITH"},{"floor":49.0,"key":"RECALL"},{"data":"Capacitor","floor":52.0,"key":"SMITH"}],"neow_cost":"TEN_PERCENT_HP_LOSS","seed_source_timestamp":913910076102652,"circlet_count":0,"master_deck":["AscendersBane","Defend_B","Defend_B","Defend_B","Zap+1","Dualcast+1","All For One","Self Repair","Cold Snap+1","Capacitor+1","Chill+1","Barrage","Defragment+1","BootSequence","Consume","Turbo","Defragment+1","Creative AI","Gash+1","Loop","Self Repair","Hello World","Defragment","Cold Snap","Force Field","Coolheaded","Loop","Turbo","Turbo+1","Sunder","Seek","Loop","Defragment+1","Go for the Eyes+1","Defragment","Compile Driver+1","Conserve Battery+1","Coolheaded","Stack","Stack","Reinforced Body"],"special_seed":0,"relics":["Cracked Core","Happy Flower","DataDisk","Pen Nib","Bag of Preparation","Mercury Hourglass","Nuclear Battery","Whetstone","MawBank","Old Coin","WingedGreaves","Velvet Choker","Calipers","DollysMirror","Dead Branch","Boot","WarpedTongs","Bottled Tornado","Letter Opener","Frozen Egg 2","Bag of Marbles","Vajra","Bronze Scales"],"potions_floor_usage":[55,55],"damage_taken":[{"damage":0.0,"enemies":"2 Louse","floor":1.0,"turns":1.0},{"damage":7.0,"enemies":"Jaw Worm","floor":3.0,"turns":3.0},{"damage":4.0,"enemies":"Cultist","floor":5.0,"turns":4.0},{"damage":27.0,"enemies":"3 Sentries","floor":7.0,"turns":8.0},{"damage":13.0,"enemies":"Gremlin Nob","floor":10.0,"turns":3.0},{"damage":13.0,"enemies":"Blue Slaver","floor":12.0,"turns":3.0},{"damage":3.0,"enemies":"3 Sentries","floor":13.0,"turns":8.0},{"damage":2.0,"enemies":"Slime Boss","floor":16.0,"turns":8.0},{"damage":29.0,"enemies":"2 Thieves","floor":18.0,"turns":5.0},{"damage":0.0,"enemies":"Chosen","floor":24.0,"turns":3.0},{"damage":5.0,"enemies":"Slavers","floor":25.0,"turns":7.0},{"damage":0.0,"enemies":"Gremlin Leader","floor":27.0,"turns":6.0},{"damage":2.0,"enemies":"Shelled Parasite and Fungi","floor":28.0,"turns":8.0},{"damage":4.0,"enemies":"Book of Stabbing","floor":29.0,"turns":6.0},{"damage":0.0,"enemies":"Cultist and Chosen","floor":30.0,"turns":8.0},{"damage":10.0,"enemies":"Sentry and Sphere","floor":31.0,"turns":7.0},{"damage":33.0,"enemies":"Automaton","floor":33.0,"turns":12.0},{"damage":8.0,"enemies":"Orb Walker","floor":35.0,"turns":4.0},{"damage":6.0,"enemies":"3 Shapes","floor":39.0,"turns":5.0},{"damage":2.0,"enemies":"Giant Head","floor":40.0,"turns":10.0},{"damage":24.0,"enemies":"Reptomancer","floor":41.0,"turns":9.0},{"damage":19.0,"enemies":"Nemesis","floor":44.0,"turns":11.0},{"damage":69.0,"enemies":"Reptomancer","floor":45.0,"turns":14.0},{"damage":34.0,"enemies":"Nemesis","floor":46.0,"turns":9.0},{"damage":5.0,"enemies":"Spire Growth","floor":47.0,"turns":6.0},{"damage":1.0,"enemies":"Giant Head","floor":48.0,"turns":14.0},{"damage":8.0,"enemies":"Donu and Deca","floor":50.0,"turns":15.0},{"damage":19.0,"enemies":"Shield and Spear","floor":54.0,"turns":9.0},{"damage":68,"enemies":"The Heart","floor":55,"turns":3}],"seed_played":"3659289506743664896","potions_obtained":[{"floor":1.0,"key":"LiquidBronze"},{"floor":5.0,"key":"Energy Potion"},{"floor":7.0,"key":"EssenceOfSteel"},{"floor":24.0,"key":"Strength Potion"},{"floor":27.0,"key":"FearPotion"},{"floor":28.0,"key":"PowerPotion"},{"floor":47.0,"key":"Poison Potion"},{"floor":48.0,"key":"SpeedPotion"}],"is_trial":false,"path_per_floor":["M","?","M","?","M","R","E","R","T","E","$","M","E","$","R","B",null,"M","$","T","?","$","R","M","E","T","E","M","E","M","M","R","B",null,"M","?","$","?","M","E","E","?","T","E","E","E","M","E","R","B",null,"R","$","E","B"],"character_chosen":"DEFECT","items_purchased":["Defragment","Bag of Preparation","BootSequence","Defragment","Loop","Defragment","Calipers","Loop","DollysMirror","FocusPotion","Stack"],"campfire_rested":0,"item_purchase_floors":[11,11,11,14,19,22,37,37,37,53,53],"current_hp_per_floor":[68,73,66,66,69,69,49,49,49,43,43,37,41,41,41,46,66,44,44,44,44,44,44,58,67,67,73,73,69,73,70,70,51,68,67,67,67,67,73,73,63,63,63,73,38,24,26,42,42,51,68,68,68,66,0],"gold":84,"neow_bonus":"THREE_RARE_CARDS","is_prod":false,"is_daily":false,"chose_seed":false,"campfire_upgraded":6,"win_rate":0,"timestamp":1561309987,"path_taken":["M","?","M","?","M","R","E","R","T","E","?","M","E","$","R","BOSS","M","$","?","?","?","R","?","E","T","E","M","E","M","M","R","BOSS","M","?","$","?","?","E","E","?","T","E","E","E","?","E","R","BOSS","R","$","E","BOSS"],"build_version":"2019-01-23","purchased_purges":4,"victory":false,"max_hp_per_floor":[68,73,73,73,73,73,73,73,73,73,73,73,73,73,73,73,73,73,73,73,73,73,73,73,73,73,73,73,73,73,73,73,73,73,73,73,73,73,73,73,73,73,73,73,73,73,73,73,73,73,73,73,73,73,73],"card_choices":[{"not_picked":["Meteor Strike","Electrodynamics"],"picked":"All For One","floor":0.0},{"not_picked":["White Noise","Reinforced Body"],"picked":"Self Repair","floor":1.0},{"not_picked":["Steam","Leap"],"picked":"Cold Snap","floor":3.0},{"not_picked":["Redo","Stack"],"picked":"Capacitor","floor":5.0},{"not_picked":["Rebound","Heatsinks"],"picked":"Chill","floor":7.0},{"not_picked":["Redo","Fusion"],"picked":"Barrage","floor":10.0},{"not_picked":["FTL","Fusion"],"picked":"Consume","floor":12.0},{"not_picked":["Auto Shields","Streamline"],"picked":"Turbo","floor":13.0},{"not_picked":["Thunder Strike","Rainbow"],"picked":"Creative AI","floor":16.0},{"not_picked":["Beam Cell","Steam Power"],"picked":"Gash+1","floor":18.0},{"not_picked":["Auto Shields","Barrage"],"picked":"Cold Snap","floor":24.0},{"not_picked":["Cold Snap","Conserve Battery"],"picked":"Force Field","floor":25.0},{"not_picked":["Compile Driver+1","Go for the Eyes"],"picked":"Coolheaded","floor":27.0},{"not_picked":["Steam Power","Static Discharge"],"picked":"Loop","floor":28.0},{"not_picked":["Compile Driver","White Noise"],"picked":"Turbo","floor":29.0},{"not_picked":["Creative AI","Ball Lightning"],"picked":"Turbo+1","floor":30.0},{"not_picked":["Ball Lightning+1","BootSequence"],"picked":"Sunder","floor":31.0},{"not_picked":["Machine Learning","Electrodynamics"],"picked":"Seek","floor":33.0},{"not_picked":["Sweeping Beam+1","Go for the Eyes+1","Redo"],"picked":"SKIP","floor":35.0},{"not_picked":["Sweeping Beam+1","Storm"],"picked":"Go for the Eyes+1","floor":39.0},{"not_picked":["Streamline+1","Storm+1","Fission"],"picked":"SKIP","floor":40.0},{"not_picked":["Barrage+1","Rebound","Darkness+1"],"picked":"SKIP","floor":41.0},{"not_picked":["Skim+1","Turbo+1"],"picked":"Defragment","floor":44.0},{"not_picked":["Beam Cell+1","Sunder+1"],"picked":"Compile Driver+1","floor":45.0},{"not_picked":["Beam Cell+1","Rip and Tear+1"],"picked":"Conserve Battery+1","floor":46.0},{"not_picked":["Blizzard+1","Rebound+1"],"picked":"Coolheaded","floor":47.0},{"not_picked":["Meteor Strike","Darkness"],"picked":"Stack","floor":48.0},{"not_picked":["Coolheaded","Aggregate+1"],"picked":"Reinforced Body","floor":54.0}],"player_experience":450306,"relics_obtained":[{"floor":7.0,"key":"Happy Flower"},{"floor":9.0,"key":"DataDisk"},{"floor":10.0,"key":"Pen Nib"},{"floor":13.0,"key":"Mercury Hourglass"},{"floor":25.0,"key":"Whetstone"},{"floor":26.0,"key":"MawBank"},{"floor":27.0,"key":"Old Coin"},{"floor":29.0,"key":"WingedGreaves"},{"floor":40.0,"key":"Dead Branch"},{"floor":41.0,"key":"Boot"},{"floor":43.0,"key":"Bottled Tornado"},{"floor":44.0,"key":"Letter Opener"},{"floor":45.0,"key":"Frozen Egg 2"},{"floor":46.0,"key":"Bag of Marbles"},{"floor":48.0,"key":"Vajra"},{"floor":54.0,"key":"Bronze Scales"}],"event_choices":[{"damage_healed":0.0,"max_hp_gain":5.0,"max_hp_loss":0.0,"gold_gain":0.0,"event_name":"Big Fish","player_choice":"Donut","floor":2.0,"gold_loss":0.0,"damage_taken":0.0},{"damage_healed":0.0,"max_hp_gain":0.0,"max_hp_loss":0.0,"gold_gain":175.0,"event_name":"Liars Game","player_choice":"AGREE","floor":4.0,"gold_loss":0.0,"damage_taken":0.0,"cards_obtained":["Doubt"]},{"damage_healed":0.0,"max_hp_gain":0.0,"max_hp_loss":0.0,"gold_gain":0.0,"cards_transformed":["Strike_B","Strike_B"],"event_name":"Drug Dealer","player_choice":"Became Test Subject","floor":21.0,"gold_loss":0.0,"damage_taken":0.0,"cards_obtained":["Self Repair","Hello World"]},{"damage_healed":0.0,"max_hp_gain":0.0,"max_hp_loss":0.0,"gold_gain":0.0,"event_name":"Tomb of Lord Red Mask","player_choice":"Ignored","floor":36.0,"gold_loss":0.0,"damage_taken":0.0},{"cards_removed":["Defend_B"],"damage_healed":0.0,"max_hp_gain":0.0,"max_hp_loss":0.0,"gold_gain":0.0,"event_name":"Purifier","player_choice":"Purged","floor":38.0,"gold_loss":0.0,"damage_taken":0.0},{"damage_healed":0.0,"max_hp_gain":0.0,"max_hp_loss":0.0,"gold_gain":0.0,"event_name":"Accursed Blacksmith","player_choice":"Rummage","floor":42.0,"gold_loss":0.0,"damage_taken":0.0,"relics_obtained":["WarpedTongs"],"cards_obtained":["Pain"]}],"is_beta":false,"boss_relics":[{"not_picked":["Runic Dome","Calling Bell"],"picked":"Nuclear Battery"},{"not_picked":["Tiny House","Eternal Feather"],"picked":"Velvet Choker"}],"items_purged_floors":[11,19,37,53],"is_endless":false,"potions_floor_spawned":[1,5,7,24,27,28,29,39,40,47,48],"killed_by":"The Heart","ascension_level":11}