{"gold_per_floor":[117,117,217,233,15,45,64,64,134,134,151,169,169,204,204,276,276,290,300,33,53,66,66,101,101,126,153,78,78,97,113,113,188,188,199,474,489,589,589,589,604,604,631,663,9,9,23,23,23,23,23],"floor_reached":51,"playtime":3854,"items_purged":["Regret"],"score":1575,"play_id":"8cd0143c-c63a-4d9e-a3c3-8b4e569b784c","local_time":"20190702082701","is_ascension_mode":true,"campfire_choices":[{"data":"Flex","floor":8.0,"key":"SMITH"},{"data":"Heavy Blade","floor":10.0,"key":"SMITH"},{"data":"Flex","floor":13.0,"key":"SMITH"},{"floor":15.0,"key":"REST"},{"floor":23.0,"key":"REST"},{"data":"Offering","floor":29.0,"key":"SMITH"},{"data":"True Grit","floor":32.0,"key":"SMITH"},{"data":"Berserk","floor":40,"key":"SMITH"},{"floor":42,"key":"REST"},{"data":"Limit Break","floor":46,"key":"SMITH"},{"data":"Offering","floor":49,"key":"SMITH"}],"neow_cost":"NONE","seed_source_timestamp":331623318764200,"circlet_count":0,"master_deck":["AscendersBane","Bash","Flex+1","Headbutt","Heavy Blade+1","Impervious","Flex+1","Blood for Blood","Feel No Pain","Heavy Blade","Offering+1","Shockwave","Sword Boomerang","Havoc+1","Clothesline","Immolate+1","True Grit+1","Cleave+1","Offering+1","Power Through","Flame Barrier","Spot Weakness","Limit Break+1","Feel No Pain","Berserk+1","Carnage+1","Heavy Blade+1","Intimidate+1","Shrug It Off","Dropkick+1","Violence","Warcry","Sword Boomerang+1"],"special_seed":0,"relics":["Burning Blood","NeowsBlessing","Vajra","Bag of Preparation","Boot","Paper Frog","Regal Pillow","Empty Cage","Anchor","Bag of Marbles","MutagenicStrength","Bronze Scales","Molten Egg 2","Pandora\u0027s Box","Incense Burner","Pen Nib","Centennial Puzzle","Pantograph"],"potions_floor_usage":[37,50,51],"damage_taken":[{"damage":0.0,"enemies":"2 Louse","floor":1.0,"turns":1.0},{"damage":0.0,"enemies":"Jaw Worm","floor":4.0,"turns":1.0},{"damage":0.0,"enemies":"Gremlin Nob","floor":6.0,"turns":1.0},{"damage":0.0,"enemies":"Cultist","floor":7.0,"turns":2.0},{"damage":11.0,"enemies":"2 Fungi Beasts","floor":11.0,"turns":3.0},{"damage":6.0,"enemies":"Looter","floor":12.0,"turns":2.0},{"damage":40.0,"enemies":"Lagavulin","floor":14.0,"turns":5.0},{"damage":67.0,"enemies":"The Guardian","floor":16.0,"turns":8.0},{"damage":34.0,"enemies":"3 Byrds","floor":18.0,"turns":6.0},{"damage":6.0,"enemies":"Spheric Guardian","floor":19.0,"turns":2.0},{"damage":6.0,"enemies":"Centurion and Healer","floor":21.0,"turns":5.0},{"damage":6.0,"enemies":"3 Cultists","floor":22.0,"turns":2.0},{"damage":0.0,"enemies":"Book of Stabbing","floor":24.0,"turns":2.0},{"damage":6.0,"enemies":"Gremlin Leader","floor":27.0,"turns":1.0},{"damage":4.0,"enemies":"Snake Plant","floor":30.0,"turns":2.0},{"damage":0.0,"enemies":"Centurion and Healer","floor":31.0,"turns":1.0},{"damage":73.0,"enemies":"Collector","floor":33.0,"turns":7.0},{"damage":0.0,"enemies":"Orb Walker","floor":35.0,"turns":1.0},{"damage":6,"enemies":"3 Darklings","floor":37,"turns":2},{"damage":12,"enemies":"Mind Bloom Boss Battle","floor":38,"turns":2},{"damage":6,"enemies":"Sphere and 2 Shapes","floor":41,"turns":2},{"damage":14,"enemies":"Nemesis","floor":44,"turns":6},{"damage":7,"enemies":"Transient","floor":47,"turns":6},{"damage":41,"enemies":"Donu and Deca","floor":50,"turns":4},{"damage":76,"enemies":"Awakened One","floor":51,"turns":4}],"seed_played":"3878288743814156683","potions_obtained":[{"floor":6.0,"key":"Explosive Potion"},{"floor":7.0,"key":"Ancient Potion"},{"floor":21.0,"key":"AttackPotion"},{"floor":22.0,"key":"GamblersBrew"},{"floor":30.0,"key":"AttackPotion"},{"floor":31.0,"key":"SpeedPotion"},{"floor":33.0,"key":"AttackPotion"},{"floor":37,"key":"SpeedPotion"}],"is_trial":false,"path_per_floor":["M","?","?","M","$","E","M","R","T","R","M","M","R","E","R","B",null,"M","M","$","M","M","R","E","?","T","E","?","R","M","M","R","B",null,"M","?","M","?","?","R","M","R","T","E","$","R","M","$","R","B","B"],"character_chosen":"IRONCLAD","items_purchased":["Bag of Preparation","Heavy Blade","Anchor","AttackPotion","Sword Boomerang","Dropkick+1","Pantograph","Violence","Warcry"],"campfire_rested":3,"item_purchase_floors":[5,5,20,20,20,45,45,45,45],"current_hp_per_floor":[74,56,56,62,62,68,74,74,74,74,69,69,69,35,72,11,59,31,31,31,31,31,68,74,74,74,74,74,74,75,75,75,8,58,64,64,64,58,58,58,58,75,75,67,67,67,66,66,66,40,0],"gold":23,"neow_bonus":"THREE_ENEMY_KILL","is_prod":false,"is_daily":false,"chose_seed":false,"campfire_upgraded":8,"win_rate":0,"timestamp":1562070421,"path_taken":["M","?","?","M","$","E","M","R","T","R","?","M","R","E","R","BOSS","M","M","$","M","M","R","E","?","T","E","?","R","M","M","R","BOSS","M","?","?","?","?","R","?","R","T","E","$","R","M","?","R","BOSS","BOSS"],"build_version":"2019-07-01","purchased_purges":1,"victory":false,"max_hp_per_floor":[75,75,75,75,75,75,75,75,75,75,75,75,75,75,75,75,75,75,75,75,75,75,75,75,75,75,75,75,75,75,75,75,75,75,75,75,75,75,75,75,75,75,75,75,75,75,75,75,75,75,75],"card_choices":[{"not_picked":["Reckless Charge","Anger"],"picked":"Flex","floor":1.0},{"not_picked":["Body Slam","Havoc"],"picked":"Headbutt","floor":4.0},{"not_picked":["Sentinel","Entrench"],"picked":"Impervious","floor":6.0},{"not_picked":["Clash","Rage"],"picked":"Flex","floor":7.0},{"not_picked":["Sever Soul","Clothesline"],"picked":"Blood for Blood","floor":11.0},{"not_picked":["True Grit","Cleave"],"picked":"Feel No Pain","floor":12.0},{"not_picked":["Flex","Second Wind"],"picked":"Heavy Blade","floor":14.0},{"not_picked":["Feed","Juggernaut"],"picked":"Offering","floor":16.0},{"not_picked":["Perfected Strike","Body Slam","Havoc"],"picked":"SKIP","floor":18.0},{"not_picked":["Cleave","Rage"],"picked":"Shockwave","floor":19.0},{"not_picked":["Clash","Perfected Strike"],"picked":"Shrug It Off","floor":21.0},{"not_picked":["Clash","Sentinel"],"picked":"Havoc+1","floor":22.0},{"not_picked":["Warcry","Perfected Strike+1"],"picked":"Clothesline","floor":24.0},{"not_picked":["Hemokinesis","Feel No Pain"],"picked":"Immolate","floor":27.0},{"not_picked":["Perfected Strike+1","Twin Strike+1"],"picked":"True Grit","floor":30.0},{"not_picked":["Clothesline+1","Havoc"],"picked":"Cleave+1","floor":31.0},{"not_picked":["Dark Embrace","Demon Form"],"picked":"Offering","floor":33.0},{"not_picked":["Seeing Red","Havoc"],"picked":"Carnage+1","floor":35.0},{"not_picked":["Clash+1","Armaments","Anger+1"],"picked":"SKIP","floor":37},{"not_picked":["Shrug It Off+1","Rupture"],"picked":"Heavy Blade+1","floor":38},{"not_picked":["Wild Strike+1","Rampage+1"],"picked":"Intimidate+1","floor":41},{"not_picked":["Berserk","Flex"],"picked":"Shrug It Off","floor":44},{"not_picked":["Entrench","Headbutt+1"],"picked":"Sword Boomerang+1","floor":47}],"player_experience":1637962,"relics_obtained":[{"floor":6.0,"key":"Boot"},{"floor":9.0,"key":"Paper Frog"},{"floor":14.0,"key":"Regal Pillow"},{"floor":24.0,"key":"Bag of Marbles"},{"floor":26.0,"key":"Bronze Scales"},{"floor":27.0,"key":"Molten Egg 2"},{"floor":38,"key":"Incense Burner"},{"floor":43,"key":"Pen Nib"},{"floor":44,"key":"Centennial Puzzle"}],"event_choices":[{"damage_healed":0.0,"max_hp_gain":0.0,"max_hp_loss":0.0,"gold_gain":0.0,"event_name":"Scrap Ooze","player_choice":"Success","floor":2.0,"gold_loss":0.0,"damage_taken":18.0,"relics_obtained":["Vajra"]},{"damage_healed":0.0,"max_hp_gain":0.0,"max_hp_loss":0.0,"gold_gain":100.0,"event_name":"Wheel of Change","player_choice":"Gold","floor":3.0,"gold_loss":0.0,"damage_taken":0.0},{"damage_healed":0.0,"max_hp_gain":0.0,"max_hp_loss":0.0,"gold_gain":0.0,"event_name":"Drug Dealer","player_choice":"Inject Mutagens","floor":25.0,"gold_loss":0.0,"damage_taken":0.0,"relics_obtained":["MutagenicStrength"]},{"cards_removed":["Strike_R"],"damage_healed":0.0,"max_hp_gain":0.0,"max_hp_loss":0.0,"gold_gain":0.0,"event_name":"Beggar","player_choice":"Gave Gold","floor":28.0,"gold_loss":75.0,"damage_taken":0.0},{"damage_healed":0.0,"max_hp_gain":0.0,"max_hp_loss":0.0,"gold_gain":275.0,"event_name":"Golden Shrine","player_choice":"Desecrate","floor":36.0,"gold_loss":0.0,"damage_taken":0.0,"cards_obtained":["Regret"]},{"damage_healed":0,"gold_gain":0,"player_choice":"Fight","damage_taken":0,"max_hp_gain":0,"max_hp_loss":0,"event_name":"MindBloom","floor":38,"gold_loss":0},{"cards_removed":["Shrug It Off"],"damage_healed":0,"gold_gain":0,"player_choice":"Removed Skill","damage_taken":0,"max_hp_gain":0,"max_hp_loss":0,"event_name":"Falling","floor":39,"gold_loss":0}],"is_beta":false,"boss_relics":[{"not_picked":["Velvet Choker","Ectoplasm"],"picked":"Empty Cage"},{"not_picked":["White Beast Statue","Lizard Tail"],"picked":"Pandora\u0027s Box"}],"items_purged_floors":[45],"is_endless":false,"potions_floor_spawned":[6,7,12,21,22,30,31,33,37],"killed_by":"Awakened One","ascension_level":20}