{"gold_per_floor":[119,134,149,149,165,165,199,199,199,220,220,254,219,290,290,415,415,440,129,129,147,147,182,203,237,237,251,286,310,333,432,432,553,553,569,569,594,613,638,678,737,777,802,826,839,278,278,313,313,313,313,313,7,40,40],"floor_reached":56,"playtime":10639,"items_purged":["Writhe"],"score":1583,"play_id":"577b34ca-5c79-45ce-911a-d4b4115673d0","local_time":"20190616180752","is_ascension_mode":true,"campfire_choices":[{"floor":6.0,"key":"REST"},{"data":"White Noise","floor":8.0,"key":"SMITH"},{"floor":11.0,"key":"REST"},{"data":"Chaos","floor":15.0,"key":"SMITH"},{"data":"Coolheaded","floor":32.0,"key":"SMITH"},{"floor":49.0,"key":"RECALL"},{"floor":52.0,"key":"DIG"}],"neow_cost":"PERCENT_DAMAGE","seed_source_timestamp":0,"circlet_count":0,"master_deck":["Defend_B","Defend_B","Defend_B","Zap","Dualcast","Steam","Chaos+1","Compile Driver","White Noise+1","Genetic Algorithm","Conserve Battery","Cold Snap","Ball Lightning+1","Reboot","Cold Snap+1","Electrodynamics","Hologram","Self Repair","Consume","Redo","Self Repair","Compile Driver+1","Conserve Battery+1","Coolheaded+1","Hologram","Genetic Algorithm","Loop+1","Storm","Creative AI","Loop+1","Capacitor","Glacier","Barrage+1","Echo Form","Go for the Eyes+1","BootSequence+1","Hologram+1","Glacier+1","Enlightenment","Heatsinks","Consume","Heatsinks","Seek"],"special_seed":0,"relics":["Cracked Core","Golden Idol","Bottled Lightning","Kunai","Meat on the Bone","Tiny Chest","Coffee Dripper","Oddly Smooth Stone","Art of War","Omamori","Juzu Bracelet","Centennial Puzzle","Cables","Inserter","Blood Vial","Shovel","Whetstone","Happy Flower","OrangePellets","Molten Egg 2","Symbiotic Virus","Anchor","Shuriken"],"potions_floor_usage":[55,55],"damage_taken":[{"damage":0.0,"enemies":"2 Louse","floor":1.0,"turns":4.0},{"damage":2.0,"enemies":"Jaw Worm","floor":2.0,"turns":4.0},{"damage":0.0,"enemies":"Small Slimes","floor":3.0,"turns":2.0},{"damage":5.0,"enemies":"Looter","floor":5.0,"turns":3.0},{"damage":10.0,"enemies":"Lagavulin","floor":7.0,"turns":7.0},{"damage":5.0,"enemies":"Exordium Thugs","floor":10.0,"turns":5.0},{"damage":10.0,"enemies":"3 Sentries","floor":12.0,"turns":8.0},{"damage":0.0,"enemies":"Lagavulin","floor":14.0,"turns":7.0},{"damage":8.0,"enemies":"The Guardian","floor":16.0,"turns":10.0},{"damage":5.0,"enemies":"3 Byrds","floor":18.0,"turns":3.0},{"damage":4.0,"enemies":"Shell Parasite","floor":21.0,"turns":6.0},{"damage":28.0,"enemies":"Gremlin Leader","floor":23.0,"turns":5.0},{"damage":9.0,"enemies":"Centurion and Healer","floor":24.0,"turns":4.0},{"damage":41.0,"enemies":"Slavers","floor":25.0,"turns":4.0},{"damage":1.0,"enemies":"Cultist and Chosen","floor":27.0,"turns":6.0},{"damage":18.0,"enemies":"Book of Stabbing","floor":28.0,"turns":7.0},{"damage":0.0,"enemies":"3 Cultists","floor":29.0,"turns":3.0},{"damage":2.0,"enemies":"Chosen and Byrds","floor":30.0,"turns":5.0},{"damage":39.0,"enemies":"Automaton","floor":33.0,"turns":9.0},{"damage":0.0,"enemies":"3 Shapes","floor":35.0,"turns":3.0},{"damage":3.0,"enemies":"3 Darklings","floor":37.0,"turns":3.0},{"damage":21.0,"enemies":"Maw","floor":38.0,"turns":8.0},{"damage":18.0,"enemies":"Transient","floor":39.0,"turns":5.0},{"damage":16.0,"enemies":"Nemesis","floor":40.0,"turns":9.0},{"damage":27.0,"enemies":"2 Orb Walkers","floor":41.0,"turns":5.0},{"damage":0.0,"enemies":"Giant Head","floor":42.0,"turns":10.0},{"damage":22.0,"enemies":"Spire Growth","floor":44.0,"turns":6.0},{"damage":25.0,"enemies":"3 Darklings","floor":45.0,"turns":4.0},{"damage":24.0,"enemies":"Nemesis","floor":48.0,"turns":9.0},{"damage":6.0,"enemies":"Time Eater","floor":50.0,"turns":10.0},{"damage":40.0,"enemies":"Shield and Spear","floor":54.0,"turns":12.0},{"damage":38,"enemies":"The Heart","floor":55,"turns":11}],"seed_played":"5580407297284293860","potions_obtained":[{"floor":2.0,"key":"EssenceOfSteel"},{"floor":5.0,"key":"Poison Potion"},{"floor":7.0,"key":"Swift Potion"},{"floor":23.0,"key":"PowerPotion"},{"floor":27.0,"key":"LiquidBronze"},{"floor":30.0,"key":"Swift Potion"},{"floor":37.0,"key":"Explosive Potion"},{"floor":38.0,"key":"GamblersBrew"},{"floor":41.0,"key":"LiquidBronze"},{"floor":42.0,"key":"SkillPotion"}],"is_trial":false,"path_per_floor":["M","M","M","?","M","R","E","R","T","M","R","E","?","E","R","B",null,"M","$","?","M","?","E","M","E","T","M","E","M","M","?","R","B",null,"M","?","M","M","M","E","?","E","T","M","M","$","?","E","R","B",null,"R","$","E","B",null],"character_chosen":"DEFECT","items_purchased":["Oddly Smooth Stone","Self Repair","Consume","Dexterity Potion","Enlightenment","Happy Flower","OrangePellets","Anchor","Consume","Heatsinks"],"campfire_rested":2,"item_purchase_floors":[19,19,19,46,46,46,46,53,53,53],"current_hp_per_floor":[54,52,52,34,29,51,41,41,41,36,58,48,66,66,66,58,75,70,70,70,75,75,61,66,51,51,64,60,74,75,75,75,69,75,75,75,75,68,64,62,49,65,65,59,55,55,74,65,65,75,75,75,75,75,63],"gold":40,"neow_bonus":"TRANSFORM_TWO_CARDS","is_prod":false,"is_daily":false,"chose_seed":false,"campfire_upgraded":3,"win_rate":0,"timestamp":1560697672,"path_taken":["M","M","M","?","M","R","E","R","T","M","R","E","?","E","R","BOSS","M","$","?","M","?","E","M","E","T","M","E","M","M","?","R","BOSS","M","?","M","M","M","E","?","E","T","M","M","$","?","E","R","BOSS","R","$","E","BOSS"],"build_version":"2019-01-23","purchased_purges":1,"victory":true,"max_hp_per_floor":[75,75,75,75,75,75,75,75,75,75,75,75,75,75,75,75,75,75,75,75,75,75,75,75,75,75,75,75,75,75,75,75,75,75,75,75,75,75,75,75,75,75,75,75,75,75,75,75,75,75,75,75,75,75,75],"card_choices":[{"not_picked":["Gash","Sweeping Beam"],"picked":"Compile Driver","floor":1.0},{"not_picked":["Conserve Battery","Melter"],"picked":"White Noise","floor":2.0},{"not_picked":["Rebound","Leap"],"picked":"Genetic Algorithm","floor":3.0},{"not_picked":["Multi-Cast","Rip and Tear"],"picked":"Conserve Battery","floor":5.0},{"not_picked":["Beam Cell","Steam"],"picked":"Cold Snap","floor":7.0},{"not_picked":["Conserve Battery","Static Discharge"],"picked":"Ball Lightning","floor":10.0},{"not_picked":["Rebound","Barrage"],"picked":"Reboot","floor":12.0},{"not_picked":["Reinforced Body","Undo"],"picked":"Cold Snap","floor":14.0},{"not_picked":["Machine Learning","Rainbow"],"picked":"Electrodynamics","floor":16.0},{"not_picked":["Reprogram+1","Consume"],"picked":"Hologram","floor":18.0},{"not_picked":["Hello World","Turbo"],"picked":"Compile Driver+1","floor":21.0},{"not_picked":["Sweeping Beam","Fusion"],"picked":"Conserve Battery+1","floor":23.0},{"not_picked":["Compile Driver","Streamline"],"picked":"Coolheaded","floor":24.0},{"not_picked":["Beam Cell","Streamline","Gash"],"picked":"SKIP","floor":25.0},{"not_picked":["Self Repair","Turbo"],"picked":"Hologram","floor":27.0},{"not_picked":["Gash","Multi-Cast"],"picked":"Genetic Algorithm","floor":28.0},{"not_picked":["BootSequence","Streamline"],"picked":"Loop+1","floor":29.0},{"not_picked":["Go for the Eyes","Turbo+1"],"picked":"Storm","floor":30.0},{"not_picked":["Buffer","Rainbow"],"picked":"Creative AI","floor":33.0},{"not_picked":["Doom and Gloom","Steam+1"],"picked":"Loop+1","floor":35.0},{"not_picked":["Loop","Gash+1"],"picked":"Capacitor","floor":37.0},{"not_picked":["Leap","BootSequence+1"],"picked":"Glacier","floor":38.0},{"not_picked":["Steam","Leap"],"picked":"Barrage+1","floor":39.0},{"not_picked":["Hologram","Chaos"],"picked":"Echo Form","floor":40.0},{"not_picked":["Streamline","Ball Lightning"],"picked":"Go for the Eyes+1","floor":41.0},{"not_picked":["Gash","FTL"],"picked":"BootSequence+1","floor":42.0},{"not_picked":["Genetic Algorithm","Turbo+1"],"picked":"Hologram+1","floor":44.0},{"not_picked":["Steam+1","Stack+1"],"picked":"Glacier+1","floor":45.0},{"not_picked":["Steam+1","Tempest+1"],"picked":"Heatsinks","floor":48.0},{"not_picked":["Rebound+1","Gash+1"],"picked":"Seek","floor":54.0}],"player_experience":236855,"relics_obtained":[{"floor":7.0,"key":"Bottled Lightning"},{"floor":9.0,"key":"Kunai"},{"floor":12.0,"key":"Meat on the Bone"},{"floor":14.0,"key":"Tiny Chest"},{"floor":23.0,"key":"Omamori"},{"floor":25.0,"key":"Juzu Bracelet"},{"floor":26.0,"key":"Centennial Puzzle"},{"floor":28.0,"key":"Cables"},{"floor":40.0,"key":"Blood Vial"},{"floor":41.0,"key":"Shovel"},{"floor":42.0,"key":"Whetstone"},{"floor":48.0,"key":"Molten Egg 2"},{"floor":52.0,"key":"Symbiotic Virus"},{"floor":54.0,"key":"Shuriken"}],"event_choices":[{"damage_healed":0.0,"max_hp_gain":0.0,"max_hp_loss":0.0,"gold_gain":0.0,"event_name":"Golden Idol","player_choice":"Take Damage","floor":4.0,"gold_loss":0.0,"damage_taken":18.0,"relics_obtained":["Golden Idol"]},{"damage_healed":18.0,"max_hp_gain":0.0,"max_hp_loss":0.0,"gold_gain":0.0,"event_name":"The Cleric","player_choice":"Healed","floor":13.0,"gold_loss":35.0,"damage_taken":0.0},{"damage_healed":0.0,"max_hp_gain":0.0,"max_hp_loss":0.0,"gold_gain":0.0,"cards_transformed":["Strike_B","Strike_B"],"event_name":"Drug Dealer","player_choice":"Became Test Subject","floor":20.0,"gold_loss":0.0,"damage_taken":0.0,"cards_obtained":["Redo","Self Repair"]},{"damage_healed":0.0,"max_hp_gain":0.0,"max_hp_loss":0.0,"gold_gain":0.0,"event_name":"The Mausoleum","player_choice":"Opened","floor":22.0,"gold_loss":0.0,"damage_taken":0.0,"relics_obtained":["Art of War"],"cards_obtained":["Writhe"]},{"damage_healed":0.0,"max_hp_gain":0.0,"max_hp_loss":0.0,"gold_gain":99.0,"event_name":"Nest","player_choice":"Stole From Cult","floor":31.0,"gold_loss":0.0,"damage_taken":0.0},{"cards_removed":["Defend_B"],"damage_healed":0.0,"max_hp_gain":0.0,"max_hp_loss":0.0,"gold_gain":0.0,"event_name":"Falling","player_choice":"Removed Skill","floor":36.0,"gold_loss":0.0,"damage_taken":0.0},{"damage_healed":0.0,"max_hp_gain":0.0,"max_hp_loss":0.0,"gold_gain":0.0,"event_name":"Mysterious Sphere","player_choice":"Fight","floor":41.0,"gold_loss":0.0,"damage_taken":0.0},{"damage_healed":19.0,"max_hp_gain":0.0,"max_hp_loss":0.0,"gold_gain":0.0,"event_name":"Winding Halls","player_choice":"Writhe","floor":47.0,"gold_loss":0.0,"damage_taken":0.0,"cards_obtained":["Writhe"]}],"is_beta":false,"boss_relics":[{"not_picked":["Philosopher\u0027s Stone","Busted Crown"],"picked":"Coffee Dripper"},{"not_picked":["FrozenCore","Black Star"],"picked":"Inserter"}],"items_purged_floors":[46],"is_endless":false,"potions_floor_spawned":[2,5,7,23,27,30,37,38,41,42],"ascension_level":4}