{"gold_per_floor":[116,191,191,209,9,73,73,100,100,135,151,183,201,231,231,310,310,321,321,131,146,146,171,171,205,205,205,237,250,260,260,260,334,334,350,360,374,374,387,420,420,450,498,498,531,542,567,580,580,580,580,580,580,70,96,96],"floor_reached":57,"playtime":9570,"items_purged":["Writhe"],"score":3666,"play_id":"61bc6e10-6d2b-4485-80bf-02693114f953","local_time":"20190719152647","is_ascension_mode":true,"campfire_choices":[{"data":"Flame Barrier","floor":7,"key":"SMITH"},{"data":"Inflame","floor":15,"key":"SMITH"},{"data":"Corruption","floor":27,"key":"SMITH"},{"data":"Body Slam","floor":32,"key":"SMITH"},{"floor":41,"key":"RECALL"},{"data":"Spot Weakness","floor":44,"key":"SMITH"},{"data":"Feel No Pain","floor":49,"key":"SMITH"},{"data":"Limit Break","floor":53,"key":"SMITH"}],"neow_cost":"NONE","seed_source_timestamp":464973347794043,"circlet_count":0,"master_deck":["AscendersBane","Defend_R","Defend_R","Defend_R","Defend_R","Bash+1","Iron Wave","Pommel Strike","Inflame+1","Flame Barrier+1","Pummel","Clothesline","Ghostly Armor","Body Slam+1","Limit Break+1","Spot Weakness+1","Bite","Bite","Bite","Bite","Bite","Shrug It Off","Havoc","Dramatic Entrance","Pummel","Shrug It Off+1","Corruption+1","Feed+1","Shockwave","Shrug It Off+1","Exhume","Disarm","True Grit+1","Entrench","Headbutt+1","Feed+1","Havoc+1","Feel No Pain+1","Battle Trance+1","Master of Strategy+1","Panacea+1","Seeing Red+1"],"relics":["Burning Blood","NeowsBlessing","Happy Flower","Tiny Chest","Strawberry","Pantograph","Dead Branch","Letter Opener","Vajra","Black Star","Gambling Chip","Bag of Marbles","Ancient Tea Set","Anchor","Singing Bowl","Centennial Puzzle","Molten Egg 2","Art of War","Runic Dome","Turnip","PreservedInsect","Ornamental Fan","Pen Nib","Lantern","Toxic Egg 2","Red Skull","Bag of Preparation","Shuriken","Membership Card","Mummified Hand","Oddly Smooth Stone"],"potions_floor_usage":[10,13,23,35,40],"damage_taken":[{"damage":0,"enemies":"Jaw Worm","floor":1,"turns":1},{"damage":0,"enemies":"2 Louse","floor":4,"turns":1},{"damage":0,"enemies":"Lagavulin","floor":6,"turns":1},{"damage":8,"enemies":"Gremlin Nob","floor":10,"turns":3},{"damage":0,"enemies":"Cultist","floor":11,"turns":2},{"damage":27,"enemies":"Lagavulin","floor":12,"turns":7},{"damage":29,"enemies":"Exordium Thugs","floor":13,"turns":5},{"damage":20,"enemies":"3 Sentries","floor":14,"turns":6},{"damage":21,"enemies":"Slime Boss","floor":16,"turns":9},{"damage":1,"enemies":"Spheric Guardian","floor":18,"turns":3},{"damage":6,"enemies":"Chosen","floor":21,"turns":3},{"damage":27,"enemies":"Gremlin Leader","floor":23,"turns":5},{"damage":7,"enemies":"Slavers","floor":25,"turns":2},{"damage":0,"enemies":"Gremlin Leader","floor":28,"turns":3},{"damage":0,"enemies":"Snake Plant","floor":29,"turns":3},{"damage":0,"enemies":"Cultist and Chosen","floor":30,"turns":3},{"damage":12,"enemies":"Collector","floor":33,"turns":5},{"damage":0,"enemies":"3 Darklings","floor":35,"turns":5},{"damage":0,"enemies":"Orb Walker","floor":36,"turns":2},{"damage":3,"enemies":"Transient","floor":37,"turns":5},{"damage":6,"enemies":"Maw","floor":39,"turns":4},{"damage":13,"enemies":"Nemesis","floor":40,"turns":7},{"damage":11,"enemies":"Reptomancer","floor":42,"turns":4},{"damage":19,"enemies":"Nemesis","floor":45,"turns":5},{"damage":6,"enemies":"Writhing Mass","floor":46,"turns":2},{"damage":0,"enemies":"Giant Head","floor":47,"turns":2},{"damage":1,"enemies":"Transient","floor":48,"turns":6},{"damage":0,"enemies":"Donu and Deca","floor":50,"turns":5},{"damage":9,"enemies":"Time Eater","floor":51,"turns":4},{"damage":0,"enemies":"Shield and Spear","floor":55,"turns":1},{"damage":9,"enemies":"The Heart","floor":56,"turns":6}],"seed_played":"8317316944028614597","potions_obtained":[{"floor":1,"key":"GamblersBrew"},{"floor":4,"key":"AttackPotion"},{"floor":10,"key":"BloodPotion"},{"floor":16,"key":"Energy Potion"},{"floor":24,"key":"Weak Potion"},{"floor":25,"key":"Energy Potion"},{"floor":36,"key":"Regen Potion"},{"floor":45,"key":"Dexterity Potion"},{"floor":46,"key":"Block Potion"}],"is_trial":false,"path_per_floor":["M","?","?","M","$","E","R","T","T","E","M","E","M","E","R","B",null,"M","?","$","M","?","E","?","E","T","R","E","M","M","T","R","B",null,"M","M","M","?","M","E","R","E","T","R","E","M","E","M","R","B","B",null,"R","$","E","B",null],"character_chosen":"IRONCLAD","items_purchased":["Happy Flower","Inflame","Shrug It Off","Havoc","Dramatic Entrance","Membership Card","Battle Trance+1","Master of Strategy+1","Panacea+1","Seeing Red+1","Weak Potion"],"campfire_rested":0,"item_purchase_floors":[5,5,20,20,20,54,54,54,54,54,54],"current_hp_per_floor":[74,63,63,69,69,75,75,82,82,80,82,61,58,44,44,54,75,80,57,57,57,57,42,42,47,47,47,55,57,57,57,57,57,57,57,59,59,59,59,58,58,64,64,64,57,63,75,79,79,87,91,91,91,91,93,91],"gold":96,"neow_bonus":"THREE_ENEMY_KILL","is_prod":false,"is_daily":false,"chose_seed":false,"campfire_upgraded":7,"win_rate":0,"timestamp":1563539207,"path_taken":["M","?","?","?","$","E","R","?","T","E","?","E","M","E","R","BOSS","M","?","$","M","?","E","?","E","T","R","E","M","?","?","R","BOSS","M","M","M","?","?","E","R","E","T","R","E","M","E","M","R","BOSS","BOSS","R","$","E","BOSS"],"build_version":"2019-07-17","purchased_purges":1,"victory":true,"max_hp_per_floor":[75,75,75,75,75,75,75,82,82,82,82,82,82,82,82,82,82,82,57,57,57,57,57,57,57,57,57,57,57,57,57,57,57,57,57,59,59,59,59,61,61,65,65,65,65,69,75,79,79,87,91,91,91,91,93,93],"card_choices":[{"not_picked":["Havoc","Searing Blow"],"picked":"Iron Wave","floor":1},{"not_picked":["Flex","Cleave"],"picked":"Pommel Strike","floor":4},{"not_picked":["Warcry","Heavy Blade"],"picked":"Flame Barrier","floor":6},{"not_picked":["Clothesline","Power Through"],"picked":"Pummel","floor":10},{"not_picked":["Twin Strike","Iron Wave"],"picked":"Clothesline","floor":11},{"not_picked":["Rampage","True Grit"],"picked":"Ghostly Armor","floor":12},{"not_picked":["Perfected Strike","Evolve"],"picked":"Body Slam","floor":13},{"not_picked":["Anger","Thunderclap","Reckless Charge"],"picked":"SKIP","floor":14},{"not_picked":["Juggernaut","Double Tap"],"picked":"Limit Break","floor":16},{"not_picked":["Shrug It Off","Cleave"],"picked":"Spot Weakness","floor":18},{"not_picked":["Inflame","Flex"],"picked":"Pummel","floor":21},{"not_picked":["Clothesline","Blood for Blood"],"picked":"Shrug It Off+1","floor":23},{"not_picked":["Power Through","Thunderclap"],"picked":"Corruption","floor":25},{"not_picked":["Thunderclap","Pommel Strike"],"picked":"Feed","floor":28},{"not_picked":["Battle Trance","Anger+1"],"picked":"Shockwave","floor":29},{"not_picked":["Intimidate","Perfected Strike+1"],"picked":"Shrug It Off+1","floor":30},{"not_picked":["Impervious","Double Tap"],"picked":"Exhume","floor":33},{"not_picked":["True Grit","Headbutt+1"],"picked":"Disarm","floor":35},{"not_picked":["Headbutt+1","Pommel Strike+1","Body Slam+1"],"picked":"Singing Bowl","floor":36},{"not_picked":["Bloodletting","Thunderclap+1"],"picked":"True Grit+1","floor":37},{"not_picked":["Clash+1","Anger+1"],"picked":"Entrench","floor":39},{"not_picked":["Bloodletting","Hemokinesis+1","Pommel Strike+1"],"picked":"Singing Bowl","floor":40},{"not_picked":["Cleave+1","Reckless Charge+1"],"picked":"Headbutt+1","floor":42},{"not_picked":["Anger+1","Rage"],"picked":"Feed+1","floor":45},{"not_picked":["Flex+1","Iron Wave+1"],"picked":"Havoc+1","floor":46},{"not_picked":["Cleave+1","Wild Strike+1","Carnage+1"],"picked":"Singing Bowl","floor":47},{"not_picked":["Searing Blow+1","Twin Strike+1"],"picked":"Feel No Pain","floor":48},{"not_picked":["Wild Strike+1","Cleave+1","Pommel Strike+1"],"picked":"Singing Bowl","floor":55}],"player_experience":790850,"relics_obtained":[{"floor":6,"key":"Tiny Chest"},{"floor":8,"key":"Strawberry"},{"floor":9,"key":"Pantograph"},{"floor":10,"key":"Dead Branch"},{"floor":12,"key":"Letter Opener"},{"floor":14,"key":"Vajra"},{"floor":23,"key":"Bag of Marbles"},{"floor":23,"key":"Ancient Tea Set"},{"floor":25,"key":"Anchor"},{"floor":25,"key":"Singing Bowl"},{"floor":26,"key":"Centennial Puzzle"},{"floor":28,"key":"Molten Egg 2"},{"floor":28,"key":"Art of War"},{"floor":40,"key":"Turnip"},{"floor":40,"key":"PreservedInsect"},{"floor":42,"key":"Ornamental Fan"},{"floor":42,"key":"Pen Nib"},{"floor":43,"key":"Lantern"},{"floor":45,"key":"Toxic Egg 2"},{"floor":45,"key":"Red Skull"},{"floor":47,"key":"Bag of Preparation"},{"floor":47,"key":"Shuriken"},{"floor":55,"key":"Mummified Hand"},{"floor":55,"key":"Oddly Smooth Stone"}],"event_choices":[{"damage_healed":0,"gold_gain":75,"player_choice":"Gather Gold","damage_taken":11,"max_hp_gain":0,"max_hp_loss":0,"event_name":"World of Goop","floor":2,"gold_loss":0},{"damage_healed":0,"gold_gain":0,"player_choice":"Upgraded","damage_taken":0,"max_hp_gain":0,"max_hp_loss":0,"event_name":"Upgrade Shrine","floor":3,"gold_loss":0,"cards_upgraded":["Bash"]},{"damage_healed":0,"gold_gain":0,"player_choice":"Became a vampire","damage_taken":0,"max_hp_gain":0,"max_hp_loss":25,"event_name":"Vampires","floor":19,"gold_loss":0,"cards_obtained":["Bite","Bite","Bite","Bite","Bite"]},{"damage_healed":0,"gold_gain":0,"player_choice":"Opened","damage_taken":0,"relics_obtained":["Gambling Chip"],"max_hp_gain":0,"max_hp_loss":0,"event_name":"The Mausoleum","floor":22,"gold_loss":0,"cards_obtained":["Writhe"]},{"damage_healed":0,"gold_gain":0,"player_choice":"Got Potions","damage_taken":0,"max_hp_gain":0,"max_hp_loss":0,"event_name":"Lab","floor":24,"gold_loss":0},{"damage_healed":0,"gold_gain":0,"player_choice":"Ignored","damage_taken":0,"max_hp_gain":0,"max_hp_loss":0,"event_name":"Transmorgrifier","floor":38,"gold_loss":0}],"is_beta":false,"boss_relics":[{"not_picked":["Calling Bell","Sozu"],"picked":"Black Star"},{"not_picked":["Eternal Feather","Philosopher\u0027s Stone"],"picked":"Runic Dome"}],"items_purged_floors":[54],"is_endless":false,"potions_floor_spawned":[1,4,10,12,16,21,25,33,36,45,46,48],"ascension_level":20}