{"gold_per_floor":[119,119,136,152,77,77,87,103,129,29,29,129,129,144,144,242,242,253,352,352,227,245,245,95,95,95,95,112,125,125,136,136,238,238,250,250,295,312,329,154,154,154,178,178,193,226,246,55,55,55],"floor_reached":51,"playtime":1119,"items_purged":["Strike_R","Defend_R","Defend_R","Strike_R","Defend_R"],"score":792,"play_id":"7691eaac-c46d-48ca-87e2-96e7d30166fa","local_time":"20190711145233","is_ascension_mode":false,"campfire_choices":[{"data":"Demon Form","floor":6,"key":"SMITH"},{"data":"Flame Barrier","floor":11,"key":"SMITH"},{"data":"Shrug It Off","floor":13,"key":"SMITH"},{"data":"Bash","floor":15,"key":"SMITH"},{"floor":23,"key":"REST"},{"data":"Immolate","floor":27,"key":"SMITH"},{"data":"Sever Soul","floor":32,"key":"SMITH"},{"data":"Bloodletting","floor":44,"key":"SMITH"},{"floor":49,"key":"REST"}],"neow_cost":"NONE","seed_source_timestamp":1135115488986100,"circlet_count":0,"master_deck":["Strike_R+1","Bash+1","Demon Form+1","Flame Barrier+1","Immolate+1","Bloodletting+1","Sever Soul+1","Dropkick+1"],"relics":["Burning Blood","NeowsBlessing","Dream Catcher","Snecko Eye","Omamori","Cursed Key","Whetstone","Strawberry","Bag of Marbles","Brimstone"],"potions_floor_usage":[18,29,33,50,50],"damage_taken":[{"damage":0,"enemies":"2 Louse","floor":1,"turns":1},{"damage":0,"enemies":"Cultist","floor":3,"turns":1},{"damage":0,"enemies":"Small Slimes","floor":4,"turns":1},{"damage":16,"enemies":"Exordium Wildlife","floor":7,"turns":4},{"damage":9,"enemies":"Exordium Thugs","floor":8,"turns":5},{"damage":0,"enemies":"Lots of Slimes","floor":14,"turns":6},{"damage":33,"enemies":"The Guardian","floor":16,"turns":11},{"damage":7,"enemies":"Shell Parasite","floor":18,"turns":4},{"damage":0,"enemies":"Spheric Guardian","floor":22,"turns":3},{"damage":15,"enemies":"Centurion and Healer","floor":28,"turns":2},{"damage":0,"enemies":"3 Cultists","floor":29,"turns":2},{"damage":0,"enemies":"Chosen and Byrds","floor":31,"turns":4},{"damage":37,"enemies":"Collector","floor":33,"turns":6},{"damage":0,"enemies":"3 Darklings","floor":35,"turns":2},{"damage":3,"enemies":"3 Shapes","floor":38,"turns":3},{"damage":4,"enemies":"Sphere and 2 Shapes","floor":39,"turns":3},{"damage":13,"enemies":"Jaw Worm Horde","floor":45,"turns":2},{"damage":46,"enemies":"Giant Head","floor":46,"turns":6},{"damage":0,"enemies":"3 Darklings","floor":47,"turns":2},{"damage":53,"enemies":"Time Eater","floor":50,"turns":5}],"seed_played":"2238446463346550363","potions_obtained":[{"floor":2,"key":"Regen Potion"},{"floor":2,"key":"SneckoOil"},{"floor":2,"key":"Strength Potion"},{"floor":8,"key":"SteroidPotion"},{"floor":16,"key":"Block Potion"},{"floor":18,"key":"FairyPotion"},{"floor":29,"key":"FearPotion"},{"floor":35,"key":"Dexterity Potion"}],"is_trial":false,"path_per_floor":["M","?","M","M","$","R","M","M","T","$","R","?","R","M","R","B",null,"M","?","?","$","M","R","$","?","T","R","M","M","?","M","R","B",null,"M","?","T","M","M","$","?","?","T","R","M","E","M","$","R","B",null],"character_chosen":"IRONCLAD","items_purchased":["Brimstone"],"campfire_rested":2,"item_purchase_floors":[48],"current_hp_per_floor":[80,80,80,80,80,80,70,67,67,67,67,67,67,73,73,46,80,79,79,64,64,70,85,85,85,85,85,76,82,82,85,85,54,85,85,85,85,85,85,85,81,81,88,88,81,41,47,47,73,26],"gold":55,"neow_bonus":"THREE_ENEMY_KILL","is_prod":false,"is_daily":false,"chose_seed":false,"campfire_upgraded":7,"win_rate":0,"timestamp":1562871153,"path_taken":["M","?","M","?","?","R","?","M","T","$","R","?","R","M","R","BOSS","M","?","?","$","M","R","$","?","T","R","?","M","?","M","R","BOSS","M","?","?","?","?","$","?","?","T","R","M","E","M","$","R","BOSS"],"build_version":"2019-07-05","purchased_purges":5,"victory":true,"max_hp_per_floor":[80,80,80,80,80,80,80,80,80,80,80,80,80,80,80,80,80,80,80,85,85,85,85,85,85,85,85,85,85,85,85,85,85,85,85,85,85,85,85,85,81,81,88,88,88,88,88,88,88,88],"card_choices":[{"not_picked":["Warcry","Pummel"],"picked":"Shrug It Off","floor":1},{"not_picked":["Armaments","Corruption","Iron Wave"],"picked":"SKIP","floor":3},{"not_picked":["Sentinel","Disarm"],"picked":"Demon Form","floor":4},{"not_picked":["Warcry","Entrench"],"picked":"Flame Barrier","floor":7},{"not_picked":["Anger","Cleave","Inflame"],"picked":"SKIP","floor":8},{"not_picked":["Flex","Sword Boomerang","Heavy Blade"],"picked":"SKIP","floor":14},{"not_picked":["Body Slam","Spot Weakness","Clothesline"],"picked":"SKIP","floor":18},{"not_picked":["Armaments","Power Through","Clothesline"],"picked":"SKIP","floor":22},{"not_picked":["Rage","Body Slam","Clash"],"picked":"SKIP","floor":28},{"not_picked":["Exhume","Sword Boomerang","Havoc+1"],"picked":"SKIP","floor":29},{"not_picked":["Whirlwind","Rampage","True Grit"],"picked":"SKIP","floor":31},{"not_picked":["Warcry","Clash+1","Cleave+1"],"picked":"SKIP","floor":35},{"not_picked":["Iron Wave","Carnage","Shrug It Off"],"picked":"SKIP","floor":38},{"not_picked":["Spot Weakness","Anger","True Grit"],"picked":"SKIP","floor":39},{"not_picked":["Burning Pact+1","Disarm","Iron Wave+1"],"picked":"SKIP","floor":45},{"not_picked":["Perfected Strike+1","Spot Weakness+1","Sword Boomerang"],"picked":"SKIP","floor":46},{"not_picked":["Power Through","Headbutt","Armaments+1"],"picked":"SKIP","floor":47},{"not_picked":["Body Slam","Heavy Blade"],"picked":"Dropkick+1","floor":49}],"player_experience":1827359,"relics_obtained":[{"floor":9,"key":"Dream Catcher"},{"floor":26,"key":"Omamori"},{"floor":37,"key":"Whetstone"},{"floor":43,"key":"Strawberry"},{"floor":46,"key":"Bag of Marbles"}],"event_choices":[{"damage_healed":0,"gold_gain":0,"player_choice":"Got Potions","damage_taken":0,"max_hp_gain":0,"max_hp_loss":0,"event_name":"Lab","floor":2,"gold_loss":0},{"damage_healed":0,"gold_gain":100,"player_choice":"Pray","damage_taken":0,"max_hp_gain":0,"max_hp_loss":0,"event_name":"Golden Shrine","floor":12,"gold_loss":0},{"damage_healed":0,"gold_gain":99,"player_choice":"Stole From Cult","damage_taken":0,"max_hp_gain":0,"max_hp_loss":0,"event_name":"Nest","floor":19,"gold_loss":0},{"damage_healed":0,"gold_gain":0,"player_choice":"Shed Blood","damage_taken":20,"max_hp_gain":5,"max_hp_loss":0,"event_name":"Forgotten Altar","floor":20,"gold_loss":0},{"damage_healed":0,"gold_gain":0,"cards_transformed":["Strike_R"],"player_choice":"Transformed","damage_taken":0,"max_hp_gain":0,"max_hp_loss":0,"event_name":"Transmorgrifier","floor":25,"gold_loss":0,"cards_obtained":["Immolate"]},{"damage_healed":0,"gold_gain":0,"cards_transformed":["Strike_R","Defend_R"],"player_choice":"Became Test Subject","damage_taken":0,"max_hp_gain":0,"max_hp_loss":0,"event_name":"Drug Dealer","floor":30,"gold_loss":0,"cards_obtained":["Bloodletting","Sever Soul"]},{"damage_healed":0,"gold_gain":0,"player_choice":"Memory 1","damage_taken":0,"max_hp_gain":0,"max_hp_loss":0,"event_name":"SensoryStone","floor":36,"gold_loss":0},{"damage_healed":0,"gold_gain":0,"player_choice":"Max HP","damage_taken":0,"max_hp_gain":0,"max_hp_loss":4,"event_name":"Winding Halls","floor":41,"gold_loss":0},{"cards_removed":["Shrug It Off"],"damage_healed":0,"gold_gain":0,"player_choice":"Removed Skill","damage_taken":0,"max_hp_gain":0,"max_hp_loss":0,"event_name":"Falling","floor":42,"gold_loss":0}],"is_beta":false,"boss_relics":[{"not_picked":["Fusion Hammer","Runic Dome"],"picked":"Snecko Eye"},{"not_picked":["Calling Bell","Sozu"],"picked":"Cursed Key"}],"items_purged_floors":[5,10,21,24,40],"is_endless":false,"potions_floor_spawned":[4,8,16,18,22,29,35,38,47],"ascension_level":0}