{"gold_per_floor":[110,122,135,155,173,173,203,203,203,203],"floor_reached":10,"playtime":244,"items_purged":[],"score":140,"play_id":"50fa2e49-21d1-46b2-b8b9-435b51f6c595","local_time":"20190701214512","is_ascension_mode":true,"campfire_choices":[{"data":"Cleave","floor":6,"key":"SMITH"},{"floor":8,"key":"REST"}],"neow_cost":"NONE","seed_source_timestamp":296758597284500,"circlet_count":0,"master_deck":["AscendersBane","Strike_R","Strike_R","Strike_R","Strike_R","Strike_R","Defend_R","Defend_R","Defend_R","Defend_R","Bash","Cleave+1","Feel No Pain","Corruption","Ghostly Armor","Sword Boomerang","Dark Embrace"],"relics":["Burning Blood","NeowsBlessing","Art of War","The Courier"],"potions_floor_usage":[7,10],"damage_taken":[{"damage":0,"enemies":"Cultist","floor":1,"turns":1},{"damage":0,"enemies":"2 Louse","floor":2,"turns":1},{"damage":0,"enemies":"Jaw Worm","floor":3,"turns":1},{"damage":18,"enemies":"Exordium Wildlife","floor":4,"turns":4},{"damage":26,"enemies":"Exordium Thugs","floor":5,"turns":6},{"damage":32,"enemies":"Gremlin Nob","floor":7,"turns":4},{"damage":40,"enemies":"Lagavulin","floor":10,"turns":8}],"seed_played":"-2703009710865935895","potions_obtained":[{"floor":2,"key":"Dexterity Potion"},{"floor":3,"key":"SteroidPotion"}],"is_trial":false,"path_per_floor":["M","M","M","M","M","R","E","R","T","E"],"character_chosen":"IRONCLAD","items_purchased":[],"campfire_rested":1,"item_purchase_floors":[],"current_hp_per_floor":[74,75,75,63,43,43,17,39,39,0],"gold":203,"neow_bonus":"THREE_ENEMY_KILL","is_prod":false,"is_daily":false,"chose_seed":false,"campfire_upgraded":1,"win_rate":0,"timestamp":1562031912,"path_taken":["M","M","M","M","M","R","E","R","T","E"],"build_version":"2019-07-01","purchased_purges":0,"victory":false,"max_hp_per_floor":[75,75,75,75,75,75,75,75,75,75],"card_choices":[{"not_picked":["Entrench","Perfected Strike"],"picked":"Cleave","floor":1},{"not_picked":["Twin Strike","Body Slam"],"picked":"Feel No Pain","floor":2},{"not_picked":["Shrug It Off","Thunderclap"],"picked":"Corruption","floor":3},{"not_picked":["Clothesline","Rupture"],"picked":"Ghostly Armor","floor":4},{"not_picked":["Evolve","Anger"],"picked":"Sword Boomerang","floor":5},{"not_picked":["Feed","Warcry"],"picked":"Dark Embrace","floor":7}],"player_experience":1632962,"relics_obtained":[{"floor":7,"key":"Art of War"},{"floor":9,"key":"The Courier"}],"event_choices":[],"is_beta":false,"boss_relics":[],"items_purged_floors":[],"is_endless":false,"potions_floor_spawned":[2,3,4],"killed_by":"Lagavulin","ascension_level":20}