{"gold_per_floor":[365,27,43,58,72,102,102,102,148,18,50,125,144,38,38,109,109,123,123,123,43],"floor_reached":21,"playtime":926,"items_purged":["Writhe"],"score":399,"play_id":"0789457e-84ac-411b-87e0-83ecdd7bdb3b","local_time":"20190702111440","is_ascension_mode":true,"campfire_choices":[{"floor":8,"key":"REST"},{"floor":15,"key":"REST"}],"neow_cost":"CURSE","seed_source_timestamp":344642953992700,"circlet_count":0,"master_deck":["AscendersBane","Defend_R","Defend_R","Defend_R","Defend_R","Bash","Hemokinesis","Clothesline","Blood for Blood","Iron Wave","Inflame","Pain","Dark Shackles","Whirlwind","Iron Wave","Anger","Flex","Blood for Blood","Barricade","Shockwave","Bite","Bite","Bite","Bite","Bite"],"relics":["Burning Blood","Kunai","Blue Candle","WarpedTongs","Bronze Scales","Happy Flower","Runic Cube","Nilry\u0027s Codex"],"potions_floor_usage":[5,13,13,16],"damage_taken":[{"damage":3,"enemies":"Small Slimes","floor":1,"turns":5},{"damage":3,"enemies":"Cultist","floor":3,"turns":4},{"damage":4,"enemies":"2 Louse","floor":4,"turns":3},{"damage":6,"enemies":"Blue Slaver","floor":5,"turns":3},{"damage":51,"enemies":"3 Sentries","floor":6,"turns":11},{"damage":25,"enemies":"Gremlin Nob","floor":11,"turns":4},{"damage":16,"enemies":"Exordium Wildlife","floor":13,"turns":5},{"damage":23,"enemies":"Slime Boss","floor":16,"turns":5},{"damage":26,"enemies":"Shell Parasite","floor":18,"turns":4},{"damage":31,"enemies":"2 Thieves","floor":21,"turns":2}],"seed_played":"2506446004226255576","potions_obtained":[{"floor":1,"key":"SkillPotion"},{"floor":6,"key":"Block Potion"},{"floor":11,"key":"Regen Potion"},{"floor":13,"key":"EssenceOfSteel"},{"floor":18,"key":"PowerPotion"}],"is_trial":false,"path_per_floor":["M","$","M","M","M","E","?","R","T","$","E","?","M","$","R","B",null,"M","?","?","M"],"character_chosen":"IRONCLAD","items_purchased":["Kunai","Dark Shackles","Whirlwind","Flex","Blood for Blood"],"campfire_rested":2,"item_purchase_floors":[2,10,10,14,14],"current_hp_per_floor":[71,71,74,75,75,30,30,52,52,52,33,22,26,26,48,31,64,44,44,23,0],"gold":43,"neow_bonus":"TWO_FIFTY_GOLD","is_prod":false,"is_daily":false,"chose_seed":false,"campfire_upgraded":0,"win_rate":0,"timestamp":1562080480,"path_taken":["M","$","M","M","M","E","?","R","T","?","E","?","M","$","R","BOSS","M","?","?","M"],"build_version":"2019-07-01","purchased_purges":1,"victory":false,"max_hp_per_floor":[75,75,75,75,75,75,75,75,75,75,75,75,75,75,75,75,75,75,52,52,52],"card_choices":[{"not_picked":["Twin Strike","Iron Wave"],"picked":"Hemokinesis","floor":1},{"not_picked":["Cleave","Havoc"],"picked":"Clothesline","floor":3},{"not_picked":["Seeing Red","Sword Boomerang"],"picked":"Blood for Blood","floor":4},{"not_picked":["Intimidate","Pummel"],"picked":"Iron Wave","floor":5},{"not_picked":["Havoc","Searing Blow"],"picked":"Inflame","floor":6},{"not_picked":["Twin Strike","Reckless Charge"],"picked":"Iron Wave","floor":11},{"not_picked":["Power Through","Bludgeon"],"picked":"Anger","floor":13},{"not_picked":["Bludgeon","Immolate"],"picked":"Barricade","floor":16},{"not_picked":["Cleave","Searing Blow"],"picked":"Shockwave","floor":18}],"player_experience":1648093,"relics_obtained":[{"floor":6,"key":"Blue Candle"},{"floor":9,"key":"Bronze Scales"},{"floor":11,"key":"Happy Flower"},{"floor":20,"key":"Nilry\u0027s Codex"}],"event_choices":[{"damage_healed":0,"gold_gain":0,"player_choice":"Rummage","damage_taken":0,"relics_obtained":["WarpedTongs"],"max_hp_gain":0,"max_hp_loss":0,"event_name":"Accursed Blacksmith","floor":7,"gold_loss":0,"cards_obtained":["Pain"]},{"damage_healed":0,"gold_gain":75,"player_choice":"Gather Gold","damage_taken":11,"max_hp_gain":0,"max_hp_loss":0,"event_name":"World of Goop","floor":12,"gold_loss":0},{"damage_healed":0,"gold_gain":0,"player_choice":"Became a vampire","damage_taken":0,"max_hp_gain":0,"max_hp_loss":23,"event_name":"Vampires","floor":19,"gold_loss":0,"cards_obtained":["Bite","Bite","Bite","Bite","Bite"]},{"damage_healed":0,"gold_gain":0,"player_choice":"Obtained Book","damage_taken":21,"max_hp_gain":0,"max_hp_loss":0,"event_name":"Cursed Tome","floor":20,"gold_loss":0}],"is_beta":false,"boss_relics":[{"not_picked":["Coffee Dripper","Cursed Key"],"picked":"Runic Cube"}],"items_purged_floors":[2],"is_endless":false,"potions_floor_spawned":[1,6,11,13,18],"killed_by":"2 Thieves","ascension_level":20}