{"gold_per_floor":[359,374,45,57,132,164,177,177,202,202,234,54,54,54,54,182,182,207,7,7,7,7,7,45,68,68,103,123,148,148,175,175,296,296,312,737,737,805,1138,1166,188,188,188,188,45,62,76,92,92,92,92,92,36,69,69],"floor_reached":56,"playtime":2583,"items_purged":["Strike_B","Zap"],"score":1369,"play_id":"40260f70-c626-4c4d-ba06-dc00e3775078","local_time":"20190727011638","is_ascension_mode":false,"campfire_choices":[{"floor":8.0,"key":"REST"},{"data":"Streamline","floor":15.0,"key":"SMITH"},{"data":"Biased Cognition","floor":23.0,"key":"SMITH"},{"floor":30.0,"key":"REST"},{"data":"Defragment","floor":32.0,"key":"SMITH"},{"data":"Buffer","floor":42.0,"key":"SMITH"},{"data":"Meteor Strike","floor":44.0,"key":"SMITH"},{"floor":49.0,"key":"RECALL"},{"data":"Defragment","floor":52.0,"key":"SMITH"}],"neow_cost":"TEN_PERCENT_HP_LOSS","seed_source_timestamp":1030934532848191,"circlet_count":0,"master_deck":["Cold Snap","Double Energy+1","Coolheaded+1","Streamline+1","FTL","Ball Lightning","Meteor Strike+1","Doom and Gloom","Turbo+1","Skim+1","Biased Cognition+1","Leap+1","Doom and Gloom","Storm","Static Discharge+1","Necronomicurse","Undo+1","Conserve Battery+1","Defragment+1","Leap+1","Fission+1","Skim+1","Conserve Battery+1","Loop","Reinforced Body+1","Buffer+1","Defragment+1","Static Discharge","Turbo+1","Tempest+1"],"special_seed":0,"relics":["Cracked Core","Toxic Egg 2","Art of War","Bag of Preparation","DataDisk","The Courier","Bronze Scales","Pandora\u0027s Box","Mummified Hand","Necronomicon","Letter Opener","Blue Candle","Centennial Puzzle","Strawberry","Snecko Eye","Old Coin","Nunchaku","Kunai","Orichalcum","Emotion Chip","Happy Flower","PreservedInsect","Bag of Marbles","Vajra","Anchor"],"potions_floor_usage":[55],"damage_taken":[{"damage":2.0,"enemies":"2 Louse","floor":1.0,"turns":3.0},{"damage":2.0,"enemies":"Small Slimes","floor":2.0,"turns":4.0},{"damage":0.0,"enemies":"Jaw Worm","floor":4.0,"turns":4.0},{"damage":28.0,"enemies":"Lagavulin","floor":6.0,"turns":10.0},{"damage":9.0,"enemies":"Looter","floor":7.0,"turns":3.0},{"damage":8.0,"enemies":"Gremlin Nob","floor":11.0,"turns":3.0},{"damage":15.0,"enemies":"The Guardian","floor":16.0,"turns":9.0},{"damage":0.0,"enemies":"Chosen","floor":18.0,"turns":3.0},{"damage":12.0,"enemies":"Gremlin Leader","floor":24.0,"turns":4.0},{"damage":0.0,"enemies":"Shell Parasite","floor":25.0,"turns":1.0},{"damage":16.0,"enemies":"Slavers","floor":27.0,"turns":2.0},{"damage":9.0,"enemies":"Snake Plant","floor":28.0,"turns":2.0},{"damage":0.0,"enemies":"Centurion and Healer","floor":29.0,"turns":2.0},{"damage":2.0,"enemies":"Automaton","floor":33.0,"turns":6.0},{"damage":0.0,"enemies":"3 Shapes","floor":35.0,"turns":3.0},{"damage":0.0,"enemies":"Mind Bloom Boss Battle","floor":36.0,"turns":2.0},{"damage":1.0,"enemies":"2 Orb Walkers","floor":38.0,"turns":2.0},{"damage":0.0,"enemies":"Giant Head","floor":40.0,"turns":5.0},{"damage":0.0,"enemies":"3 Darklings","floor":46.0,"turns":2.0},{"damage":0.0,"enemies":"Writhing Mass","floor":47.0,"turns":3.0},{"damage":0.0,"enemies":"Jaw Worm Horde","floor":48.0,"turns":2.0},{"damage":0.0,"enemies":"Donu and Deca","floor":50.0,"turns":5.0},{"damage":0.0,"enemies":"Shield and Spear","floor":54.0,"turns":1.0},{"damage":21,"enemies":"The Heart","floor":55,"turns":3}],"seed_played":"-7730262417430026083","potions_obtained":[{"floor":4.0,"key":"LiquidBronze"},{"floor":7.0,"key":"Dexterity Potion"},{"floor":11.0,"key":"Poison Potion"},{"floor":16.0,"key":"Explosive Potion"},{"floor":18.0,"key":"Swift Potion"},{"floor":25.0,"key":"Energy Potion"},{"floor":27.0,"key":"Fire Potion"},{"floor":33.0,"key":"PowerPotion"},{"floor":38.0,"key":"Swift Potion"}],"is_trial":false,"path_per_floor":["M","M","$","M","?","E","M","R","T","?","E","$","?","?","R","B",null,"M","$","?","?","?","R","E","M","T","E","M","M","R","T","R","B",null,"M","?","?","?","?","E","$","R","T","R","$","M","M","M","R","B",null,"R","$","E","B",null],"character_chosen":"DEFECT","items_purchased":["Toxic Egg 2","Double Energy+1","Bronze Scales","Mummified Hand","Orichalcum","Emotion Chip","Happy Flower","PreservedInsect","Bag of Marbles","Vajra","Buffer","Defragment","Tempest+1"],"campfire_rested":2,"item_purchase_floors":[3,3,12,19,41,41,41,41,41,41,41,45,53],"current_hp_per_floor":[66,64,64,64,53,25,16,36,36,29,21,21,21,43,43,28,68,68,68,68,52,52,52,40,40,40,24,15,15,35,42,42,40,75,75,75,75,74,74,74,74,74,74,74,74,74,74,74,74,74,75,75,75,75,54],"gold":69,"neow_bonus":"TWO_FIFTY_GOLD","is_prod":false,"is_daily":false,"chose_seed":false,"campfire_upgraded":6,"win_rate":0,"timestamp":1564182998,"path_taken":["M","M","$","M","?","E","M","R","T","?","E","$","?","?","R","BOSS","M","$","?","?","?","R","E","M","T","E","M","M","R","?","R","BOSS","M","?","?","?","?","E","$","R","T","R","$","?","M","M","R","BOSS","R","$","E","BOSS"],"build_version":"2019-07-17","purchased_purges":2,"victory":true,"max_hp_per_floor":[68,68,68,68,68,68,68,68,68,68,68,68,68,68,68,68,68,68,68,68,68,68,68,68,68,68,68,68,68,68,75,75,75,75,75,75,75,75,75,75,75,75,75,75,75,75,75,75,75,75,75,75,75,75,75],"card_choices":[{"not_picked":["Redo","Turbo","Lockon"],"picked":"SKIP","floor":1.0},{"not_picked":["Hello World","Steam Power"],"picked":"Cold Snap","floor":2.0},{"not_picked":["Aggregate+1","Hello World"],"picked":"Coolheaded+1","floor":4.0},{"not_picked":["Self Repair","Skim+1"],"picked":"Streamline","floor":6.0},{"not_picked":["Turbo+1","Stack+1"],"picked":"FTL","floor":7.0},{"not_picked":["Go for the Eyes","Redo+1"],"picked":"Ball Lightning","floor":11.0},{"not_picked":["Core Surge","Multi-Cast+1"],"picked":"Meteor Strike","floor":16.0},{"not_picked":["Turbo+1","Leap+1"],"picked":"Static Discharge+1","floor":18.0},{"not_picked":["Beam Cell","Fusion+1"],"picked":"Undo+1","floor":24.0},{"not_picked":["Leap+1","Stack+1"],"picked":"Conserve Battery+1","floor":25.0},{"not_picked":["Turbo+1","Coolheaded+1"],"picked":"Defragment","floor":27.0},{"not_picked":["Ball Lightning","Scrape"],"picked":"Leap+1","floor":28.0},{"not_picked":["Barrage+1","Beam Cell","Cold Snap+1"],"picked":"SKIP","floor":29.0},{"not_picked":["Amplify+1","All For One"],"picked":"Fission+1","floor":33.0},{"not_picked":["Streamline+1","Beam Cell+1"],"picked":"Skim+1","floor":35.0},{"not_picked":["Sweeping Beam+1","Undo+1"],"picked":"Conserve Battery+1","floor":36.0},{"not_picked":["Gash","Beam Cell+1"],"picked":"Loop","floor":38.0},{"not_picked":["Streamline","Cold Snap+1"],"picked":"Reinforced Body+1","floor":40.0},{"not_picked":["Darkness+1","Blizzard","Streamline"],"picked":"SKIP","floor":46.0},{"not_picked":["Reinforced Body+1","Coolheaded+1"],"picked":"Static Discharge","floor":47.0},{"not_picked":["Aggregate+1","Cold Snap"],"picked":"Turbo+1","floor":48.0},{"not_picked":["Undo+1","Hello World","Reprogram+1"],"picked":"SKIP","floor":54.0}],"player_experience":331662,"relics_obtained":[{"floor":6.0,"key":"Art of War"},{"floor":9.0,"key":"Bag of Preparation"},{"floor":11.0,"key":"The Courier"},{"floor":21.0,"key":"Necronomicon"},{"floor":24.0,"key":"Letter Opener"},{"floor":26.0,"key":"Blue Candle"},{"floor":27.0,"key":"Centennial Puzzle"},{"floor":31.0,"key":"Strawberry"},{"floor":36.0,"key":"Old Coin"},{"floor":38.0,"key":"Nunchaku"},{"floor":40.0,"key":"Kunai"},{"floor":54.0,"key":"Anchor"}],"event_choices":[{"damage_healed":0.0,"max_hp_gain":0.0,"max_hp_loss":0.0,"gold_gain":75.0,"event_name":"World of Goop","player_choice":"Gather Gold","floor":5.0,"gold_loss":0.0,"damage_taken":11.0},{"damage_healed":0.0,"max_hp_gain":0.0,"max_hp_loss":0.0,"gold_gain":0.0,"event_name":"Scrap Ooze","player_choice":"Success","floor":10.0,"gold_loss":0.0,"damage_taken":7.0,"relics_obtained":["DataDisk"]},{"damage_healed":0.0,"max_hp_gain":0.0,"max_hp_loss":0.0,"gold_gain":0.0,"event_name":"Golden Idol","player_choice":"Take Wound","floor":13.0,"gold_loss":0.0,"damage_taken":0.0,"relics_obtained":["Golden Idol"],"cards_obtained":["Injury"]},{"damage_healed":22.0,"max_hp_gain":0.0,"max_hp_loss":0.0,"gold_gain":0.0,"event_name":"Big Fish","player_choice":"Banana","floor":14.0,"gold_loss":0.0,"damage_taken":0.0},{"cards_removed":["Injury"],"damage_healed":0.0,"max_hp_gain":0.0,"max_hp_loss":0.0,"gold_gain":0.0,"event_name":"Back to Basics","player_choice":"Elegance","floor":20.0,"gold_loss":0.0,"damage_taken":0.0},{"damage_healed":0.0,"max_hp_gain":0.0,"max_hp_loss":0.0,"gold_gain":0.0,"event_name":"Cursed Tome","player_choice":"Obtained Book","floor":21.0,"gold_loss":0.0,"damage_taken":16.0},{"damage_healed":0.0,"max_hp_gain":0.0,"max_hp_loss":0.0,"gold_gain":0.0,"event_name":"Vampires","player_choice":"Ignored","floor":22.0,"gold_loss":0.0,"damage_taken":0.0},{"damage_healed":0.0,"max_hp_gain":0.0,"max_hp_loss":0.0,"gold_gain":0.0,"event_name":"MindBloom","player_choice":"Fight","floor":36.0,"gold_loss":0.0,"damage_taken":0.0},{"cards_removed":["Dualcast"],"damage_healed":0.0,"max_hp_gain":0.0,"max_hp_loss":0.0,"gold_gain":0.0,"event_name":"Falling","player_choice":"Removed Skill","floor":37.0,"gold_loss":0.0,"damage_taken":0.0},{"damage_healed":0.0,"max_hp_gain":0.0,"max_hp_loss":0.0,"gold_gain":0.0,"event_name":"Mysterious Sphere","player_choice":"Fight","floor":38.0,"gold_loss":0.0,"damage_taken":0.0},{"damage_healed":0.0,"max_hp_gain":0.0,"max_hp_loss":0.0,"gold_gain":333.0,"event_name":"The Moai Head","player_choice":"Gave Idol","floor":39.0,"relics_lost":["Golden Idol"],"gold_loss":0.0,"damage_taken":0.0}],"is_beta":false,"boss_relics":[{"not_picked":["Lizard Tail","Tiny House"],"picked":"Pandora\u0027s Box"},{"not_picked":["Nuclear Battery","Runic Pyramid"],"picked":"Snecko Eye"}],"items_purged_floors":[12,45],"is_endless":false,"potions_floor_spawned":[4,7,11,16,18,25,27,33,38,48],"ascension_level":0}