{"gold_per_floor":[113,132,147,165,181,195,227,227,254,271,346,346,358,369,369,474,474,493,508,518,247,265,265],"floor_reached":23,"playtime":978,"items_purged":["Strike_R"],"score":201,"play_id":"26ce255a-24d7-4095-957a-5cfe8fde35d7","local_time":"20190712171147","is_ascension_mode":false,"campfire_choices":[{"data":"Berserk","floor":8,"key":"SMITH"},{"data":"Rampage","floor":15,"key":"SMITH"}],"neow_cost":"NONE","seed_source_timestamp":22733626255200,"circlet_count":0,"master_deck":["Strike_R","Strike_R","Strike_R","Defend_R","Defend_R","Defend_R","Defend_R","Bash","Feel No Pain","Rampage+1","Clash","Clothesline","Metallicize","Sever Soul","Berserk+1","Flex","Burning Pact","Armaments","Barricade","Feel No Pain+1","Corruption","Havoc","Blood for Blood","Sentinel","PanicButton","Armaments"],"relics":["Burning Blood"],"potions_floor_usage":[7,10,19,20,22,23,23],"damage_taken":[{"damage":0,"enemies":"2 Louse","floor":1,"turns":3},{"damage":6,"enemies":"Jaw Worm","floor":2,"turns":6},{"damage":6,"enemies":"Cultist","floor":3,"turns":3},{"damage":0,"enemies":"3 Louse","floor":4,"turns":2},{"damage":18,"enemies":"Blue Slaver","floor":5,"turns":4},{"damage":2,"enemies":"Large Slime","floor":6,"turns":7},{"damage":5,"enemies":"Gremlin Nob","floor":7,"turns":5},{"damage":9,"enemies":"Gremlin Gang","floor":10,"turns":6},{"damage":5,"enemies":"3 Louse","floor":13,"turns":4},{"damage":7,"enemies":"Looter","floor":14,"turns":2},{"damage":37,"enemies":"Hexaghost","floor":16,"turns":9},{"damage":40,"enemies":"3 Byrds","floor":18,"turns":8},{"damage":19,"enemies":"Shell Parasite","floor":19,"turns":8},{"damage":29,"enemies":"Snake Plant","floor":20,"turns":7},{"damage":12,"enemies":"Snecko","floor":22,"turns":7},{"damage":34,"enemies":"Book of Stabbing","floor":23,"turns":10}],"seed_played":"8589363334705297187","potions_obtained":[{"floor":3,"key":"EssenceOfSteel"},{"floor":4,"key":"Fire Potion"},{"floor":5,"key":"Block Potion"},{"floor":13,"key":"BloodPotion"},{"floor":18,"key":"SneckoOil"},{"floor":19,"key":"Dexterity Potion"},{"floor":20,"key":"Dexterity Potion"}],"is_trial":false,"path_per_floor":["M","M","M","M","M","M","E","R","T","M","?","?","M","M","R","B",null,"M","M","M","$","M","E"],"character_chosen":"IRONCLAD","items_purchased":["Blood for Blood","Sentinel","PanicButton"],"campfire_rested":0,"item_purchase_floors":[21,21,21],"current_hp_per_floor":[88,88,88,88,76,80,81,81,81,78,67,60,61,60,60,29,88,54,63,40,40,34,0],"gold":265,"neow_bonus":"TEN_PERCENT_HP_BONUS","is_prod":false,"is_daily":false,"chose_seed":false,"campfire_upgraded":2,"win_rate":0,"timestamp":1562965907,"path_taken":["M","M","M","M","M","M","E","R","T","M","?","?","?","M","R","BOSS","M","M","?","$","M","E"],"build_version":"2019-07-05","purchased_purges":1,"victory":false,"max_hp_per_floor":[88,88,88,88,88,88,88,88,88,88,88,88,88,88,88,88,88,88,88,88,88,88,88],"card_choices":[{"not_picked":["Sword Boomerang","Iron Wave"],"picked":"Feel No Pain","floor":1},{"not_picked":["Searing Blow","Dropkick"],"picked":"Rampage","floor":2},{"not_picked":["Body Slam","Cleave"],"picked":"Clash","floor":3},{"not_picked":["Dual Wield","Heavy Blade"],"picked":"Clothesline","floor":4},{"not_picked":["Evolve","Hemokinesis"],"picked":"Metallicize","floor":5},{"not_picked":["Cleave","Clash"],"picked":"Sever Soul","floor":6},{"not_picked":["Heavy Blade","Whirlwind"],"picked":"Berserk","floor":7},{"not_picked":["Clash","Body Slam"],"picked":"Flex","floor":10},{"not_picked":["Twin Strike","Body Slam"],"picked":"Burning Pact","floor":13},{"not_picked":["Sentinel","Warcry"],"picked":"Armaments","floor":14},{"not_picked":["Feed","Reaper"],"picked":"Barricade","floor":16},{"not_picked":["Shrug It Off+1","Anger"],"picked":"Feel No Pain+1","floor":18},{"not_picked":["Headbutt","Warcry"],"picked":"Corruption","floor":19},{"not_picked":["Twin Strike","Warcry"],"picked":"Havoc","floor":20},{"not_picked":["Perfected Strike","Clothesline"],"picked":"Armaments","floor":22}],"player_experience":1856625,"relics_obtained":[],"event_choices":[{"damage_healed":0,"gold_gain":75,"player_choice":"Gather Gold","damage_taken":11,"max_hp_gain":0,"max_hp_loss":0,"event_name":"World of Goop","floor":11,"gold_loss":0},{"cards_removed":["Strike_R"],"damage_healed":0,"gold_gain":0,"player_choice":"Card Removal","damage_taken":7,"max_hp_gain":0,"max_hp_loss":0,"event_name":"Golden Wing","floor":12,"gold_loss":0}],"is_beta":false,"boss_relics":[{"not_picked":["Cursed Key","Fusion Hammer","Lizard Tail"]}],"items_purged_floors":[21],"is_endless":false,"potions_floor_spawned":[3,4,5,13,18,19,20],"killed_by":"Book of Stabbing","ascension_level":0}