{"gold_per_floor":[111,37,51,51,67,67,79,106,158,174,174,205,215,226,226,226],"floor_reached":16,"playtime":1524,"items_purged":[],"score":205,"play_id":"f4b0ed49-2c78-4988-b25d-76da615738fb","local_time":"20190625011328","is_ascension_mode":true,"campfire_choices":[{"data":"Noxious Fumes","floor":6.0,"key":"SMITH"},{"data":"After Image","floor":11.0,"key":"SMITH"},{"data":"Catalyst","floor":15.0,"key":"SMITH"}],"neow_cost":"TEN_PERCENT_HP_LOSS","seed_source_timestamp":1025857091786310,"circlet_count":0,"master_deck":["AscendersBane","Defend_G","Defend_G","Defend_G","Defend_G","Defend_G","Strike_G","Strike_G","Strike_G","Strike_G","Strike_G","Survivor","Neutralize","After Image+1","Dagger Spray","Noxious Fumes+1","Backflip","Bane","Deadly Poison","Calculated Gamble","Catalyst+1","Bullet Time","PiercingWail"],"special_seed":0,"relics":["Ring of the Snake","CultistMask","Ninja Scroll","Art of War","Snake Skull"],"potions_floor_usage":[16],"damage_taken":[{"damage":0.0,"enemies":"Jaw Worm","floor":1.0,"turns":8.0},{"damage":6.0,"enemies":"Cultist","floor":3.0,"turns":5.0},{"damage":0.0,"enemies":"Small Slimes","floor":5.0,"turns":4.0},{"damage":7.0,"enemies":"Gremlin Gang","floor":7.0,"turns":2.0},{"damage":6.0,"enemies":"Lagavulin","floor":8.0,"turns":7.0},{"damage":9.0,"enemies":"Red Slaver","floor":10.0,"turns":3.0},{"damage":14.0,"enemies":"Gremlin Nob","floor":12.0,"turns":5.0},{"damage":0.0,"enemies":"Lots of Slimes","floor":13.0,"turns":4.0},{"damage":0.0,"enemies":"Large Slime","floor":14.0,"turns":4.0},{"damage":30,"enemies":"Slime Boss","floor":16,"turns":6}],"seed_played":"-8747387391575875375","potions_obtained":[{"floor":1.0,"key":"Strength Potion"},{"floor":7.0,"key":"LiquidBronze"},{"floor":10.0,"key":"SkillPotion"},{"floor":14.0,"key":"Fruit Juice"}],"is_trial":false,"path_per_floor":["M","$","M","?","M","R","M","E","T","M","R","E","M","M","R","B"],"character_chosen":"THE_SILENT","items_purchased":["Noxious Fumes"],"campfire_rested":0,"item_purchase_floors":[2],"current_hp_per_floor":[59,59,53,53,53,53,46,40,40,31,31,17,17,17,17,0],"gold":226,"neow_bonus":"THREE_RARE_CARDS","is_prod":false,"is_daily":false,"chose_seed":false,"campfire_upgraded":3,"win_rate":0,"timestamp":1561414408,"path_taken":["M","$","M","?","M","R","?","E","T","M","R","E","M","M","R","BOSS"],"build_version":"2019-01-23","purchased_purges":0,"victory":false,"max_hp_per_floor":[60,60,60,60,60,60,60,60,60,60,60,60,60,60,60,65],"card_choices":[{"not_picked":["Malaise","Phantasmal Killer"],"picked":"After Image","floor":0.0},{"not_picked":["Expertise","Catalyst"],"picked":"Dagger Spray","floor":1.0},{"not_picked":["Dagger Throw","Accuracy"],"picked":"Backflip","floor":3.0},{"not_picked":["Prepared","Tactician"],"picked":"Bane","floor":5.0},{"not_picked":["Backflip","Quick Slash"],"picked":"Deadly Poison","floor":7.0},{"not_picked":["Caltrops","Outmaneuver","Dagger Spray"],"picked":"SKIP","floor":8.0},{"not_picked":["Dagger Throw","Heel Hook"],"picked":"Calculated Gamble","floor":10.0},{"not_picked":["Well Laid Plans","Deflect"],"picked":"Catalyst","floor":12.0},{"not_picked":["Calculated Gamble","Flying Knee"],"picked":"Bullet Time","floor":13.0},{"not_picked":["Deadly Poison","Expertise"],"picked":"PiercingWail","floor":14.0}],"player_experience":518310,"relics_obtained":[{"floor":8.0,"key":"Ninja Scroll"},{"floor":9.0,"key":"Art of War"},{"floor":12.0,"key":"Snake Skull"}],"event_choices":[{"damage_healed":0.0,"max_hp_gain":0.0,"max_hp_loss":0.0,"gold_gain":0.0,"event_name":"FaceTrader","player_choice":"Trade","floor":4.0,"gold_loss":0.0,"damage_taken":0.0,"relics_obtained":["CultistMask"]}],"is_beta":false,"boss_relics":[],"items_purged_floors":[],"is_endless":false,"potions_floor_spawned":[1,7,10,14],"killed_by":"Slime Boss","ascension_level":16}