{"gold_per_floor":[111,123,123,123,141,171,171,205,205,16,16,44,63,74,74,174,174,193,213,65,77,177,203,203,238,307,338,338,355,371,383,383,483,483,500,500,511,511,530,564,564,599,625,193,219,219,238,238,238,238,238,238,24,53,53],"floor_reached":56,"playtime":11595,"items_purged":["Strike_G","Pain"],"score":2444,"play_id":"48d6112e-8568-462e-a585-4933201b9fab","local_time":"20190623012914","is_ascension_mode":true,"campfire_choices":[{"data":"Neutralize","floor":7.0,"key":"SMITH"},{"floor":11.0,"key":"REST"},{"data":"Well Laid Plans","floor":15.0,"key":"SMITH"},{"data":"After Image","floor":24.0,"key":"SMITH"},{"data":"Footwork","floor":28,"key":"SMITH"},{"data":"1","floor":32,"key":"LIFT"},{"floor":49,"key":"RECALL"},{"data":"2","floor":52,"key":"LIFT"}],"neow_cost":"PERCENT_DAMAGE","seed_source_timestamp":0,"circlet_count":0,"master_deck":["AscendersBane","Defend_G","Defend_G","Defend_G","Defend_G","Strike_G","Strike_G","Strike_G","Survivor","Neutralize+1","Sucker Punch","Cloak And Dagger","Blur","Sucker Punch","Well Laid Plans+1","Backflip","Slice+1","Blur","Sucker Punch+1","Die Die Die+1","Quick Slash+1","Predator+1","Footwork+1","Expertise","Acrobatics+1","After Image+1","Underhanded Strike+1","PiercingWail+1","Dodge and Roll+1","Acrobatics+1","Malaise+1","Expertise+1","Blur+1","Dodge and Roll+1","Poisoned Stab+1","Deadly Poison+1","Backflip+1","Infinite Blades","Catalyst+1","Concentrate+1","Caltrops","Noxious Fumes","Caltrops","Footwork","Well Laid Plans"],"special_seed":0,"relics":["Ring of the Snake","Thread and Needle","Paper Crane","Strawberry","Anchor","Torii","Bronze Scales","Molten Egg 2","HoveringKite","Girya","Singing Bowl","Calipers","Juzu Bracelet","Toxic Egg 2","Art of War","Runic Dome","WarpedTongs","Sundial","Smiling Mask","Bottled Tornado","Mercury Hourglass","The Courier","Vajra"],"potions_floor_usage":[33],"damage_taken":[{"damage":7.0,"enemies":"Jaw Worm","floor":1.0,"turns":6.0},{"damage":0.0,"enemies":"Cultist","floor":2.0,"turns":4.0},{"damage":0.0,"enemies":"2 Louse","floor":5.0,"turns":3.0},{"damage":15.0,"enemies":"Gremlin Nob","floor":6.0,"turns":7.0},{"damage":22.0,"enemies":"Lagavulin","floor":8.0,"turns":12.0},{"damage":0.0,"enemies":"Gremlin Nob","floor":12.0,"turns":5.0},{"damage":0.0,"enemies":"Looter","floor":13.0,"turns":2.0},{"damage":0.0,"enemies":"3 Louse","floor":14.0,"turns":3.0},{"damage":19.0,"enemies":"Slime Boss","floor":16.0,"turns":12.0},{"damage":1.0,"enemies":"Spheric Guardian","floor":18.0,"turns":6.0},{"damage":0.0,"enemies":"Shell Parasite","floor":19.0,"turns":5.0},{"damage":0.0,"enemies":"Cultist and Chosen","floor":21.0,"turns":6.0},{"damage":0.0,"enemies":"Colosseum Slavers","floor":22.0,"turns":5.0},{"damage":0.0,"enemies":"Colosseum Nobs","floor":22.0,"turns":6.0},{"damage":7.0,"enemies":"Slavers","floor":23.0,"turns":5.0},{"damage":0.0,"enemies":"Book of Stabbing","floor":25.0,"turns":7.0},{"damage":1.0,"enemies":"Slavers","floor":27.0,"turns":5.0},{"damage":12,"enemies":"Sentry and Sphere","floor":29,"turns":6},{"damage":0,"enemies":"Snake Plant","floor":30,"turns":4},{"damage":0,"enemies":"Cultist and Chosen","floor":31,"turns":7},{"damage":0,"enemies":"Automaton","floor":33,"turns":17},{"damage":0,"enemies":"3 Shapes","floor":35,"turns":4},{"damage":0,"enemies":"Orb Walker","floor":37,"turns":4},{"damage":0,"enemies":"Sphere and 2 Shapes","floor":39,"turns":5},{"damage":6,"enemies":"Giant Head","floor":40,"turns":14},{"damage":0,"enemies":"Reptomancer","floor":42,"turns":10},{"damage":0,"enemies":"Giant Head","floor":45,"turns":11},{"damage":0,"enemies":"Transient","floor":47,"turns":5},{"damage":0,"enemies":"Awakened One","floor":50,"turns":16},{"damage":0,"enemies":"Shield and Spear","floor":54,"turns":9},{"damage":0,"enemies":"The Heart","floor":55,"turns":10}],"seed_played":"8844053176170705308","potions_obtained":[{"floor":1.0,"key":"GhostInAJar"},{"floor":6.0,"key":"Energy Potion"},{"floor":13.0,"key":"GhostInAJar"},{"floor":16.0,"key":"PowerPotion"},{"floor":30,"key":"Fruit Juice"},{"floor":35,"key":"SteroidPotion"},{"floor":37,"key":"EntropicBrew"},{"floor":41,"key":"LiquidBronze"}],"is_trial":false,"path_per_floor":["M","M","?","T","M","E","R","E","T","$","R","E","M","M","R","B",null,"M","M","$","M","?","E","R","E","T","E","R","M","M","M","R","B",null,"M","?","M","?","M","E","?","E","T","$","E","T","M","?","R","B",null,"R","$","E","B",null],"character_chosen":"THE_SILENT","items_purchased":["Bronze Scales","Backflip","Footwork","Deadly Poison+1","Backflip+1","Bottled Tornado","Infinite Blades","Caltrops","Noxious Fumes","Caltrops","Footwork"],"campfire_rested":1,"item_purchase_floors":[10,10,20,44,44,44,44,53,53,53,53],"current_hp_per_floor":[38,38,61,61,61,53,53,31,31,31,54,54,54,54,54,35,67,66,66,66,66,66,59,59,59,59,60,60,48,48,48,48,53,76,78,78,78,78,78,72,72,72,72,72,72,72,72,72,72,72,83,83,83,83,83],"gold":53,"neow_bonus":"ONE_RARE_RELIC","is_prod":false,"is_daily":false,"chose_seed":false,"campfire_upgraded":4,"win_rate":0,"timestamp":1561242554,"path_taken":["M","M","?","?","?","E","R","E","T","$","R","E","M","M","R","BOSS","M","M","$","M","?","E","R","E","T","E","R","M","M","M","R","BOSS","M","?","M","?","M","E","?","E","T","$","E","?","M","?","R","BOSS","R","$","E","BOSS"],"build_version":"2019-01-23","purchased_purges":2,"victory":true,"max_hp_per_floor":[70,70,70,70,70,77,77,77,77,77,77,77,77,77,77,77,77,77,77,77,77,77,77,77,77,77,79,79,79,79,79,79,84,84,86,86,86,86,86,86,86,86,86,86,86,86,86,86,86,86,86,86,86,86,86],"card_choices":[{"not_picked":["Escape Plan","Blade Dance"],"picked":"Sucker Punch","floor":1.0},{"not_picked":["Reflex","Acrobatics"],"picked":"Cloak And Dagger","floor":2.0},{"not_picked":["Night Terror","Escape Plan"],"picked":"Blur","floor":5.0},{"not_picked":["Dagger Throw","Finisher"],"picked":"Sucker Punch","floor":6.0},{"not_picked":["Blade Dance","Dagger Throw"],"picked":"Well Laid Plans","floor":8.0},{"not_picked":["Backflip","Catalyst"],"picked":"Slice","floor":12.0},{"not_picked":["Dagger Throw+1","Quick Slash+1"],"picked":"Blur","floor":13.0},{"not_picked":["Endless Agony+1","Dagger Throw+1"],"picked":"Sucker Punch+1","floor":14.0},{"not_picked":["Wraith Form v2","Glass Knife+1"],"picked":"Die Die Die+1","floor":16.0},{"not_picked":["Flying Knee+1","Dagger Spray+1"],"picked":"Quick Slash+1","floor":18.0},{"not_picked":["Flechettes+1","Deadly Poison"],"picked":"Predator+1","floor":19.0},{"not_picked":["Catalyst","Riddle With Holes+1"],"picked":"Expertise","floor":21.0},{"not_picked":["Deadly Poison","Crippling Poison"],"picked":"Acrobatics+1","floor":22.0},{"not_picked":["Footwork","Bane+1"],"picked":"After Image","floor":23.0},{"not_picked":["Distraction","Dagger Spray+1"],"picked":"Underhanded Strike+1","floor":25.0},{"not_picked":["Dagger Spray+1","Prepared+1","Blade Dance+1"],"picked":"Singing Bowl","floor":27},{"not_picked":["Bane+1","Concentrate+1"],"picked":"PiercingWail+1","floor":29},{"not_picked":["Cloak And Dagger+1","Dash+1"],"picked":"Dodge and Roll+1","floor":30},{"not_picked":["Infinite Blades","Flechettes+1"],"picked":"Acrobatics+1","floor":31},{"not_picked":["Tools of the Trade","Night Terror+1"],"picked":"Malaise+1","floor":33},{"not_picked":["Choke+1","Dagger Throw+1","Sucker Punch+1"],"picked":"Singing Bowl","floor":35},{"not_picked":["Outmaneuver+1","Sucker Punch+1"],"picked":"Expertise+1","floor":37},{"not_picked":["Flying Knee+1","Poisoned Stab+1"],"picked":"Blur+1","floor":39},{"not_picked":["Venomology+1","Bane+1"],"picked":"Dodge and Roll+1","floor":40},{"not_picked":["Backstab+1","All Out Attack+1"],"picked":"Poisoned Stab+1","floor":42},{"not_picked":["Bane+1","Flying Knee+1"],"picked":"Catalyst+1","floor":45},{"not_picked":["Slice+1","Phantasmal Killer+1"],"picked":"Concentrate+1","floor":47},{"not_picked":["Quick Slash+1","Poisoned Stab+1"],"picked":"Well Laid Plans","floor":54}],"player_experience":418456,"relics_obtained":[{"floor":4.0,"key":"Paper Crane"},{"floor":6.0,"key":"Strawberry"},{"floor":8.0,"key":"Anchor"},{"floor":9.0,"key":"Torii"},{"floor":12.0,"key":"Molten Egg 2"},{"floor":22.0,"key":"Girya"},{"floor":22.0,"key":"Singing Bowl"},{"floor":23.0,"key":"Calipers"},{"floor":25.0,"key":"Juzu Bracelet"},{"floor":26.0,"key":"Toxic Egg 2"},{"floor":27,"key":"Art of War"},{"floor":40,"key":"Sundial"},{"floor":42,"key":"Smiling Mask"},{"floor":45,"key":"Mercury Hourglass"},{"floor":46,"key":"The Courier"},{"floor":54,"key":"Vajra"}],"event_choices":[{"damage_healed":23.0,"max_hp_gain":0.0,"max_hp_loss":0.0,"gold_gain":0.0,"event_name":"Big Fish","player_choice":"Banana","floor":3.0,"gold_loss":0.0,"damage_taken":0.0},{"damage_healed":0.0,"max_hp_gain":0.0,"max_hp_loss":0.0,"gold_gain":0.0,"event_name":"Colosseum","player_choice":"Fight","floor":22.0,"gold_loss":0.0,"damage_taken":0.0},{"damage_healed":0.0,"max_hp_gain":0.0,"max_hp_loss":0.0,"gold_gain":0.0,"event_name":"Colosseum","player_choice":"Fought Nobs","floor":22.0,"gold_loss":0.0,"damage_taken":0.0},{"cards_removed":["Defend_G"],"damage_healed":0,"gold_gain":0,"player_choice":"Removed Skill","damage_taken":0,"max_hp_gain":0,"max_hp_loss":0,"event_name":"Falling","floor":36,"gold_loss":0},{"damage_healed":0,"gold_gain":0,"player_choice":"Rummage","damage_taken":0,"relics_obtained":["WarpedTongs"],"max_hp_gain":0,"max_hp_loss":0,"event_name":"Accursed Blacksmith","floor":38,"gold_loss":0,"cards_obtained":["Pain"]},{"damage_healed":0,"gold_gain":0,"player_choice":"Got Potions","damage_taken":0,"max_hp_gain":0,"max_hp_loss":0,"event_name":"Lab","floor":41,"gold_loss":0},{"cards_removed":["Strike_G"],"damage_healed":0,"gold_gain":0,"player_choice":"Purged","damage_taken":0,"max_hp_gain":0,"max_hp_loss":0,"event_name":"Purifier","floor":48,"gold_loss":0}],"is_beta":false,"boss_relics":[{"not_picked":["Orrery","Ectoplasm"],"picked":"HoveringKite"},{"not_picked":["Black Star","Eternal Feather"],"picked":"Runic Dome"}],"items_purged_floors":[20,44],"is_endless":false,"potions_floor_spawned":[1,6,13,16,18,21,23,25,30,35,37,45,47],"ascension_level":12}