{"gold_per_floor":[111,126,136,102,102,130,141,141,141,155,182,198,217,237,237,338,338,350,363,377,159,170,202,202,230,230,260,260,294,304,304,304,408,408,428,443,456,470,148,177,195,224,224,137,166,166,266,293,293,293,293,293,0,26,26],"floor_reached":56,"playtime":10226,"items_purged":["Strike_R","Blood for Blood","Rage","Bash"],"score":1751,"play_id":"92fc1734-f67f-4898-bf40-f8142414da53","local_time":"20190614234218","is_ascension_mode":true,"campfire_choices":[{"floor":8.0,"key":"REST"},{"data":"Corruption","floor":15.0,"key":"SMITH"},{"data":"Flame Barrier","floor":24.0,"key":"SMITH"},{"data":"Double Tap","floor":32.0,"key":"SMITH"},{"floor":46.0,"key":"RECALL"},{"data":"Offering","floor":49.0,"key":"SMITH"},{"data":"Burning Pact","floor":52.0,"key":"SMITH"}],"neow_cost":"NONE","seed_source_timestamp":0,"circlet_count":0,"master_deck":["Double Tap+1","Infernal Blade","Headbutt","Corruption+1","Burning Pact+1","Anger","Clothesline","Metallicize+1","Pommel Strike","Havoc","Body Slam","Reaper","Shrug It Off","Shockwave","Inflame+1","Flame Barrier+1","Corruption+1","Pommel Strike","Dark Embrace+1","Shrug It Off+1","Ghostly","Ghostly","Ghostly","Ghostly","Ghostly","Juggernaut+1","Havoc","Exhume","Ghostly Armor","Spot Weakness","Demon Form+1","Seeing Red","Shockwave","Pommel Strike+1","Armaments+1","Warcry+1","Power Through+1","Metallicize+1","Offering+1","Seeing Red","Burning Pact","Offering","Ghostly Armor","Spot Weakness+1","Sentinel","Panache+1","Shrug It Off+1"],"special_seed":0,"relics":["Burning Blood","Strawberry","Frozen Egg 2","Ancient Tea Set","Bronze Scales","Sozu","WingedGreaves","Centennial Puzzle","Matryoshka","Red Skull","Pear","Pandora\u0027s Box","Mercury Hourglass","Nunchaku","Smiling Mask","Juzu Bracelet","Magic Flower","Torii","Ginger"],"potions_floor_usage":[55],"damage_taken":[{"damage":7.0,"enemies":"2 Louse","floor":1.0,"turns":4.0},{"damage":7.0,"enemies":"Jaw Worm","floor":2.0,"turns":4.0},{"damage":0.0,"enemies":"Small Slimes","floor":3.0,"turns":3.0},{"damage":55.0,"enemies":"Lagavulin","floor":6.0,"turns":6.0},{"damage":16.0,"enemies":"Blue Slaver","floor":7.0,"turns":4.0},{"damage":9.0,"enemies":"2 Fungi Beasts","floor":10.0,"turns":3.0},{"damage":16.0,"enemies":"Gremlin Nob","floor":11.0,"turns":3.0},{"damage":3.0,"enemies":"Large Slime","floor":12.0,"turns":6.0},{"damage":6.0,"enemies":"Exordium Wildlife","floor":13.0,"turns":3.0},{"damage":12.0,"enemies":"Blue Slaver","floor":14.0,"turns":3.0},{"damage":5.0,"enemies":"Hexaghost","floor":16.0,"turns":6.0},{"damage":39.0,"enemies":"2 Thieves","floor":18.0,"turns":4.0},{"damage":18.0,"enemies":"Shell Parasite","floor":19.0,"turns":6.0},{"damage":3.0,"enemies":"Chosen and Byrds","floor":20.0,"turns":3.0},{"damage":13.0,"enemies":"3 Cultists","floor":22.0,"turns":4.0},{"damage":71.0,"enemies":"Slavers","floor":23.0,"turns":5.0},{"damage":12.0,"enemies":"Book of Stabbing","floor":25.0,"turns":3.0},{"damage":24.0,"enemies":"Slavers","floor":27.0,"turns":4.0},{"damage":14.0,"enemies":"Book of Stabbing","floor":29.0,"turns":4.0},{"damage":0.0,"enemies":"Snake Plant","floor":30.0,"turns":5.0},{"damage":48.0,"enemies":"Automaton","floor":33.0,"turns":9.0},{"damage":25.0,"enemies":"3 Darklings","floor":35.0,"turns":4.0},{"damage":1.0,"enemies":"Orb Walker","floor":36.0,"turns":4.0},{"damage":0.0,"enemies":"Spire Growth","floor":37.0,"turns":4.0},{"damage":18.0,"enemies":"4 Shapes","floor":38.0,"turns":5.0},{"damage":5.0,"enemies":"Nemesis","floor":40.0,"turns":5.0},{"damage":4.0,"enemies":"Writhing Mass","floor":41.0,"turns":6.0},{"damage":2.0,"enemies":"Reptomancer","floor":42.0,"turns":3.0},{"damage":3.0,"enemies":"Giant Head","floor":45.0,"turns":3.0},{"damage":6.0,"enemies":"Mind Bloom Boss Battle","floor":47.0,"turns":4.0},{"damage":8.0,"enemies":"Reptomancer","floor":48.0,"turns":5.0},{"damage":9.0,"enemies":"Awakened One","floor":50.0,"turns":5.0},{"damage":3.0,"enemies":"Shield and Spear","floor":54.0,"turns":3.0},{"damage":19,"enemies":"The Heart","floor":55,"turns":5}],"seed_played":"-321351504311970575","potions_obtained":[{"floor":1.0,"key":"Swift Potion"},{"floor":2.0,"key":"Fire Potion"},{"floor":11.0,"key":"EssenceOfSteel"},{"floor":12.0,"key":"Fire Potion"},{"floor":13.0,"key":"PowerPotion"},{"floor":14.0,"key":"Energy Potion"}],"is_trial":false,"path_per_floor":["M","M","M","$","?","E","M","R","T","M","E","M","M","M","R","B",null,"M","M","M","$","M","E","R","E","T","E","?","E","M","?","R","B",null,"M","M","M","M","$","E","M","E","T","$","E","R","?","E","R","B",null,"R","$","E","B",null],"character_chosen":"IRONCLAD","items_purchased":["Burning Pact","Flame Barrier","Corruption+1","Metallicize+1","Offering","Ghostly Armor","Sentinel","Panache+1"],"campfire_rested":1,"item_purchase_floors":[4,21,21,39,39,44,53,53],"current_hp_per_floor":[79,78,80,80,75,26,16,42,42,39,29,32,32,26,26,27,72,54,42,51,51,56,39,39,33,33,52,43,45,53,53,53,11,43,53,53,53,53,53,53,53,53,53,53,53,53,53,53,53,53,53,53,53,53,53],"gold":26,"neow_bonus":"ONE_RANDOM_RARE_CARD","is_prod":false,"is_daily":false,"chose_seed":false,"campfire_upgraded":5,"win_rate":0,"timestamp":1560544938,"path_taken":["M","M","M","$","?","E","M","R","T","M","E","M","M","M","R","BOSS","M","M","M","$","M","E","R","E","T","E","?","E","M","?","R","BOSS","M","M","M","M","$","E","?","E","T","$","E","R","?","E","R","BOSS","R","$","E","BOSS"],"build_version":"2019-01-23","purchased_purges":4,"victory":true,"max_hp_per_floor":[80,80,80,80,87,87,87,87,87,87,87,87,87,87,87,87,87,87,87,87,87,87,87,87,87,87,87,43,53,53,53,53,53,53,53,53,53,53,53,53,53,53,53,53,53,53,53,53,53,53,53,53,53,53,53],"card_choices":[{"not_picked":["Thunderclap","Intimidate"],"picked":"Infernal Blade","floor":1.0},{"not_picked":["Evolve","Wild Strike"],"picked":"Headbutt","floor":2.0},{"not_picked":["Iron Wave","Heavy Blade"],"picked":"Corruption","floor":3.0},{"not_picked":["Combust","Whirlwind"],"picked":"Anger","floor":6.0},{"not_picked":["Iron Wave","Heavy Blade"],"picked":"Clothesline","floor":7.0},{"not_picked":["Dropkick","Armaments"],"picked":"Metallicize+1","floor":10.0},{"not_picked":["Berserk+1","Hemokinesis","Warcry"],"picked":"SKIP","floor":11.0},{"not_picked":["Warcry","Twin Strike"],"picked":"Pommel Strike","floor":12.0},{"not_picked":["Flex","Armaments"],"picked":"Havoc","floor":13.0},{"not_picked":["Anger","Immolate"],"picked":"Body Slam","floor":14.0},{"not_picked":["Bludgeon","Barricade+1"],"picked":"Reaper","floor":16.0},{"not_picked":["Carnage+1","Havoc"],"picked":"Shrug It Off","floor":18.0},{"not_picked":["Body Slam","Heavy Blade+1"],"picked":"Shockwave","floor":19.0},{"not_picked":["Exhume","Armaments"],"picked":"Inflame+1","floor":20.0},{"not_picked":["Clash","Infernal Blade+1"],"picked":"Pommel Strike","floor":22.0},{"not_picked":["Carnage","Perfected Strike"],"picked":"Dark Embrace+1","floor":23.0},{"not_picked":["Perfected Strike+1","Iron Wave"],"picked":"Shrug It Off+1","floor":25.0},{"not_picked":["Headbutt","True Grit","Pommel Strike"],"picked":"SKIP","floor":27.0},{"not_picked":["Headbutt","True Grit","Pommel Strike"],"picked":"SKIP","floor":27.0},{"not_picked":["Rage","Rampage"],"picked":"Juggernaut+1","floor":29.0},{"not_picked":["Pommel Strike","Warcry"],"picked":"Havoc","floor":30.0},{"not_picked":["Reaper","Offering"],"picked":"Exhume","floor":33.0},{"not_picked":["Clash","Sword Boomerang+1"],"picked":"Pommel Strike+1","floor":35.0},{"not_picked":["Flex","Spot Weakness"],"picked":"Armaments+1","floor":36.0},{"not_picked":["Twin Strike+1","Iron Wave+1"],"picked":"Warcry+1","floor":37.0},{"not_picked":["Body Slam","Hemokinesis"],"picked":"Power Through+1","floor":38.0},{"not_picked":["True Grit+1","Perfected Strike"],"picked":"Seeing Red","floor":40.0},{"not_picked":["Searing Blow+1","True Grit+1"],"picked":"Burning Pact","floor":41.0},{"not_picked":["Feed","Seeing Red+1"],"picked":"Offering","floor":42.0},{"not_picked":["Sword Boomerang+1","Cleave+1"],"picked":"Spot Weakness+1","floor":45.0},{"not_picked":["Warcry","Sever Soul","Clash+1"],"picked":"SKIP","floor":48.0},{"not_picked":["Uppercut+1","Headbutt"],"picked":"Shrug It Off+1","floor":54.0}],"player_experience":187197,"relics_obtained":[{"floor":6.0,"key":"Frozen Egg 2"},{"floor":9.0,"key":"Ancient Tea Set"},{"floor":11.0,"key":"Bronze Scales"},{"floor":23.0,"key":"WingedGreaves"},{"floor":25.0,"key":"Centennial Puzzle"},{"floor":26.0,"key":"Matryoshka"},{"floor":27.0,"key":"Red Skull"},{"floor":29.0,"key":"Pear"},{"floor":40.0,"key":"Mercury Hourglass"},{"floor":42.0,"key":"Nunchaku"},{"floor":43.0,"key":"Smiling Mask"},{"floor":45.0,"key":"Juzu Bracelet"},{"floor":47.0,"key":"Magic Flower"},{"floor":48.0,"key":"Torii"},{"floor":54.0,"key":"Ginger"}],"event_choices":[{"damage_healed":0.0,"max_hp_gain":0.0,"max_hp_loss":0.0,"gold_gain":0.0,"event_name":"Scrap Ooze","player_choice":"Success","floor":5.0,"gold_loss":0.0,"damage_taken":12.0,"relics_obtained":["Strawberry"]},{"damage_healed":0.0,"max_hp_gain":0.0,"max_hp_loss":44.0,"gold_gain":0.0,"event_name":"Ghosts","player_choice":"Became a Ghost","floor":28.0,"gold_loss":0.0,"damage_taken":0.0,"cards_obtained":["Ghostly","Ghostly","Ghostly","Ghostly","Ghostly"]},{"cards_removed":["Strike_R"],"damage_healed":0.0,"max_hp_gain":0.0,"max_hp_loss":0.0,"gold_gain":0.0,"event_name":"Purifier","player_choice":"Purged","floor":31.0,"gold_loss":0.0,"damage_taken":0.0},{"damage_healed":0.0,"max_hp_gain":0.0,"max_hp_loss":0.0,"gold_gain":0.0,"event_name":"MindBloom","player_choice":"Fight","floor":47.0,"gold_loss":0.0,"damage_taken":0.0}],"is_beta":false,"boss_relics":[{"not_picked":["Runic Cube","Philosopher\u0027s Stone"],"picked":"Sozu"},{"not_picked":["Eternal Feather","Busted Crown"],"picked":"Pandora\u0027s Box"}],"items_purged_floors":[21,39,44,53],"is_endless":false,"potions_floor_spawned":[1,2,11,12,13,14,19,20,23,36,45,48],"ascension_level":5}