{"gold_per_floor":[118,118,135,153,77,110,110,121,121,140,140,160,188,188,188,317,317,338,117,138,138,17,49,60,60,85,104,104,104,132,143,143,239,239,256,267,21,40,53,85,85,110,110,139,154,164,181,193,193,193],"floor_reached":51,"playtime":6938,"items_purged":[],"score":904,"play_id":"b694cf5e-8c7f-419a-b509-5cbdd7e7c694","local_time":"20190614111513","is_ascension_mode":true,"campfire_choices":[{"data":"Corruption","floor":7.0,"key":"SMITH"},{"floor":11.0,"key":"REST"},{"floor":15.0,"key":"REST"},{"data":"Spot Weakness","floor":29.0,"key":"SMITH"},{"data":"Metallicize","floor":32.0,"key":"SMITH"},{"data":"Feel No Pain","floor":41,"key":"SMITH"},{"data":"Corruption","floor":49,"key":"SMITH"}],"neow_cost":"TEN_PERCENT_HP_LOSS","seed_source_timestamp":0,"circlet_count":0,"master_deck":["Strike_R+1","Strike_R","Strike_R","Strike_R","Strike_R","Defend_R+1","Defend_R+1","Defend_R","Defend_R","Bash+1","Metallicize+1","Spot Weakness+1","Corruption+1","Flex+1","Flex","Flame Barrier","Shrug It Off","Reaper","Uppercut","Shrug It Off","Feel No Pain+1","Shockwave","Sentinel","Entrench","Shockwave+1","Entrench","J.A.X.","Power Through+1","Shrug It Off","Power Through","Juggernaut","Inflame","True Grit+1","Shrug It Off","Inflame","Sentinel+1","Inflame","Burning Pact+1","Shrug It Off","Decay","Shrug It Off+1","Perfected Strike","Parasite","Corruption+1","Barricade"],"special_seed":0,"relics":["Burning Blood","Bird Faced Urn","Sundial","The Courier","Potion Belt","Bloody Idol","Black Star","Bronze Scales","Strawberry","Mummified Hand","Oddly Smooth Stone","War Paint","Pantograph","Cursed Key","Medical Kit","Smiling Mask","Ancient Tea Set","Charon\u0027s Ashes","Pen Nib","Whetstone","Pocketwatch"],"potions_floor_usage":[46],"damage_taken":[{"damage":2.0,"enemies":"Jaw Worm","floor":1.0,"turns":3.0},{"damage":0.0,"enemies":"2 Louse","floor":3.0,"turns":3.0},{"damage":7.0,"enemies":"Small Slimes","floor":4.0,"turns":4.0},{"damage":38.0,"enemies":"Gremlin Nob","floor":6.0,"turns":5.0},{"damage":10.0,"enemies":"Blue Slaver","floor":8.0,"turns":4.0},{"damage":11.0,"enemies":"Looter","floor":10.0,"turns":3.0},{"damage":15.0,"enemies":"Large Slime","floor":12.0,"turns":5.0},{"damage":33.0,"enemies":"3 Sentries","floor":13.0,"turns":9.0},{"damage":31.0,"enemies":"Hexaghost","floor":16.0,"turns":11.0},{"damage":10.0,"enemies":"Shell Parasite","floor":18.0,"turns":8.0},{"damage":7.0,"enemies":"Spheric Guardian","floor":20.0,"turns":7.0},{"damage":13.0,"enemies":"Book of Stabbing","floor":23.0,"turns":5.0},{"damage":4.0,"enemies":"Snecko","floor":24.0,"turns":6.0},{"damage":27.0,"enemies":"Chosen and Byrds","floor":27.0,"turns":8.0},{"damage":28.0,"enemies":"Gremlin Leader","floor":30.0,"turns":10.0},{"damage":19.0,"enemies":"Snake Plant","floor":31.0,"turns":7.0},{"damage":55.0,"enemies":"Champ","floor":33.0,"turns":16.0},{"damage":16,"enemies":"Orb Walker","floor":35,"turns":5},{"damage":11,"enemies":"3 Shapes","floor":36,"turns":5},{"damage":13,"enemies":"Spire Growth","floor":38,"turns":5},{"damage":42,"enemies":"Writhing Mass","floor":39,"turns":10},{"damage":34,"enemies":"Giant Head","floor":40,"turns":10},{"damage":48,"enemies":"Reptomancer","floor":42,"turns":6},{"damage":9,"enemies":"Giant Head","floor":44,"turns":9},{"damage":14,"enemies":"3 Darklings","floor":45,"turns":5},{"damage":55,"enemies":"Transient","floor":46,"turns":5},{"damage":18,"enemies":"Writhing Mass","floor":47,"turns":8},{"damage":1,"enemies":"Maw","floor":48,"turns":8},{"damage":23,"enemies":"Donu and Deca","floor":50,"turns":9}],"seed_played":"7316226892695012033","potions_obtained":[{"floor":1.0,"key":"SpeedPotion"},{"floor":3.0,"key":"GamblersBrew"},{"floor":8.0,"key":"SkillPotion"},{"floor":12.0,"key":"GamblersBrew"},{"floor":16.0,"key":"SpeedPotion"},{"floor":24.0,"key":"SneckoOil"},{"floor":30.0,"key":"LiquidBronze"},{"floor":33.0,"key":"Dexterity Potion"},{"floor":36,"key":"SteroidPotion"},{"floor":46,"key":"Block Potion"}],"is_trial":false,"path_per_floor":["M","?","M","M","$","E","R","M","T","M","R","M","E","?","R","B",null,"M","$","M","?","$","E","M","?","T","M","?","R","E","M","R","B",null,"M","M","$","M","M","E","R","E","T","E","M","M","M","M","R","B",null],"character_chosen":"IRONCLAD","items_purchased":["Corruption","Shrug It Off","Feel No Pain","Bronze Scales","Sentinel","Entrench","Medical Kit","Shrug It Off","Inflame"],"campfire_rested":2,"item_purchase_floors":[5,19,19,19,22,22,37,37,37],"current_hp_per_floor":[72,58,64,65,65,35,35,33,33,32,53,46,21,21,41,20,67,67,67,66,66,66,74,74,74,74,64,64,64,74,74,74,33,74,72,74,74,74,54,54,54,50,50,74,74,34,53,74,74,74],"gold":193,"neow_bonus":"ONE_RARE_RELIC","is_prod":false,"is_daily":false,"chose_seed":false,"campfire_upgraded":5,"win_rate":0,"timestamp":1560500113,"path_taken":["M","?","M","M","$","E","R","M","T","M","R","M","E","?","R","BOSS","M","$","M","?","$","E","M","?","T","M","?","R","E","M","R","BOSS","M","M","$","M","M","E","R","E","T","E","M","M","M","M","R","BOSS"],"build_version":"2019-01-23","purchased_purges":0,"victory":true,"max_hp_per_floor":[72,72,72,72,72,72,72,72,72,72,72,72,72,67,67,67,67,67,67,67,67,67,74,74,74,74,74,74,74,74,74,74,74,74,74,74,74,74,74,74,74,74,74,74,74,74,74,74,74,74],"card_choices":[{"not_picked":["Second Wind","Flex","Reckless Charge"],"picked":"SKIP","floor":1.0},{"not_picked":["Flex","Cleave"],"picked":"Metallicize","floor":3.0},{"not_picked":["Intimidate","Headbutt"],"picked":"Spot Weakness","floor":4.0},{"not_picked":["Flex","Thunderclap","Second Wind"],"picked":"SKIP","floor":6.0},{"not_picked":["Fiend Fire","Searing Blow"],"picked":"Flex","floor":8.0},{"not_picked":["Iron Wave","Sword Boomerang"],"picked":"Flex","floor":10.0},{"not_picked":["Body Slam","Heavy Blade"],"picked":"Flame Barrier","floor":12.0},{"not_picked":["Dropkick","Armaments"],"picked":"Shrug It Off","floor":13.0},{"not_picked":["Dark Embrace","Brutality"],"picked":"Reaper","floor":16.0},{"not_picked":["Whirlwind","Perfected Strike+1"],"picked":"Uppercut","floor":18.0},{"not_picked":["Infernal Blade","Warcry"],"picked":"Shockwave","floor":20.0},{"not_picked":["Twin Strike+1","Wild Strike"],"picked":"Shockwave","floor":23.0},{"not_picked":["Warcry+1","Whirlwind"],"picked":"Entrench","floor":24.0},{"not_picked":["Anger+1","Sword Boomerang"],"picked":"Power Through+1","floor":27.0},{"not_picked":["Searing Blow","Brutality"],"picked":"Power Through","floor":30.0},{"not_picked":["Cleave","Sever Soul","Headbutt"],"picked":"SKIP","floor":31.0},{"not_picked":["Double Tap","Limit Break"],"picked":"Juggernaut","floor":33.0},{"not_picked":["Perfected Strike+1","Twin Strike"],"picked":"Inflame","floor":35},{"not_picked":["Flex+1","Wild Strike"],"picked":"True Grit+1","floor":36},{"not_picked":["Iron Wave","Seeing Red+1"],"picked":"Sentinel+1","floor":38},{"not_picked":["Pommel Strike","Clash"],"picked":"Inflame","floor":39},{"not_picked":["Havoc","Feed"],"picked":"Burning Pact+1","floor":40},{"not_picked":["Clothesline","Reckless Charge+1"],"picked":"Shrug It Off","floor":42},{"not_picked":["Feed","True Grit+1"],"picked":"Shrug It Off+1","floor":44},{"not_picked":["Cleave+1","Warcry"],"picked":"Perfected Strike","floor":45},{"not_picked":["Wild Strike","Rampage+1","Twin Strike"],"picked":"SKIP","floor":46},{"not_picked":["Shockwave+1","Pommel Strike+1"],"picked":"Corruption","floor":47},{"not_picked":["Havoc+1","Flex+1"],"picked":"Barricade","floor":48}],"player_experience":171474,"relics_obtained":[{"floor":6.0,"key":"Sundial"},{"floor":9.0,"key":"The Courier"},{"floor":13.0,"key":"Potion Belt"},{"floor":23.0,"key":"Strawberry"},{"floor":23.0,"key":"Mummified Hand"},{"floor":26.0,"key":"Oddly Smooth Stone"},{"floor":30.0,"key":"War Paint"},{"floor":30.0,"key":"Pantograph"},{"floor":40,"key":"Smiling Mask"},{"floor":40,"key":"Ancient Tea Set"},{"floor":42,"key":"Charon\u0027s Ashes"},{"floor":42,"key":"Pen Nib"},{"floor":44,"key":"Whetstone"},{"floor":44,"key":"Pocketwatch"}],"event_choices":[{"damage_healed":0.0,"max_hp_gain":0.0,"max_hp_loss":0.0,"gold_gain":0.0,"event_name":"Shining Light","player_choice":"Entered Light","floor":2.0,"gold_loss":0.0,"damage_taken":14.0,"cards_upgraded":["Defend_R","Defend_R"]},{"damage_healed":0.0,"max_hp_gain":0.0,"max_hp_loss":5.0,"gold_gain":0.0,"event_name":"Golden Idol","player_choice":"Lose Max HP","floor":14.0,"gold_loss":0.0,"damage_taken":0.0,"relics_obtained":["Golden Idol"]},{"damage_healed":0.0,"max_hp_gain":0.0,"max_hp_loss":0.0,"gold_gain":0.0,"event_name":"Forgotten Altar","player_choice":"Gave Idol","floor":21.0,"relics_lost":["Golden Idol"],"gold_loss":0.0,"damage_taken":0.0,"relics_obtained":["Bloody Idol"]},{"damage_healed":0.0,"max_hp_gain":0.0,"max_hp_loss":0.0,"gold_gain":0.0,"event_name":"Drug Dealer","player_choice":"Obtain J.A.X.","floor":25.0,"gold_loss":0.0,"damage_taken":0.0,"cards_obtained":["J.A.X."]},{"damage_healed":0.0,"max_hp_gain":0.0,"max_hp_loss":0.0,"gold_gain":0.0,"event_name":"The Library","player_choice":"Read","floor":28.0,"gold_loss":0.0,"damage_taken":0.0,"cards_obtained":["Shrug It Off"]}],"is_beta":false,"boss_relics":[{"not_picked":["Black Blood","White Beast Statue"],"picked":"Black Star"},{"not_picked":["Fusion Hammer","Tiny House"],"picked":"Cursed Key"}],"items_purged_floors":[],"is_endless":false,"potions_floor_spawned":[1,3,8,12,16,24,30,33,36,38,46,48],"ascension_level":3}