{"gold_per_floor":[110,123,123,10,28,28,38,38,38,55,75,94,110,142,142,239,239,259,274,293,311,341,266,280,280,335,347,347,360,378,378,378,480,480,490,501,501],"floor_reached":37,"playtime":47409,"items_purged":["Injury"],"score":381,"play_id":"a1507e3a-d132-45da-9f5b-c5d29b88b280","local_time":"20190713124009","is_ascension_mode":false,"campfire_choices":[{"data":"Body Slam","floor":6.0,"key":"SMITH"},{"data":"Dual Wield","floor":8.0,"key":"SMITH"},{"data":"Inflame","floor":15.0,"key":"SMITH"},{"data":"Fiend Fire","floor":25.0,"key":"SMITH"},{"floor":28.0,"key":"REST"},{"floor":32.0,"key":"REST"}],"neow_cost":"CURSE","seed_source_timestamp":45284507317100,"circlet_count":0,"master_deck":["Strike_R","Strike_R","Strike_R","Strike_R","Defend_R","Defend_R","Defend_R","Defend_R","Bash","Finesse","Swift Strike","Body Slam+1","Shrug It Off","Feel No Pain+1","Shrug It Off","Dual Wield+1","Reckless Charge","Flex","Metallicize","Shrug It Off","Inflame+1","Fiend Fire+1","Pommel Strike+1","Evolve+1","Warcry+1","Flame Barrier","Uppercut+1","Ghostly Armor","Immolate","Power Through+1","Body Slam+1"],"special_seed":0,"relics":["Black Blood"],"potions_floor_usage":[],"damage_taken":[{"damage":4.0,"enemies":"Small Slimes","floor":1.0,"turns":3.0},{"damage":1.0,"enemies":"Cultist","floor":2.0,"turns":3.0},{"damage":17.0,"enemies":"Jaw Worm","floor":5.0,"turns":4.0},{"damage":0.0,"enemies":"3 Louse","floor":7.0,"turns":5.0},{"damage":9.0,"enemies":"Large Slime","floor":10.0,"turns":5.0},{"damage":13.0,"enemies":"Gremlin Gang","floor":11.0,"turns":4.0},{"damage":1.0,"enemies":"Exordium Wildlife","floor":12.0,"turns":3.0},{"damage":19.0,"enemies":"Exordium Thugs","floor":13.0,"turns":4.0},{"damage":9.0,"enemies":"3 Sentries","floor":14.0,"turns":8.0},{"damage":45.0,"enemies":"Slime Boss","floor":16.0,"turns":12.0},{"damage":28.0,"enemies":"Spheric Guardian","floor":18.0,"turns":6.0},{"damage":10.0,"enemies":"Chosen","floor":19.0,"turns":4.0},{"damage":27.0,"enemies":"Snake Plant","floor":20.0,"turns":6.0},{"damage":16.0,"enemies":"Centurion and Healer","floor":21.0,"turns":9.0},{"damage":5.0,"enemies":"Masked Bandits","floor":22.0,"turns":5.0},{"damage":2.0,"enemies":"Chosen and Byrds","floor":24.0,"turns":5.0},{"damage":11.0,"enemies":"Cultist and Chosen","floor":27.0,"turns":7.0},{"damage":20.0,"enemies":"Snecko","floor":29.0,"turns":7.0},{"damage":27.0,"enemies":"3 Cultists","floor":30.0,"turns":6.0},{"damage":62.0,"enemies":"Automaton","floor":33.0,"turns":12.0},{"damage":67.0,"enemies":"3 Darklings","floor":35.0,"turns":6.0},{"damage":7.0,"enemies":"3 Shapes","floor":36.0,"turns":8.0},{"damage":26,"enemies":"Writhing Mass","floor":37,"turns":4}],"seed_played":"-843957102603562891","potions_obtained":[{"floor":7.0,"key":"GamblersBrew"},{"floor":11.0,"key":"SteroidPotion"},{"floor":14.0,"key":"LiquidBronze"},{"floor":19.0,"key":"Dexterity Potion"},{"floor":20.0,"key":"FearPotion"},{"floor":22.0,"key":"Ancient Potion"},{"floor":27.0,"key":"Dexterity Potion"},{"floor":30.0,"key":"Explosive Potion"},{"floor":35.0,"key":"Block Potion"}],"is_trial":false,"path_per_floor":["M","M","?","$","M","R","M","R","T","M","M","M","M","E","R","B",null,"M","M","M","M","?","?","M","R","T","M","R","M","M","?","R","B",null,"M","M","M"],"character_chosen":"IRONCLAD","items_purchased":["Feel No Pain"],"campfire_rested":2,"item_purchase_floors":[4],"current_hp_per_floor":[80,80,80,80,69,69,75,75,75,72,65,70,57,54,54,15,80,62,62,45,39,44,44,52,52,52,51,75,65,48,48,72,20,80,23,26,0],"gold":501,"neow_bonus":"RANDOM_COLORLESS_2","is_prod":false,"is_daily":false,"chose_seed":false,"campfire_upgraded":4,"win_rate":0,"timestamp":1563036009,"path_taken":["M","M","?","$","M","R","M","R","T","M","M","M","M","E","R","BOSS","M","M","M","?","?","?","M","R","T","M","R","M","M","?","R","BOSS","M","M","?"],"build_version":"2019-07-05","purchased_purges":1,"victory":false,"max_hp_per_floor":[80,80,80,80,80,80,80,80,80,80,80,80,80,80,80,80,80,80,80,80,80,80,80,80,80,80,80,80,80,80,80,80,80,80,80,80,80],"card_choices":[{"not_picked":["Pommel Strike","Flex"],"picked":"Body Slam","floor":1.0},{"not_picked":["Body Slam","Headbutt"],"picked":"Shrug It Off","floor":2.0},{"not_picked":["Carnage","Heavy Blade"],"picked":"Shrug It Off","floor":5.0},{"not_picked":["Fire Breathing","Pummel"],"picked":"Dual Wield","floor":7.0},{"not_picked":["Headbutt","Body Slam"],"picked":"Reckless Charge","floor":10.0},{"not_picked":["Thunderclap","Cleave"],"picked":"Flex","floor":11.0},{"not_picked":["Uppercut","Thunderclap"],"picked":"Metallicize","floor":12.0},{"not_picked":["Infernal Blade","Carnage"],"picked":"Shrug It Off","floor":13.0},{"not_picked":["Entrench","Headbutt"],"picked":"Inflame","floor":14.0},{"not_picked":["Reaper","Demon Form"],"picked":"Fiend Fire","floor":16.0},{"not_picked":["Anger+1","Feel No Pain"],"picked":"Pommel Strike+1","floor":18.0},{"not_picked":["Sword Boomerang+1","Warcry","Thunderclap+1"],"picked":"SKIP","floor":19.0},{"not_picked":["Bloodletting","True Grit"],"picked":"Evolve+1","floor":20.0},{"not_picked":["Pommel Strike","Headbutt","Perfected Strike"],"picked":"SKIP","floor":21.0},{"not_picked":["Flex","Sword Boomerang"],"picked":"Warcry+1","floor":22.0},{"not_picked":["Heavy Blade","Metallicize","Clash"],"picked":"SKIP","floor":24.0},{"not_picked":["Warcry","Blood for Blood"],"picked":"Flame Barrier","floor":27.0},{"not_picked":["Armaments","Sword Boomerang"],"picked":"Uppercut+1","floor":29.0},{"not_picked":["Twin Strike","Headbutt+1"],"picked":"Ghostly Armor","floor":30.0},{"not_picked":["Double Tap","Exhume"],"picked":"Immolate","floor":33.0},{"not_picked":["Armaments","Rupture"],"picked":"Power Through+1","floor":35.0},{"not_picked":["Cleave","Entrench"],"picked":"Body Slam+1","floor":36.0}],"player_experience":1870393,"relics_obtained":[],"event_choices":[{"damage_healed":0.0,"max_hp_gain":0.0,"max_hp_loss":0.0,"gold_gain":0.0,"event_name":"WeMeetAgain","player_choice":"Ignored","floor":3.0,"gold_loss":0.0,"damage_taken":0.0},{"damage_healed":0.0,"max_hp_gain":0.0,"max_hp_loss":0.0,"gold_gain":0.0,"event_name":"Masked Bandits","player_choice":"Fought Bandits","floor":22.0,"gold_loss":0.0,"damage_taken":0.0},{"cards_removed":["Strike_R"],"damage_healed":0.0,"max_hp_gain":0.0,"max_hp_loss":0.0,"gold_gain":0.0,"event_name":"Beggar","player_choice":"Gave Gold","floor":23.0,"gold_loss":75.0,"damage_taken":0.0},{"damage_healed":0.0,"max_hp_gain":0.0,"max_hp_loss":0.0,"gold_gain":0.0,"event_name":"Accursed Blacksmith","player_choice":"Forge","floor":31.0,"gold_loss":0.0,"damage_taken":0.0,"cards_upgraded":["Feel No Pain"]}],"is_beta":false,"boss_relics":[{"not_picked":["Runic Pyramid","Cursed Key"],"picked":"Black Blood"},{"not_picked":["White Beast Statue","Runic Cube","Coffee Dripper"]}],"items_purged_floors":[4],"is_endless":false,"potions_floor_spawned":[7,11,14,19,20,22,27,30,35],"killed_by":"Writhing Mass","ascension_level":0}