{"gold_per_floor":[110,110,110,126,145,70,70,95,95,95,106,131,142,156,156,234,234,250,266,181,191,4,4,37,57,103,136,154,180,180,200,200,275,275,288,298,311,311,107,107,142,159,159,170,181,181,213,42,42,42,42,42,42,74,74],"floor_reached":55,"playtime":8341,"items_purged":["Strike_R","Strike_R"],"score":1642,"play_id":"9975b94b-fb24-43bb-86c0-e12969042ecb","local_time":"20190628092116","is_ascension_mode":true,"campfire_choices":[{"data":"Inflame","floor":7.0,"key":"SMITH"},{"data":"Fiend Fire","floor":15.0,"key":"SMITH"},{"data":"Feel No Pain","floor":23.0,"key":"SMITH"},{"data":"Shockwave","floor":30.0,"key":"SMITH"},{"data":"Limit Break","floor":32.0,"key":"SMITH"},{"data":"Entrench","floor":40.0,"key":"SMITH"},{"floor":46.0,"key":"RECALL"},{"data":"Corruption","floor":49.0,"key":"SMITH"},{"data":"Feel No Pain","floor":52.0,"key":"SMITH"}],"neow_cost":"TEN_PERCENT_HP_LOSS","seed_source_timestamp":0,"circlet_count":0,"master_deck":["AscendersBane","Strike_R+1","Strike_R","Strike_R","Defend_R","Defend_R+1","Defend_R","Defend_R","Bash","Limit Break+1","Inflame+1","Anger","Pommel Strike","Pummel","Twin Strike","Fiend Fire+1","Flame Barrier+1","Feed","Havoc","Power Through+1","Rage+1","Feel No Pain+1","Reaper","Shrug It Off","Shockwave+1","True Grit","Impervious","Exhume","Entrench+1","Pummel","Dark Shackles","Secret Technique","Purity","Metallicize","Burning Pact+1","Shrug It Off","Havoc","Battle Trance+1","Corruption+1","Feel No Pain+1","Demon Form"],"special_seed":0,"relics":["Burning Blood","Unceasing Top","Dead Branch","Boot","Coffee Dripper","Potion Belt","The Courier","Oddly Smooth Stone","War Paint","Charon\u0027s Ashes","Runic Dome","ClockworkSouvenir","Red Skull","Omamori","Gremlin Horn"],"potions_floor_usage":[55,55,55],"damage_taken":[{"damage":10.0,"enemies":"2 Louse","floor":1.0,"turns":4.0},{"damage":7.0,"enemies":"Jaw Worm","floor":4.0,"turns":3.0},{"damage":0.0,"enemies":"Cultist","floor":5.0,"turns":4.0},{"damage":17.0,"enemies":"Lagavulin","floor":8.0,"turns":7.0},{"damage":13.0,"enemies":"3 Louse","floor":11.0,"turns":2.0},{"damage":5.0,"enemies":"3 Sentries","floor":12.0,"turns":6.0},{"damage":6.0,"enemies":"Exordium Wildlife","floor":13.0,"turns":3.0},{"damage":13.0,"enemies":"Red Slaver","floor":14.0,"turns":3.0},{"damage":31.0,"enemies":"Hexaghost","floor":16.0,"turns":7.0},{"damage":7.0,"enemies":"3 Byrds","floor":18.0,"turns":4.0},{"damage":8.0,"enemies":"Shell Parasite","floor":19.0,"turns":5.0},{"damage":0.0,"enemies":"Centurion and Healer","floor":21.0,"turns":4.0},{"damage":38.0,"enemies":"Gremlin Leader","floor":24.0,"turns":11.0},{"damage":0.0,"enemies":"3 Cultists","floor":25.0,"turns":4.0},{"damage":25.0,"enemies":"Slavers","floor":27.0,"turns":6.0},{"damage":7.0,"enemies":"Snake Plant","floor":28.0,"turns":5.0},{"damage":1.0,"enemies":"Book of Stabbing","floor":29.0,"turns":3.0},{"damage":31.0,"enemies":"Shelled Parasite and Fungi","floor":31.0,"turns":12.0},{"damage":6.0,"enemies":"Automaton","floor":33.0,"turns":10.0},{"damage":3.0,"enemies":"3 Shapes","floor":35.0,"turns":3.0},{"damage":6.0,"enemies":"Orb Walker","floor":36.0,"turns":2.0},{"damage":13.0,"enemies":"Transient","floor":37.0,"turns":6.0},{"damage":3.0,"enemies":"Reptomancer","floor":41.0,"turns":4.0},{"damage":15.0,"enemies":"3 Darklings","floor":42.0,"turns":3.0},{"damage":6.0,"enemies":"Writhing Mass","floor":44.0,"turns":6.0},{"damage":6.0,"enemies":"Transient","floor":45.0,"turns":6.0},{"damage":14.0,"enemies":"Giant Head","floor":47.0,"turns":6.0},{"damage":9.0,"enemies":"Awakened One","floor":50.0,"turns":5.0},{"damage":40.0,"enemies":"Shield and Spear","floor":54.0,"turns":3.0},{"damage":49,"enemies":"The Heart","floor":55,"turns":5}],"seed_played":"-2818199751986333468","potions_obtained":[{"floor":1.0,"key":"Dexterity Potion"},{"floor":4.0,"key":"Fire Potion"},{"floor":24.0,"key":"Dexterity Potion"},{"floor":28.0,"key":"GamblersBrew"},{"floor":33.0,"key":"FearPotion"},{"floor":36.0,"key":"SpeedPotion"},{"floor":37.0,"key":"EntropicBrew"},{"floor":41.0,"key":"SteroidPotion"},{"floor":42.0,"key":"Swift Potion"},{"floor":44.0,"key":"SteroidPotion"}],"is_trial":false,"path_per_floor":["M","?","?","M","M","$","R","E","T","$","M","E","M","M","R","B",null,"M","M","?","M","$","R","E","M","T","E","M","E","R","M","R","B",null,"M","M","M","?","$","R","E","M","T","M","M","R","E","$","R","B",null,"R","$","E","B"],"character_chosen":"IRONCLAD","items_purchased":["Feel No Pain","ClockworkSouvenir","Metallicize","Corruption","Feel No Pain","Energy Potion"],"campfire_rested":0,"item_purchase_floors":[22,39,39,48,48,48],"current_hp_per_floor":[64,44,66,65,68,68,68,57,57,57,50,51,51,44,44,19,56,58,56,56,62,62,62,33,56,56,50,58,63,63,43,43,53,76,83,83,76,66,66,66,83,74,74,80,83,83,75,75,75,75,83,83,83,49,0],"gold":74,"neow_bonus":"THREE_RARE_CARDS","is_prod":false,"is_daily":false,"chose_seed":false,"campfire_upgraded":8,"win_rate":0,"timestamp":1561702876,"path_taken":["M","?","?","M","M","?","R","E","T","$","M","E","M","M","R","BOSS","M","?","?","M","$","R","E","M","T","E","M","E","R","M","R","BOSS","M","M","M","?","$","R","E","M","T","M","M","R","E","$","R","BOSS","R","$","E","BOSS"],"build_version":"2019-01-23","purchased_purges":2,"victory":false,"max_hp_per_floor":[68,68,68,68,68,68,68,68,68,68,68,68,68,68,68,68,68,71,71,71,71,71,71,74,77,77,80,83,83,83,83,83,83,83,83,83,83,83,83,83,83,83,83,83,83,83,83,83,83,86,86,86,86,86,86],"card_choices":[{"not_picked":["Dark Embrace","Berserk"],"picked":"Limit Break","floor":0.0},{"not_picked":["Warcry","Clash","Body Slam"],"picked":"SKIP","floor":1.0},{"not_picked":["Warcry","Clash","Body Slam"],"picked":"SKIP","floor":1.0},{"not_picked":["Burning Pact","Shrug It Off"],"picked":"Inflame","floor":4.0},{"not_picked":["Havoc","Infernal Blade"],"picked":"Anger","floor":5.0},{"not_picked":["Flex","Armaments"],"picked":"Pommel Strike","floor":8.0},{"not_picked":["Inflame","Bloodletting"],"picked":"Pummel","floor":11.0},{"not_picked":["Evolve","Warcry"],"picked":"Twin Strike","floor":12.0},{"not_picked":["Cleave","Perfected Strike"],"picked":"Fiend Fire","floor":13.0},{"not_picked":["Burning Pact","Heavy Blade"],"picked":"Flame Barrier","floor":14.0},{"not_picked":["Double Tap","Offering"],"picked":"Feed","floor":16.0},{"not_picked":["Reckless Charge+1","Cleave"],"picked":"Havoc","floor":18.0},{"not_picked":["Clash+1","Headbutt"],"picked":"Power Through","floor":19.0},{"not_picked":["Cleave+1","Searing Blow"],"picked":"Rage+1","floor":21.0},{"not_picked":["Twin Strike","Intimidate"],"picked":"Reaper","floor":24.0},{"not_picked":["Twin Strike","Rampage","Clash"],"picked":"SKIP","floor":25.0},{"not_picked":["Rage","Body Slam"],"picked":"Shrug It Off","floor":27.0},{"not_picked":["Armaments","Sword Boomerang"],"picked":"Shockwave","floor":28.0},{"not_picked":["Sword Boomerang","Armaments+1"],"picked":"True Grit","floor":29.0},{"not_picked":["Iron Wave","Havoc"],"picked":"Impervious","floor":31.0},{"not_picked":["Impervious","Brutality"],"picked":"Exhume","floor":33.0},{"not_picked":["Intimidate","Armaments","Blood for Blood"],"picked":"SKIP","floor":35.0},{"not_picked":["Heavy Blade","Pommel Strike+1"],"picked":"Entrench","floor":36.0},{"not_picked":["Armaments","Twin Strike+1"],"picked":"Pummel","floor":37.0},{"not_picked":["Blind","Chrysalis"],"picked":"Dark Shackles","floor":38.0},{"not_picked":["Discovery","HandOfGreed"],"picked":"Secret Technique","floor":38.0},{"not_picked":["Madness","Bandage Up"],"picked":"Purity","floor":38.0},{"not_picked":["Rage","Pommel Strike"],"picked":"Burning Pact+1","floor":41.0},{"not_picked":["Iron Wave","Anger+1"],"picked":"Shrug It Off","floor":42.0},{"not_picked":["Infernal Blade","Cleave"],"picked":"Havoc","floor":44.0},{"not_picked":["Shockwave","Intimidate"],"picked":"Battle Trance+1","floor":45.0},{"not_picked":["Cleave","Clothesline","Flex"],"picked":"SKIP","floor":47.0},{"not_picked":["Pummel+1","Rage"],"picked":"Demon Form","floor":54.0}],"player_experience":612366,"relics_obtained":[{"floor":8.0,"key":"Unceasing Top"},{"floor":9.0,"key":"Dead Branch"},{"floor":12.0,"key":"Boot"},{"floor":24.0,"key":"The Courier"},{"floor":26.0,"key":"Oddly Smooth Stone"},{"floor":27.0,"key":"War Paint"},{"floor":29.0,"key":"Charon\u0027s Ashes"},{"floor":41.0,"key":"Red Skull"},{"floor":47.0,"key":"Omamori"},{"floor":54.0,"key":"Gremlin Horn"}],"event_choices":[{"damage_healed":0.0,"max_hp_gain":0.0,"max_hp_loss":0.0,"gold_gain":0.0,"event_name":"Shining Light","player_choice":"Entered Light","floor":2.0,"gold_loss":0.0,"damage_taken":20.0,"cards_upgraded":["Strike_R","Defend_R"]},{"damage_healed":22.0,"max_hp_gain":0.0,"max_hp_loss":0.0,"gold_gain":0.0,"event_name":"Big Fish","player_choice":"Banana","floor":3.0,"gold_loss":0.0,"damage_taken":0.0},{"damage_healed":0.0,"max_hp_gain":0.0,"max_hp_loss":0.0,"gold_gain":0.0,"event_name":"Addict","player_choice":"Obtained Relic","floor":20.0,"gold_loss":85.0,"damage_taken":0.0,"relics_obtained":["Potion Belt"]},{"damage_healed":0.0,"max_hp_gain":0.0,"max_hp_loss":0.0,"gold_gain":0.0,"event_name":"SensoryStone","player_choice":"Memory 3","floor":38.0,"gold_loss":0.0,"damage_taken":10.0}],"is_beta":false,"boss_relics":[{"not_picked":["Fusion Hammer","Busted Crown"],"picked":"Coffee Dripper"},{"not_picked":["Pandora\u0027s Box","Snecko Eye"],"picked":"Runic Dome"}],"items_purged_floors":[6,22],"is_endless":false,"potions_floor_spawned":[1,4,5,8,24,28,33,36,37,41,42,44],"killed_by":"The Heart","ascension_level":18}