{"gold_per_floor":[115,133,146,158,83,108,108,137,137,40,57,88,88,88,88,162,162,175,225,225,244,258,258,258],"floor_reached":24,"playtime":1908,"items_purged":["Strike_G"],"score":432,"play_id":"ed3462a9-6ed0-4201-849b-88caf3750315","local_time":"20190720211450","is_ascension_mode":true,"campfire_choices":[{"floor":7.0,"key":"REST"},{"floor":13.0,"key":"REST"},{"data":"Footwork","floor":15.0,"key":"SMITH"},{"floor":23,"key":"REST"}],"neow_cost":"NONE","seed_source_timestamp":78474116488006,"circlet_count":0,"master_deck":["AscendersBane","Strike_G","Strike_G","Defend_G","Defend_G+1","Defend_G","Defend_G","Defend_G","Survivor","Neutralize","Deadly Poison","Deadly Poison+1","Flechettes","Quick Slash","Die Die Die","Footwork+1","Noxious Fumes","Calculated Gamble","Escape Plan","Corpse Explosion","Doppelganger","Bouncing Flask","Deadly Poison","Backflip"],"special_seed":0,"relics":["Ring of the Snake","Gremlin Horn","Ancient Tea Set","War Paint","Blue Candle","Mummified Hand","Philosopher\u0027s Stone"],"potions_floor_usage":[22],"damage_taken":[{"damage":3.0,"enemies":"Cultist","floor":1.0,"turns":4.0},{"damage":2.0,"enemies":"2 Louse","floor":2.0,"turns":4.0},{"damage":3.0,"enemies":"Small Slimes","floor":3.0,"turns":3.0},{"damage":6.0,"enemies":"Looter","floor":4.0,"turns":3.0},{"damage":32.0,"enemies":"3 Sentries","floor":6.0,"turns":10.0},{"damage":29.0,"enemies":"Lagavulin","floor":8.0,"turns":6.0},{"damage":0.0,"enemies":"Gremlin Gang","floor":11.0,"turns":1.0},{"damage":5.0,"enemies":"3 Sentries","floor":12.0,"turns":5.0},{"damage":28.0,"enemies":"Slime Boss","floor":16.0,"turns":12.0},{"damage":21,"enemies":"Shell Parasite","floor":18,"turns":6},{"damage":4,"enemies":"3 Byrds","floor":21,"turns":3},{"damage":19,"enemies":"Snake Plant","floor":22,"turns":4},{"damage":39,"enemies":"Book of Stabbing","floor":24,"turns":4}],"seed_played":"-7992004745055616658","potions_obtained":[{"floor":2.0,"key":"SteroidPotion"},{"floor":4.0,"key":"Dexterity Potion"},{"floor":8.0,"key":"Ancient Potion"},{"floor":12.0,"key":"Regen Potion"},{"floor":21,"key":"Poison Potion"}],"is_trial":false,"path_per_floor":["M","M","M","M","$","E","R","E","T","$","M","E","R","?","R","B",null,"M","?","?","M","M","R","E"],"character_chosen":"THE_SILENT","items_purchased":["Noxious Fumes","SteroidPotion"],"campfire_rested":3,"item_purchase_floors":[10,10],"current_hp_per_floor":[62,60,57,51,51,19,40,11,11,11,11,6,27,27,27,14,58,37,37,37,33,14,35,0],"gold":258,"neow_bonus":"TEN_PERCENT_HP_BONUS","is_prod":false,"is_daily":false,"chose_seed":false,"campfire_upgraded":1,"win_rate":0,"timestamp":1563646490,"path_taken":["M","?","M","M","$","E","R","E","T","$","M","E","R","?","R","BOSS","M","?","?","M","M","R","E"],"build_version":"2019-07-17","purchased_purges":1,"victory":false,"max_hp_per_floor":[72,72,72,72,72,72,72,72,72,72,72,72,72,72,72,72,72,72,72,72,72,72,72,72],"card_choices":[{"not_picked":["Acrobatics","Flechettes"],"picked":"Deadly Poison","floor":1.0},{"not_picked":["Finisher","PiercingWail"],"picked":"Deadly Poison","floor":2.0},{"not_picked":["Setup","Caltrops"],"picked":"Flechettes","floor":3.0},{"not_picked":["Sucker Punch","Reflex"],"picked":"Quick Slash","floor":4.0},{"not_picked":["Expertise","Dagger Throw"],"picked":"Die Die Die","floor":6.0},{"not_picked":["PiercingWail","Caltrops"],"picked":"Footwork","floor":8.0},{"not_picked":["Underhanded Strike","Slice"],"picked":"Calculated Gamble","floor":11.0},{"not_picked":["Doppelganger","Finisher"],"picked":"Escape Plan","floor":12.0},{"not_picked":["Storm of Steel","After Image"],"picked":"Corpse Explosion","floor":16.0},{"not_picked":["Flechettes","Dagger Spray","Flying Knee"],"picked":"SKIP","floor":18},{"not_picked":["Slice","Flying Knee+1"],"picked":"Deadly Poison","floor":21},{"not_picked":["Blade Dance","Sucker Punch"],"picked":"Backflip","floor":22}],"player_experience":833837,"relics_obtained":[{"floor":6.0,"key":"Gremlin Horn"},{"floor":8.0,"key":"Ancient Tea Set"},{"floor":9.0,"key":"War Paint"},{"floor":12.0,"key":"Blue Candle"}],"event_choices":[{"damage_healed":0.0,"max_hp_gain":0.0,"max_hp_loss":0.0,"gold_gain":0.0,"event_name":"Dead Adventurer","player_choice":"Searched \u00271\u0027 times","floor":14.0,"gold_loss":0.0,"damage_taken":0.0,"relics_obtained":["Mummified Hand"]},{"damage_healed":0,"gold_gain":50,"player_choice":"Stole From Cult","damage_taken":0,"max_hp_gain":0,"max_hp_loss":0,"event_name":"Nest","floor":19,"gold_loss":0},{"damage_healed":0,"gold_gain":0,"cards_transformed":["Strike_G","Strike_G"],"player_choice":"Became Test Subject","damage_taken":0,"max_hp_gain":0,"max_hp_loss":0,"event_name":"Drug Dealer","floor":20,"gold_loss":0,"cards_obtained":["Doppelganger","Bouncing Flask"]}],"is_beta":false,"boss_relics":[{"not_picked":["Orrery","Coffee Dripper"],"picked":"Philosopher\u0027s Stone"}],"items_purged_floors":[5],"is_endless":false,"potions_floor_spawned":[2,4,8,11,12,21],"killed_by":"Book of Stabbing","ascension_level":20}