{"gold_per_floor":[109,109,120,134,134,168,168,202,202,49,76,41,41,57,57,159,159,176,2,19,29,46,46,74,92,92,92,92],"floor_reached":28,"playtime":4280,"items_purged":["Regret"],"score":297,"play_id":"1c761043-c072-4686-8138-180bd17c02f6","local_time":"20190615135856","is_ascension_mode":true,"campfire_choices":[{"floor":7,"key":"REST"},{"data":"Coolheaded","floor":13,"key":"SMITH"},{"data":"Dualcast","floor":15,"key":"SMITH"},{"floor":23,"key":"REST"},{"data":"Defragment","floor":27,"key":"SMITH"}],"neow_cost":"NONE","seed_source_timestamp":205292550898662,"circlet_count":0,"master_deck":["Strike_B","Strike_B","Strike_B","Defend_B","Defend_B","Defend_B","Defend_B+1","Zap+1","Dualcast+1","Storm","Glacier","BootSequence","Coolheaded+1","Cold Snap","Glacier+1","Tempest+1","Conserve Battery+1","Go for the Eyes","Rainbow+1","Defragment+1","Enlightenment+1","Recycle+1","Stack+1","White Noise+1","Recycle+1","Self Repair","Capacitor","Parasite"],"relics":["Cracked Core","Toxic Egg 2","Blue Candle","Pantograph","Vajra","Cursed Key","Pear","Ornamental Fan"],"potions_floor_usage":[6,28],"damage_taken":[{"damage":1,"enemies":"2 Louse","floor":1,"turns":3},{"damage":0,"enemies":"Small Slimes","floor":3,"turns":3},{"damage":0,"enemies":"Jaw Worm","floor":4,"turns":3},{"damage":44,"enemies":"Gremlin Nob","floor":6,"turns":6},{"damage":26,"enemies":"3 Sentries","floor":8,"turns":15},{"damage":1,"enemies":"Lagavulin","floor":11,"turns":10},{"damage":0,"enemies":"Looter","floor":14,"turns":3},{"damage":32,"enemies":"Slime Boss","floor":16,"turns":20},{"damage":0,"enemies":"Chosen","floor":18,"turns":4},{"damage":0,"enemies":"Spheric Guardian","floor":20,"turns":4},{"damage":12,"enemies":"Snake Plant","floor":21,"turns":4},{"damage":27,"enemies":"Snecko","floor":22,"turns":5},{"damage":37,"enemies":"Slavers","floor":24,"turns":6},{"damage":4,"enemies":"Shelled Parasite and Fungi","floor":25,"turns":9},{"damage":38,"enemies":"Gremlin Leader","floor":28,"turns":4}],"seed_played":"-4171665492981465940","potions_obtained":[{"floor":3,"key":"SpeedPotion"},{"floor":8,"key":"Dexterity Potion"},{"floor":14,"key":"LiquidBronze"},{"floor":16,"key":"Energy Potion"},{"floor":20,"key":"FocusPotion"}],"is_trial":false,"path_per_floor":["M","?","M","M","?","E","R","E","T","$","E","?","R","M","R","B",null,"M","$","M","M","M","R","E","M","T","R","E"],"character_chosen":"DEFECT","items_purchased":["Tempest+1","Enlightenment+1","Recycle+1"],"campfire_rested":2,"item_purchase_floors":[10,19,19],"current_hp_per_floor":[74,59,59,59,59,15,37,11,11,11,10,28,28,28,28,21,75,75,75,75,63,36,58,31,34,34,34,0],"gold":92,"neow_bonus":"TRANSFORM_CARD","is_prod":false,"is_daily":false,"chose_seed":false,"campfire_upgraded":3,"win_rate":0,"timestamp":1560596336,"path_taken":["M","?","M","M","?","E","R","E","T","$","E","?","R","M","R","BOSS","M","$","M","M","M","R","E","M","T","R","E"],"build_version":"2019-01-23","purchased_purges":1,"victory":false,"max_hp_per_floor":[75,75,75,75,75,75,75,75,75,75,75,75,75,75,75,75,75,75,75,75,75,75,75,85,85,85,85,85],"card_choices":[{"not_picked":["Compile Driver","Storm"],"picked":"Glacier","floor":1},{"not_picked":["Stack","Heatsinks"],"picked":"BootSequence","floor":3},{"not_picked":["Compile Driver","Rebound"],"picked":"Coolheaded","floor":4},{"not_picked":["Hyperbeam","Beam Cell"],"picked":"Cold Snap","floor":6},{"not_picked":["Melter","Consume+1"],"picked":"Glacier+1","floor":8},{"not_picked":["Heatsinks","Stack+1"],"picked":"Conserve Battery+1","floor":11},{"not_picked":["Fusion+1","Streamline"],"picked":"Go for the Eyes","floor":14},{"not_picked":["Meteor Strike","Amplify+1"],"picked":"Rainbow+1","floor":16},{"not_picked":["Redo+1","Self Repair"],"picked":"Defragment","floor":18},{"not_picked":["Static Discharge","BootSequence+1"],"picked":"Stack+1","floor":20},{"not_picked":["Stack+1","Barrage+1"],"picked":"White Noise+1","floor":21},{"not_picked":["Rebound","Sweeping Beam"],"picked":"Recycle+1","floor":22},{"not_picked":["Reboot+1","Chaos+1"],"picked":"Self Repair","floor":24},{"not_picked":["Sweeping Beam","Ball Lightning"],"picked":"Capacitor","floor":25}],"player_experience":214656,"relics_obtained":[{"floor":8,"key":"Blue Candle"},{"floor":9,"key":"Pantograph"},{"floor":11,"key":"Vajra"},{"floor":24,"key":"Pear"},{"floor":26,"key":"Ornamental Fan"}],"event_choices":[{"damage_healed":0,"gold_gain":0,"player_choice":"Entered Light","damage_taken":15,"max_hp_gain":0,"max_hp_loss":0,"event_name":"Shining Light","floor":2,"gold_loss":0,"cards_upgraded":["Zap","Defend_B"]},{"damage_healed":0,"gold_gain":0,"player_choice":"Box","damage_taken":0,"relics_obtained":["Toxic Egg 2"],"max_hp_gain":0,"max_hp_loss":0,"event_name":"Big Fish","floor":5,"gold_loss":0,"cards_obtained":["Regret"]},{"damage_healed":18,"gold_gain":0,"player_choice":"Healed","damage_taken":0,"max_hp_gain":0,"max_hp_loss":0,"event_name":"The Cleric","floor":12,"gold_loss":35}],"is_beta":false,"boss_relics":[{"not_picked":["Black Star","FrozenCore"],"picked":"Cursed Key"}],"items_purged_floors":[10],"is_endless":false,"potions_floor_spawned":[3,8,14,16,20,22,24],"killed_by":"Gremlin Leader","ascension_level":3}