{"gold_per_floor":[215,226,244,244,6,37,51,79,79,79,96,96,106,140,140,214,214,234,252,252,252,252],"floor_reached":22,"playtime":2320,"items_purged":[],"score":340,"play_id":"66247a2b-a804-4f2e-9d14-1e1d2a6a4c76","local_time":"20190623173739","is_ascension_mode":true,"campfire_choices":[{"data":"Noxious Fumes","floor":10,"key":"SMITH"},{"data":"Dash","floor":12,"key":"SMITH"},{"data":"Malaise","floor":15,"key":"SMITH"}],"neow_cost":"NONE","seed_source_timestamp":911569859378417,"circlet_count":0,"master_deck":["AscendersBane","Defend_G","Defend_G","Defend_G","Defend_G","Defend_G","Strike_G","Strike_G","Survivor","Neutralize","Dagger Throw","Cloak And Dagger","Dash+1","Masterful Stab","Deadly Poison","Backflip","Noxious Fumes+1","Dash","Malaise+1","Cloak And Dagger","Burst","Backflip+1","Backflip","Distraction"],"relics":["Ring of the Snake","Sling","Bottled Flame","Anchor","Blood Vial","Molten Egg 2","Black Star","FaceOfCleric"],"potions_floor_usage":[8,16,22],"damage_taken":[{"damage":0,"enemies":"Cultist","floor":1,"turns":5},{"damage":7,"enemies":"Jaw Worm","floor":2,"turns":5},{"damage":0,"enemies":"Small Slimes","floor":3,"turns":5},{"damage":8,"enemies":"3 Sentries","floor":6,"turns":8},{"damage":0,"enemies":"Blue Slaver","floor":7,"turns":3},{"damage":22,"enemies":"Gremlin Nob","floor":8,"turns":4},{"damage":0,"enemies":"Looter","floor":11,"turns":3},{"damage":0,"enemies":"Large Slime","floor":13,"turns":5},{"damage":5,"enemies":"3 Sentries","floor":14,"turns":6},{"damage":17,"enemies":"Hexaghost","floor":16,"turns":11},{"damage":14,"enemies":"Chosen","floor":18,"turns":7},{"damage":16,"enemies":"2 Thieves","floor":19,"turns":5},{"damage":43,"enemies":"3 Cultists","floor":22,"turns":5}],"seed_played":"1540912774648504563","potions_obtained":[{"floor":7,"key":"Swift Potion"},{"floor":8,"key":"Swift Potion"},{"floor":13,"key":"PowerPotion"},{"floor":14,"key":"Weak Potion"},{"floor":16,"key":"LiquidBronze"}],"is_trial":false,"path_per_floor":["M","M","M","?","$","E","M","E","T","R","M","R","M","E","R","B",null,"M","M","?","?","M"],"character_chosen":"THE_SILENT","items_purchased":["Masterful Stab","Sling"],"campfire_rested":0,"item_purchase_floors":[5,5],"current_hp_per_floor":[63,56,56,56,56,48,48,26,26,26,28,28,30,27,27,12,56,44,30,30,30,0],"gold":252,"neow_bonus":"HUNDRED_GOLD","is_prod":false,"is_daily":false,"chose_seed":false,"campfire_upgraded":3,"win_rate":0,"timestamp":1561300659,"path_taken":["M","M","M","?","$","E","M","E","T","R","M","R","M","E","R","BOSS","M","M","?","?","M"],"build_version":"2019-01-23","purchased_purges":0,"victory":false,"max_hp_per_floor":[70,70,70,70,70,70,70,70,70,70,70,70,70,70,70,70,70,70,70,70,70,70],"card_choices":[{"not_picked":["Underhanded Strike","Finisher"],"picked":"Dagger Throw","floor":1},{"not_picked":["Acrobatics","Eviscerate"],"picked":"Cloak And Dagger","floor":2},{"not_picked":["Eviscerate","Outmaneuver","Bane"],"picked":"SKIP","floor":3},{"not_picked":["Cloak And Dagger","Dagger Throw"],"picked":"Deadly Poison","floor":6},{"not_picked":["Dodge and Roll","Bane"],"picked":"Backflip","floor":7},{"not_picked":["Poisoned Stab","Caltrops"],"picked":"Noxious Fumes","floor":8},{"not_picked":["Bouncing Flask","Acrobatics"],"picked":"Dash","floor":11},{"not_picked":["Flechettes","Deadly Poison"],"picked":"Malaise","floor":13},{"not_picked":["Blade Dance","Prepared"],"picked":"Cloak And Dagger","floor":14},{"not_picked":["Venomology","Doppelganger"],"picked":"Burst","floor":16},{"not_picked":["Calculated Gamble+1","Poisoned Stab+1"],"picked":"Backflip+1","floor":18},{"not_picked":["Bane+1","Blade Dance","Underhanded Strike+1"],"picked":"SKIP","floor":19}],"player_experience":447986,"relics_obtained":[{"floor":6,"key":"Bottled Flame"},{"floor":8,"key":"Anchor"},{"floor":9,"key":"Blood Vial"},{"floor":14,"key":"Molten Egg 2"}],"event_choices":[{"damage_healed":0,"gold_gain":0,"cards_transformed":["Strike_G"],"player_choice":"Change","damage_taken":0,"max_hp_gain":0,"max_hp_loss":0,"event_name":"Living Wall","floor":4,"gold_loss":0,"cards_obtained":["Dash"]},{"damage_healed":0,"gold_gain":0,"cards_transformed":["Strike_G","Strike_G"],"player_choice":"Became Test Subject","damage_taken":0,"max_hp_gain":0,"max_hp_loss":0,"event_name":"Drug Dealer","floor":20,"gold_loss":0,"cards_obtained":["Backflip","Distraction"]},{"damage_healed":0,"gold_gain":0,"player_choice":"Trade","damage_taken":0,"relics_obtained":["FaceOfCleric"],"max_hp_gain":0,"max_hp_loss":0,"event_name":"FaceTrader","floor":21,"gold_loss":0}],"is_beta":false,"boss_relics":[{"not_picked":["Philosopher\u0027s Stone","Ring of the Serpent"],"picked":"Black Star"}],"items_purged_floors":[],"is_endless":false,"potions_floor_spawned":[7,8,13,14,16],"killed_by":"3 Cultists","ascension_level":13}