{"gold_per_floor":[109,109,127,144,155,155,184,194,194,27,49,49,62,62,62,166,166,182,199,199,28,41,41,72,72,372,384,394,394,413,413,413,413],"floor_reached":33,"playtime":3810,"items_purged":[],"score":269,"play_id":"38912db2-ee81-4626-93d4-efae79ca405f","local_time":"20190722205000","is_ascension_mode":false,"campfire_choices":[{"data":"Dualcast","floor":6.0,"key":"SMITH"},{"floor":12,"key":"REST"},{"floor":15,"key":"REST"},{"floor":23,"key":"REST"},{"floor":25,"key":"REST"},{"data":"Zap","floor":29,"key":"SMITH"},{"floor":32,"key":"REST"}],"neow_cost":"NONE","seed_source_timestamp":0,"circlet_count":0,"master_deck":["Strike_B+1","Strike_B","Strike_B","Defend_B","Defend_B","Defend_B","Zap+1","Dualcast+1","Rebound","Zap","All For One","Stack","Defragment","Ball Lightning","Compile Driver+1","Go for the Eyes","Master of Strategy","Redo","Genetic Algorithm","Electrodynamics","Tempest","Aggregate","Reboot","Mind Blast","Scrape","Steam Power+1","Self Repair","Gash","Reprogram"],"special_seed":0,"relics":["Cracked Core","Smiling Mask","Blood Vial","Odd Mushroom","Velvet Choker","Whetstone","Nloth\u0027s Gift"],"potions_floor_usage":[11,16,24,33,33,33],"damage_taken":[{"damage":1.0,"enemies":"Cultist","floor":1.0,"turns":3.0},{"damage":6.0,"enemies":"Jaw Worm","floor":3.0,"turns":3.0},{"damage":0.0,"enemies":"Small Slimes","floor":4.0,"turns":3.0},{"damage":16.0,"enemies":"Red Slaver","floor":5.0,"turns":3.0},{"damage":21.0,"enemies":"Gremlin Nob","floor":7.0,"turns":4.0},{"damage":7.0,"enemies":"Blue Slaver","floor":8.0,"turns":2.0},{"damage":26,"enemies":"The Mushroom Lair","floor":11,"turns":4},{"damage":6,"enemies":"Large Slime","floor":13,"turns":5},{"damage":46,"enemies":"The Guardian","floor":16,"turns":11},{"damage":37,"enemies":"2 Thieves","floor":18,"turns":3},{"damage":12,"enemies":"Shell Parasite","floor":19,"turns":4},{"damage":12,"enemies":"Snake Plant","floor":22,"turns":4},{"damage":20,"enemies":"Book of Stabbing","floor":24,"turns":5},{"damage":10,"enemies":"Sentry and Sphere","floor":27,"turns":3},{"damage":20,"enemies":"Centurion and Healer","floor":28,"turns":6},{"damage":15,"enemies":"Snake Plant","floor":30,"turns":3},{"damage":89,"enemies":"Automaton","floor":33,"turns":6}],"seed_played":"183169616455946938","potions_obtained":[{"floor":1.0,"key":"Energy Potion"},{"floor":3.0,"key":"Energy Potion"},{"floor":8,"key":"SpeedPotion"},{"floor":14,"key":"Dexterity Potion"},{"floor":14,"key":"Block Potion"},{"floor":14,"key":"FocusPotion"},{"floor":16,"key":"FearPotion"},{"floor":27,"key":"Weak Potion"}],"is_trial":false,"path_per_floor":["M","?","M","M","M","R","E","M","T","$","?","R","M","?","R","B",null,"M","M","?","$","M","R","E","R","T","M","M","R","M","?","R","B"],"character_chosen":"DEFECT","items_purchased":["Master of Strategy","Mind Blast","Scrape"],"campfire_rested":5,"item_purchase_floors":[10,21,21],"current_hp_per_floor":[81,81,75,75,59,59,38,31,31,31,7,31,27,27,51,7,82,45,35,35,35,25,49,31,55,55,54,43,43,37,37,61,0],"gold":413,"neow_bonus":"TEN_PERCENT_HP_BONUS","is_prod":false,"is_daily":false,"chose_seed":false,"campfire_upgraded":2,"win_rate":0.0,"timestamp":1563825000,"path_taken":["M","?","M","M","M","R","E","?","T","$","?","R","M","?","R","BOSS","M","M","?","$","M","R","E","R","T","M","M","R","M","?","R","BOSS"],"build_version":"2019-07-17","purchased_purges":0,"victory":false,"max_hp_per_floor":[82,82,82,82,82,82,82,82,82,82,82,82,82,82,82,82,82,82,82,82,82,82,82,82,82,82,82,82,82,82,82,82,82],"card_choices":[{"not_picked":["Reprogram","Glacier"],"picked":"Rebound","floor":1.0},{"not_picked":["Doom and Gloom","Undo"],"picked":"Stack","floor":3.0},{"not_picked":["Consume","Hologram"],"picked":"Defragment","floor":4.0},{"not_picked":["Seek","Gash"],"picked":"Ball Lightning","floor":5.0},{"not_picked":["Sweeping Beam","Self Repair"],"picked":"Compile Driver","floor":7.0},{"not_picked":["Stack","Steam"],"picked":"Go for the Eyes","floor":8},{"not_picked":["All For One","Steam"],"picked":"Redo","floor":11},{"not_picked":["Defragment","Aggregate"],"picked":"Genetic Algorithm","floor":13},{"not_picked":["Biased Cognition","Creative AI"],"picked":"Electrodynamics","floor":16},{"not_picked":["Stack","Go for the Eyes","Hologram"],"picked":"SKIP","floor":18},{"not_picked":["Compile Driver","Storm"],"picked":"Tempest","floor":19},{"not_picked":["Barrage","Go for the Eyes"],"picked":"Steam Power+1","floor":22},{"not_picked":["Barrage","Thunder Strike"],"picked":"Self Repair","floor":24},{"not_picked":["Conserve Battery+1","Coolheaded"],"picked":"Gash","floor":27},{"not_picked":["Leap","Fusion"],"picked":"Reprogram","floor":28},{"not_picked":["Barrage","Stack","Coolheaded"],"picked":"SKIP","floor":30}],"player_experience":364875,"relics_obtained":[{"floor":7.0,"key":"Smiling Mask"},{"floor":9,"key":"Blood Vial"},{"floor":11,"key":"Odd Mushroom"},{"floor":24,"key":"Whetstone"},{"floor":26,"key":"Old Coin"}],"event_choices":[{"damage_healed":0.0,"max_hp_gain":0.0,"max_hp_loss":0.0,"gold_gain":0.0,"event_name":"Match and Keep!","player_choice":"2 cards matched","floor":2.0,"gold_loss":0.0,"damage_taken":0.0,"cards_obtained":["Zap","All For One"]},{"damage_healed":0,"gold_gain":0,"player_choice":"Fought Mushrooms","damage_taken":0,"max_hp_gain":0,"max_hp_loss":0,"event_name":"Mushrooms","floor":11,"gold_loss":0},{"damage_healed":0,"gold_gain":0,"player_choice":"Got Potions","damage_taken":0,"max_hp_gain":0,"max_hp_loss":0,"event_name":"Lab","floor":14,"gold_loss":0},{"damage_healed":0,"gold_gain":0,"cards_transformed":["Defend_B","Strike_B"],"player_choice":"Became Test Subject","damage_taken":0,"max_hp_gain":0,"max_hp_loss":0,"event_name":"Drug Dealer","floor":20,"gold_loss":0,"cards_obtained":["Aggregate","Reboot"]},{"damage_healed":0,"gold_gain":0,"player_choice":"Traded Relic","damage_taken":0,"relics_obtained":["Nloth\u0027s Gift"],"max_hp_gain":0,"max_hp_loss":0,"event_name":"N\u0027loth","floor":31,"relics_lost":["Old Coin"],"gold_loss":0}],"is_beta":false,"boss_relics":[{"not_picked":["Inserter","Astrolabe"],"picked":"Velvet Choker"}],"items_purged_floors":[],"is_endless":false,"potions_floor_spawned":[1,3,8,16,19,27],"killed_by":"Automaton","ascension_level":0}