{"gold_per_floor":[210,210,228,238,238,273,3,17,90,113,113,124,141,153,153,255,255,271,271,271,281,281,281,281,299,323,323,335,353,366,366,366,467,467,480,499,177,195,195],"floor_reached":39,"playtime":1303,"items_purged":[],"score":387,"play_id":"634d43bd-794a-47c8-9595-b671d7121ec8","local_time":"20190617010407","is_ascension_mode":false,"campfire_choices":[{"floor":11,"key":"REST"},{"data":"Double Tap","floor":15,"key":"SMITH"},{"floor":23,"key":"REST"},{"floor":27,"key":"REST"},{"floor":32,"key":"REST"}],"neow_cost":"NONE","seed_source_timestamp":334580837733942,"circlet_count":0,"master_deck":["Strike_R","Strike_R","Strike_R","Strike_R","Strike_R","Defend_R","Defend_R","Bash","Sword Boomerang","Sword Boomerang","Clash","Perfected Strike","Flex","Thunderclap","Combust","Double Tap+1","Clash","Heavy Blade","Perfected Strike","Perfected Strike","Reaper+1","Inflame+1","Disarm","Thunderclap+1","Sword Boomerang","Flex","Clothesline","Iron Wave+1","Limit Break","Pommel Strike","Rupture","Inflame","Heavy Blade","Heavy Blade+1"],"relics":["Burning Blood","Torii","Letter Opener","Bronze Scales","Fusion Hammer","Vajra","Runic Cube","Medical Kit"],"potions_floor_usage":[33],"damage_taken":[{"damage":12,"enemies":"Small Slimes","floor":1,"turns":3},{"damage":8,"enemies":"Jaw Worm","floor":3,"turns":4},{"damage":5,"enemies":"Cultist","floor":4,"turns":4},{"damage":39,"enemies":"3 Sentries","floor":6,"turns":8},{"damage":11,"enemies":"Exordium Wildlife","floor":8,"turns":3},{"damage":8,"enemies":"Red Slaver","floor":12,"turns":2},{"damage":3,"enemies":"Large Slime","floor":13,"turns":3},{"damage":13,"enemies":"Gremlin Gang","floor":14,"turns":2},{"damage":24,"enemies":"Hexaghost","floor":16,"turns":6},{"damage":3,"enemies":"Spheric Guardian","floor":18,"turns":2},{"damage":19,"enemies":"3 Byrds","floor":21,"turns":3},{"damage":43,"enemies":"Shelled Parasite and Fungi","floor":25,"turns":4},{"damage":2,"enemies":"Cultist and Chosen","floor":28,"turns":3},{"damage":25,"enemies":"Centurion and Healer","floor":29,"turns":3},{"damage":8,"enemies":"Shelled Parasite and Fungi","floor":30,"turns":2},{"damage":64,"enemies":"Champ","floor":33,"turns":7},{"damage":34,"enemies":"3 Darklings","floor":35,"turns":3},{"damage":25,"enemies":"3 Shapes","floor":36,"turns":2},{"damage":34,"enemies":"Transient","floor":38,"turns":5},{"damage":37,"enemies":"Writhing Mass","floor":39,"turns":3}],"seed_played":"-7069566430571757723","potions_obtained":[{"floor":3,"key":"FearPotion"},{"floor":4,"key":"GamblersBrew"},{"floor":8,"key":"Regen Potion"},{"floor":21,"key":"SteroidPotion"},{"floor":33,"key":"Dexterity Potion"}],"is_trial":false,"path_per_floor":["M","?","M","M","?","E","$","M","T","T","R","M","M","M","R","B",null,"M","?","?","M","?","R","?","M","T","R","M","M","M","?","R","B",null,"M","M","$","M","M"],"character_chosen":"IRONCLAD","items_purchased":["Thunderclap","Combust","Double Tap","Inflame","Medical Kit","Heavy Blade"],"campfire_rested":4,"item_purchase_floors":[7,7,7,37,37,37],"current_hp_per_floor":[74,74,72,73,78,45,45,40,40,40,65,63,66,59,59,41,85,85,85,85,72,56,83,67,30,30,57,69,52,50,50,77,19,90,62,43,43,15,0],"gold":195,"neow_bonus":"HUNDRED_GOLD","is_prod":false,"is_daily":false,"chose_seed":false,"campfire_upgraded":1,"win_rate":0,"timestamp":1560722647,"path_taken":["M","?","M","M","?","E","$","M","T","?","R","?","M","M","R","BOSS","M","?","?","?","?","R","?","M","T","R","M","M","M","?","R","BOSS","M","M","$","?","M"],"build_version":"2019-01-23","purchased_purges":0,"victory":false,"max_hp_per_floor":[80,80,80,80,85,85,85,85,85,85,85,85,85,85,85,85,85,85,85,85,85,90,90,90,90,90,90,90,90,90,90,90,90,90,90,90,90,90,90],"card_choices":[{"not_picked":["Anger","Seeing Red"],"picked":"Sword Boomerang","floor":1},{"not_picked":["Feel No Pain","Clothesline"],"picked":"Clash","floor":3},{"not_picked":["Metallicize","Sword Boomerang"],"picked":"Perfected Strike","floor":4},{"not_picked":["Twin Strike","Wild Strike"],"picked":"Flex","floor":6},{"not_picked":["Warcry","Feel No Pain"],"picked":"Clash","floor":8},{"not_picked":["Havoc","Pommel Strike"],"picked":"Heavy Blade","floor":12},{"not_picked":["Flame Barrier","Bloodletting"],"picked":"Perfected Strike","floor":13},{"not_picked":["Intimidate","Pommel Strike"],"picked":"Perfected Strike","floor":14},{"not_picked":["Juggernaut","Bludgeon"],"picked":"Reaper","floor":16},{"not_picked":["Sever Soul","Thunderclap"],"picked":"Inflame+1","floor":18},{"not_picked":["Rampage","Bloodletting"],"picked":"Thunderclap+1","floor":21},{"not_picked":["Rampage","Iron Wave"],"picked":"Sword Boomerang","floor":25},{"not_picked":["Shrug It Off","Carnage+1"],"picked":"Flex","floor":28},{"not_picked":["Anger+1","Warcry"],"picked":"Clothesline","floor":29},{"not_picked":["Exhume","Infernal Blade"],"picked":"Iron Wave+1","floor":30},{"not_picked":["Impervious","Barricade"],"picked":"Limit Break","floor":33},{"not_picked":["Blood for Blood","Sever Soul"],"picked":"Pommel Strike","floor":35},{"not_picked":["Havoc","Power Through+1"],"picked":"Rupture","floor":36},{"not_picked":["True Grit","Entrench"],"picked":"Heavy Blade+1","floor":38}],"player_experience":267551,"relics_obtained":[{"floor":6,"key":"Torii"},{"floor":9,"key":"Letter Opener"},{"floor":10,"key":"Bronze Scales"},{"floor":26,"key":"Vajra"}],"event_choices":[{"damage_healed":0,"gold_gain":0,"cards_transformed":["Defend_R"],"player_choice":"Change","damage_taken":0,"max_hp_gain":0,"max_hp_loss":0,"event_name":"Living Wall","floor":2,"gold_loss":0,"cards_obtained":["Sword Boomerang"]},{"damage_healed":0,"gold_gain":0,"player_choice":"Donut","damage_taken":0,"max_hp_gain":5,"max_hp_loss":0,"event_name":"Big Fish","floor":5,"gold_loss":0},{"damage_healed":0,"gold_gain":0,"player_choice":"Ignored","damage_taken":0,"max_hp_gain":0,"max_hp_loss":0,"event_name":"Vampires","floor":19,"gold_loss":0},{"damage_healed":0,"gold_gain":0,"cards_transformed":["Defend_R"],"player_choice":"Transformed","damage_taken":0,"max_hp_gain":0,"max_hp_loss":0,"event_name":"Transmorgrifier","floor":20,"gold_loss":0,"cards_obtained":["Disarm"]},{"damage_healed":0,"gold_gain":0,"player_choice":"Shed Blood","damage_taken":21,"max_hp_gain":5,"max_hp_loss":0,"event_name":"Forgotten Altar","floor":22,"gold_loss":0},{"damage_healed":0,"gold_gain":0,"player_choice":"Obtained Book","damage_taken":16,"max_hp_gain":0,"max_hp_loss":0,"event_name":"Cursed Tome","floor":24,"gold_loss":0},{"damage_healed":0,"gold_gain":0,"player_choice":"Forge","damage_taken":0,"max_hp_gain":0,"max_hp_loss":0,"event_name":"Accursed Blacksmith","floor":31,"gold_loss":0,"cards_upgraded":["Reaper"]}],"is_beta":false,"boss_relics":[{"not_picked":["Astrolabe","Lizard Tail"],"picked":"Fusion Hammer"},{"not_picked":["Tiny House","Pandora\u0027s Box"],"picked":"Runic Cube"}],"items_purged_floors":[],"is_endless":false,"potions_floor_spawned":[3,4,8,12,21,29,30,33],"killed_by":"Writhing Mass","ascension_level":0}