{"gold_per_floor":[118,135,34,34,53,81,97,131,169,181,204,216],"floor_reached":12,"playtime":1110,"items_purged":["Doubt"],"score":213,"play_id":"781c4594-ab84-4dd0-a590-78c7ebeb8a0e","local_time":"20190714131148","is_ascension_mode":true,"campfire_choices":[{"floor":10,"key":"REST"}],"neow_cost":"NONE","seed_source_timestamp":33211134134609,"circlet_count":0,"master_deck":["AscendersBane","Strike_B","Strike_B","Strike_B","Strike_B","Defend_B","Defend_B","Defend_B","Defend_B","Zap","Dualcast","Normality","Cold Snap","Conserve Battery","Coolheaded","Streamline","Genetic Algorithm","Lockon","White Noise"],"special_seed":0,"relics":["Calling Bell","PreservedInsect","Kunai","FossilizedHelix","Happy Flower","MawBank","Ancient Tea Set"],"potions_floor_usage":[12],"damage_taken":[{"damage":4.0,"enemies":"Jaw Worm","floor":1.0,"turns":6.0},{"damage":5.0,"enemies":"Small Slimes","floor":2.0,"turns":5.0},{"damage":6.0,"enemies":"2 Louse","floor":5.0,"turns":5.0},{"damage":0.0,"enemies":"3 Sentries","floor":6.0,"turns":7.0},{"damage":15.0,"enemies":"Lots of Slimes","floor":7.0,"turns":6.0},{"damage":11,"enemies":"Lagavulin","floor":8,"turns":7},{"damage":15,"enemies":"Red Slaver","floor":11,"turns":4},{"damage":22,"enemies":"3 Sentries","floor":12,"turns":4}],"seed_played":"8432572068531964747","potions_obtained":[{"floor":1.0,"key":"Explosive Potion"},{"floor":7.0,"key":"Swift Potion"},{"floor":11,"key":"FearPotion"}],"is_trial":false,"path_per_floor":["M","M","$","?","M","E","M","E","T","R","M","E"],"character_chosen":"DEFECT","items_purchased":["Coolheaded"],"campfire_rested":1,"item_purchase_floors":[3],"current_hp_per_floor":[60,55,55,48,42,42,27,16,16,37,22,0],"gold":216,"neow_bonus":"BOSS_RELIC","is_prod":false,"is_daily":false,"chose_seed":false,"campfire_upgraded":0,"win_rate":0,"timestamp":1563099108,"path_taken":["M","M","$","?","M","E","M","E","T","R","M","E"],"build_version":"2019-07-05","purchased_purges":1,"victory":false,"max_hp_per_floor":[71,71,71,71,71,71,71,71,71,71,71,71],"card_choices":[{"not_picked":["Steam Power","Sweeping Beam"],"picked":"Cold Snap","floor":1.0},{"not_picked":["Storm","Rebound"],"picked":"Conserve Battery","floor":2.0},{"not_picked":["Conserve Battery","Turbo"],"picked":"Streamline","floor":5.0},{"not_picked":["Darkness","Melter"],"picked":"Genetic Algorithm","floor":6.0},{"not_picked":["Compile Driver","Stack"],"picked":"Lockon","floor":7.0},{"not_picked":["Streamline","Compile Driver"],"picked":"White Noise","floor":8},{"not_picked":["Doom and Gloom","Beam Cell","Streamline"],"picked":"SKIP","floor":11}],"player_experience":685011,"relics_obtained":[{"floor":0.0,"key":"PreservedInsect"},{"floor":0.0,"key":"Kunai"},{"floor":0.0,"key":"FossilizedHelix"},{"floor":6.0,"key":"Happy Flower"},{"floor":8,"key":"MawBank"},{"floor":9,"key":"Ancient Tea Set"}],"event_choices":[{"cards_removed":["Normality"],"damage_healed":0.0,"max_hp_gain":0.0,"max_hp_loss":0.0,"gold_gain":0.0,"event_name":"Golden Wing","player_choice":"Card Removal","floor":4.0,"gold_loss":0.0,"damage_taken":7.0}],"is_beta":false,"boss_relics":[],"items_purged_floors":[3],"is_endless":false,"potions_floor_spawned":[1,7,11],"killed_by":"3 Sentries","ascension_level":17}