{"gold_per_floor":[110,128,128,54,104,104,130,28,28,6,16,16,76,108,108,209,209,220,270],"floor_reached":19,"playtime":2467,"items_purged":["Doubt"],"score":225,"play_id":"46508981-b13c-45eb-b67a-ea8a7fa2430c","local_time":"20190710152757","is_ascension_mode":false,"campfire_choices":[{"floor":6,"key":"REST"},{"floor":12,"key":"REST"},{"floor":15,"key":"REST"}],"neow_cost":"CURSE","seed_source_timestamp":427747715904900,"circlet_count":0,"master_deck":["Strike_R+1","Strike_R","Strike_R","Strike_R","Strike_R","Defend_R","Defend_R+1","Defend_R","Defend_R","Bash","Sword Boomerang","Heavy Blade","Shrug It Off","Clash","Headbutt","Headbutt","Shockwave","Cleave","Impervious"],"relics":["Burning Blood","SsserpentHead","Mango","Red Skull","Shuriken","Anchor","Snecko Eye"],"potions_floor_usage":[7,16,19],"damage_taken":[{"damage":3,"enemies":"2 Louse","floor":1,"turns":3},{"damage":1,"enemies":"Cultist","floor":2,"turns":4},{"damage":49,"enemies":"Lagavulin","floor":7,"turns":9},{"damage":0,"enemies":"Small Slimes","floor":11,"turns":3},{"damage":2,"enemies":"Blue Slaver","floor":13,"turns":3},{"damage":33,"enemies":"3 Sentries","floor":14,"turns":7},{"damage":42,"enemies":"Slime Boss","floor":16,"turns":9},{"damage":32,"enemies":"3 Byrds","floor":18,"turns":6},{"damage":27,"enemies":"Masked Bandits","floor":19,"turns":4}],"seed_played":"-2327052237380181040","potions_obtained":[{"floor":2,"key":"Ancient Potion"},{"floor":13,"key":"SkillPotion"},{"floor":16,"key":"EssenceOfSteel"}],"is_trial":false,"path_per_floor":["M","M","?","$","?","R","E","$","T","$","M","R","M","E","R","B",null,"M","?"],"character_chosen":"IRONCLAD","items_purchased":["Shrug It Off","Red Skull","Headbutt"],"campfire_rested":3,"item_purchase_floors":[4,8,10],"current_hp_per_floor":[96,96,96,96,77,96,67,67,67,67,73,106,110,83,110,74,110,84,57],"gold":270,"neow_bonus":"TWENTY_PERCENT_HP_BONUS","is_prod":false,"is_daily":false,"chose_seed":false,"campfire_upgraded":0,"win_rate":0.0,"timestamp":1562768877,"path_taken":["M","M","?","?","?","R","E","?","T","$","M","R","?","E","R","BOSS","M","?"],"build_version":"2019-07-05","purchased_purges":1,"victory":false,"max_hp_per_floor":[96,96,96,96,96,96,110,110,110,110,110,110,110,110,110,110,110,110,110],"card_choices":[{"not_picked":["Power Through","Perfected Strike"],"picked":"Sword Boomerang","floor":1},{"not_picked":["Body Slam","Fire Breathing"],"picked":"Heavy Blade","floor":2},{"not_picked":["Corruption","Heavy Blade"],"picked":"Clash","floor":7},{"not_picked":["Body Slam","Sever Soul"],"picked":"Headbutt","floor":11},{"not_picked":["Shrug It Off","True Grit"],"picked":"Shockwave","floor":13},{"not_picked":["Barricade","Ghostly Armor"],"picked":"Cleave","floor":14},{"not_picked":["Limit Break","Berserk"],"picked":"Impervious","floor":16},{"not_picked":["Armaments","Blood for Blood","Flex"],"picked":"SKIP","floor":18}],"player_experience":173159,"relics_obtained":[{"floor":7,"key":"Mango"},{"floor":9,"key":"Shuriken"},{"floor":14,"key":"Anchor"}],"event_choices":[{"damage_healed":0,"gold_gain":0,"player_choice":"Trade","damage_taken":0,"relics_obtained":["SsserpentHead"],"max_hp_gain":0,"max_hp_loss":0,"event_name":"FaceTrader","floor":3,"gold_loss":0},{"damage_healed":0,"gold_gain":0,"player_choice":"Entered Light","damage_taken":19,"max_hp_gain":0,"max_hp_loss":0,"event_name":"Shining Light","floor":5,"gold_loss":0,"cards_upgraded":["Defend_R","Strike_R"]},{"damage_healed":0,"gold_gain":0,"player_choice":"Fought Bandits","damage_taken":0,"max_hp_gain":0,"max_hp_loss":0,"event_name":"Masked Bandits","floor":19,"gold_loss":0}],"is_beta":false,"boss_relics":[{"not_picked":["Astrolabe","Ectoplasm"],"picked":"Snecko Eye"}],"items_purged_floors":[4],"is_endless":false,"potions_floor_spawned":[2,13,16],"killed_by":"Masked Bandits","ascension_level":0}