{"gold_per_floor":[112,112,112,112,112,146,146,171,171,188,204,231,241,258,258,258],"floor_reached":16,"playtime":405,"items_purged":[],"score":340,"play_id":"ab279519-1f9f-472c-93c0-2aa278815845","local_time":"20190701162013","is_ascension_mode":true,"campfire_choices":[{"data":"Ghostly Armor","floor":7,"key":"SMITH"},{"data":"Ghostly Armor","floor":15,"key":"SMITH"}],"neow_cost":"NONE","seed_source_timestamp":277098860758200,"circlet_count":0,"master_deck":["AscendersBane","Strike_R","Strike_R","Strike_R+1","Strike_R","Defend_R+1","Defend_R+1","Defend_R+1","Defend_R+1","Bash","Flex+1","Ghostly Armor+1","Combust+1","Ghostly Armor+1","Dark Embrace+1","Clothesline","Second Wind"],"relics":["Burning Blood","NeowsBlessing","War Paint","Frozen Egg 2","Letter Opener","Meat on the Bone"],"potions_floor_usage":[12,16,16],"damage_taken":[{"damage":0,"enemies":"Small Slimes","floor":1,"turns":1},{"damage":0,"enemies":"Gremlin Nob","floor":6,"turns":1},{"damage":0,"enemies":"3 Sentries","floor":8,"turns":2},{"damage":9,"enemies":"2 Louse","floor":10,"turns":2},{"damage":2,"enemies":"Cultist","floor":11,"turns":3},{"damage":15,"enemies":"Lagavulin","floor":12,"turns":5},{"damage":4,"enemies":"Blue Slaver","floor":13,"turns":4},{"damage":10,"enemies":"Large Slime","floor":14,"turns":5},{"damage":46,"enemies":"The Guardian","floor":16,"turns":13}],"seed_played":"-1778895923691733225","potions_obtained":[{"floor":1,"key":"PowerPotion"},{"floor":8,"key":"Swift Potion"},{"floor":14,"key":"SkillPotion"}],"is_trial":false,"path_per_floor":["M","?","?","?","?","E","R","E","T","M","M","E","M","M","R","B"],"character_chosen":"IRONCLAD","items_purchased":[],"campfire_rested":0,"item_purchase_floors":[],"current_hp_per_floor":[74,74,51,44,44,50,50,56,56,53,57,48,50,46,46,0],"gold":258,"neow_bonus":"THREE_ENEMY_KILL","is_prod":false,"is_daily":false,"chose_seed":false,"campfire_upgraded":2,"win_rate":0,"timestamp":1562012413,"path_taken":["M","?","?","?","?","E","R","E","T","?","M","E","M","M","R","BOSS"],"build_version":"2019-01-23","purchased_purges":0,"victory":false,"max_hp_per_floor":[75,75,75,75,75,75,75,75,75,75,75,75,75,75,75,75],"card_choices":[{"not_picked":["Blood for Blood","Iron Wave"],"picked":"Flex","floor":1},{"not_picked":["Anger","Pommel Strike"],"picked":"Ghostly Armor","floor":6},{"not_picked":["Clothesline","Iron Wave"],"picked":"Combust","floor":8},{"not_picked":["Perfected Strike","True Grit"],"picked":"Ghostly Armor","floor":10},{"not_picked":["Warcry","Clash","Rage"],"picked":"SKIP","floor":11},{"not_picked":["Metallicize+1","Dropkick"],"picked":"Dark Embrace+1","floor":12},{"not_picked":["Headbutt","Rage"],"picked":"Clothesline","floor":13},{"not_picked":["Body Slam","Headbutt"],"picked":"Second Wind","floor":14}],"player_experience":1626003,"relics_obtained":[{"floor":6,"key":"War Paint"},{"floor":8,"key":"Frozen Egg 2"},{"floor":9,"key":"Letter Opener"},{"floor":12,"key":"Meat on the Bone"}],"event_choices":[{"damage_healed":0,"gold_gain":0,"player_choice":"Grow","damage_taken":0,"max_hp_gain":0,"max_hp_loss":0,"event_name":"Living Wall","floor":2,"gold_loss":0,"cards_upgraded":["Flex"]},{"damage_healed":0,"gold_gain":0,"player_choice":"Entered Light","damage_taken":23,"max_hp_gain":0,"max_hp_loss":0,"event_name":"Shining Light","floor":3,"gold_loss":0,"cards_upgraded":["Defend_R","Strike_R"]},{"cards_removed":["Strike_R"],"damage_healed":0,"gold_gain":0,"player_choice":"Card Removal","damage_taken":7,"max_hp_gain":0,"max_hp_loss":0,"event_name":"Golden Wing","floor":4,"gold_loss":0},{"damage_healed":0,"gold_gain":0,"player_choice":"Upgraded","damage_taken":0,"max_hp_gain":0,"max_hp_loss":0,"event_name":"Upgrade Shrine","floor":5,"gold_loss":0,"cards_upgraded":["Defend_R"]}],"is_beta":false,"boss_relics":[],"items_purged_floors":[],"is_endless":false,"potions_floor_spawned":[1,8,14],"killed_by":"The Guardian","ascension_level":20}