{"gold_per_floor":[111,111,123,141,160,192,208,27,54],"floor_reached":9,"playtime":2723,"items_purged":[],"score":65,"play_id":"537190a7-8daa-4e4d-a5c9-6ccdb4857bc0","local_time":"20190726111651","is_ascension_mode":false,"campfire_choices":[],"neow_cost":"NONE","seed_source_timestamp":586463703286900,"circlet_count":0,"master_deck":["Strike_R","Strike_R","Strike_R","Strike_R","Strike_R","Defend_R","Defend_R","Defend_R","Defend_R","Bash","Armaments","Battle Trance","Clothesline","Disarm"],"relics":["Burning Blood","NeowsBlessing","Shovel","Red Skull","Pen Nib"],"potions_floor_usage":[6,7],"damage_taken":[{"damage":0,"enemies":"Jaw Worm","floor":1,"turns":1},{"damage":0,"enemies":"Cultist","floor":3,"turns":1},{"damage":0,"enemies":"Small Slimes","floor":4,"turns":1},{"damage":14,"enemies":"Blue Slaver","floor":5,"turns":3},{"damage":57,"enemies":"3 Sentries","floor":6,"turns":12},{"damage":2,"enemies":"2 Fungi Beasts","floor":7,"turns":3}],"seed_played":"-7955039933458568407","potions_obtained":[{"floor":1,"key":"Ancient Potion"},{"floor":2,"key":"AttackPotion"},{"floor":2,"key":"SneckoOil"},{"floor":2,"key":"BloodPotion"},{"floor":3,"key":"BloodPotion"},{"floor":6,"key":"Explosive Potion"}],"is_trial":false,"path_per_floor":["M","?","M","M","M","E","M","$","T"],"character_chosen":"IRONCLAD","items_purchased":["Red Skull","Disarm"],"campfire_rested":0,"item_purchase_floors":[8,8],"current_hp_per_floor":[80,80,80,80,72,41,45,45,45],"gold":54,"neow_bonus":"THREE_ENEMY_KILL","is_prod":false,"is_daily":false,"chose_seed":false,"campfire_upgraded":0,"win_rate":0,"timestamp":1564136211,"path_taken":["M","?","M","?","M","E","M","$","T"],"build_version":"2019-07-17","purchased_purges":0,"victory":false,"max_hp_per_floor":[80,80,80,80,80,80,80,80,80],"card_choices":[{"not_picked":["Thunderclap","Body Slam"],"picked":"Armaments","floor":1},{"not_picked":["Warcry","Twin Strike"],"picked":"Battle Trance","floor":3},{"not_picked":["Dropkick","Metallicize","Warcry"],"picked":"SKIP","floor":4},{"not_picked":["Wild Strike","Dual Wield","Perfected Strike"],"picked":"SKIP","floor":5},{"not_picked":["Thunderclap","Immolate"],"picked":"Clothesline","floor":6},{"not_picked":["Headbutt","Hemokinesis","Clash"],"picked":"SKIP","floor":7}],"player_experience":451574,"relics_obtained":[{"floor":6,"key":"Shovel"},{"floor":9,"key":"Pen Nib"}],"event_choices":[{"damage_healed":0,"gold_gain":0,"player_choice":"Got Potions","damage_taken":0,"max_hp_gain":0,"max_hp_loss":0,"event_name":"Lab","floor":2,"gold_loss":0}],"is_beta":false,"boss_relics":[],"items_purged_floors":[],"is_endless":false,"potions_floor_spawned":[1,3,6],"ascension_level":0}