{"gold_per_floor":[114,114,39,57,76,76,108,108,131,157,169,203,221,22,22,96,96,114,125,125,4,4,39,39,68,138,138,171,185,210,210,210,284,284,296,308,325,341,341,369,369,403,403,403,430,446,145,145,145,145,145,145,42,42],"floor_reached":54,"playtime":6029,"items_purged":["Regret","Strike_R"],"score":1338,"play_id":"ced33418-bd3c-4fe7-9193-4d383e1b578e","local_time":"20190624002346","is_ascension_mode":true,"campfire_choices":[{"data":"Bash","floor":6.0,"key":"SMITH"},{"floor":8.0,"key":"REST"},{"data":"Clothesline","floor":15.0,"key":"SMITH"},{"floor":24.0,"key":"REST"},{"data":"Demon Form","floor":27.0,"key":"SMITH"},{"floor":32.0,"key":"REST"},{"data":"Corruption","floor":41.0,"key":"SMITH"},{"floor":44.0,"key":"RECALL"},{"data":"Flame Barrier","floor":49.0,"key":"SMITH"},{"data":"Battle Trance","floor":52,"key":"SMITH"}],"neow_cost":"NONE","seed_source_timestamp":931058267101029,"circlet_count":0,"master_deck":["AscendersBane","Strike_R+1","Strike_R+1","Strike_R+1","Defend_R+1","Defend_R+1","Defend_R+1","Defend_R+1","Bash+1","Twin Strike","Anger","Headbutt","Corruption+1","Iron Wave","Thunderclap","Juggernaut","Clothesline+1","Shrug It Off","Demon Form+1","Shrug It Off","Inflame","Entrench","Flame Barrier+1","Havoc","Battle Trance+1","Fiend Fire","Dark Embrace","Parasite","True Grit+1","True Grit"],"special_seed":0,"relics":["Burning Blood","Centennial Puzzle","Blood Vial","Thread and Needle","Ancient Tea Set","Blue Candle","Boot","Philosopher\u0027s Stone","Happy Flower","Bag of Preparation","Singing Bowl","Mercury Hourglass","StoneCalendar","Busted Crown","Strawberry","Pen Nib","Magic Flower","Turnip"],"potions_floor_usage":[50,50,54],"damage_taken":[{"damage":11.0,"enemies":"Small Slimes","floor":1.0,"turns":4.0},{"damage":5.0,"enemies":"2 Louse","floor":4.0,"turns":5.0},{"damage":7.0,"enemies":"Jaw Worm","floor":5.0,"turns":4.0},{"damage":50.0,"enemies":"3 Sentries","floor":7.0,"turns":9.0},{"damage":13.0,"enemies":"Gremlin Nob","floor":10.0,"turns":4.0},{"damage":0.0,"enemies":"Blue Slaver","floor":11.0,"turns":4.0},{"damage":6.0,"enemies":"Lagavulin","floor":12.0,"turns":5.0},{"damage":6.0,"enemies":"Gremlin Gang","floor":13.0,"turns":3.0},{"damage":60.0,"enemies":"The Guardian","floor":16.0,"turns":11.0},{"damage":11.0,"enemies":"Spheric Guardian","floor":18.0,"turns":4.0},{"damage":28.0,"enemies":"Shell Parasite","floor":19.0,"turns":6.0},{"damage":22.0,"enemies":"Slavers","floor":23.0,"turns":6.0},{"damage":22.0,"enemies":"Book of Stabbing","floor":25.0,"turns":5.0},{"damage":17.0,"enemies":"Gremlin Leader","floor":28.0,"turns":6.0},{"damage":7.0,"enemies":"Centurion and Healer","floor":29.0,"turns":4.0},{"damage":17.0,"enemies":"Book of Stabbing","floor":30.0,"turns":5.0},{"damage":39.0,"enemies":"Automaton","floor":33.0,"turns":8.0},{"damage":0.0,"enemies":"3 Shapes","floor":35.0,"turns":5.0},{"damage":0.0,"enemies":"Orb Walker","floor":36.0,"turns":3.0},{"damage":0.0,"enemies":"Writhing Mass","floor":37.0,"turns":7.0},{"damage":15.0,"enemies":"3 Darklings","floor":38.0,"turns":5.0},{"damage":24.0,"enemies":"Nemesis","floor":40.0,"turns":7.0},{"damage":23.0,"enemies":"Giant Head","floor":42.0,"turns":8.0},{"damage":21.0,"enemies":"Nemesis","floor":45.0,"turns":5.0},{"damage":2.0,"enemies":"4 Shapes","floor":46.0,"turns":5.0},{"damage":56,"enemies":"Donu and Deca","floor":50,"turns":7},{"damage":93,"enemies":"Shield and Spear","floor":54,"turns":5}],"seed_played":"5058990861853759315","potions_obtained":[{"floor":5.0,"key":"Poison Potion"},{"floor":7.0,"key":"Weak Potion"},{"floor":10.0,"key":"Strength Potion"},{"floor":12.0,"key":"AttackPotion"},{"floor":16.0,"key":"SteroidPotion"},{"floor":19.0,"key":"Ancient Potion"},{"floor":29.0,"key":"Ancient Potion"},{"floor":30.0,"key":"SkillPotion"},{"floor":36.0,"key":"Strength Potion"},{"floor":38.0,"key":"EssenceOfSteel"},{"floor":46.0,"key":"FearPotion"}],"is_trial":false,"path_per_floor":["M","?","$","M","M","R","E","R","T","E","M","E","M","$","R","B",null,"M","M","?","$","?","E","R","E","T","R","E","M","E","?","R","B",null,"M","M","M","M","?","E","R","E","T","R","E","M","$","?","R","B",null,"R","$","E"],"character_chosen":"IRONCLAD","items_purchased":["Clothesline","Shrug It Off","Inflame","Entrench","Turnip","True Grit","SteroidPotion"],"campfire_rested":3,"item_purchase_floors":[14,14,21,21,47,53,53],"current_hp_per_floor":[67,67,67,70,71,71,29,53,53,48,56,58,60,60,60,8,62,59,39,39,39,39,25,49,35,35,35,26,27,18,18,42,11,63,73,83,86,77,79,72,72,59,59,59,48,60,60,60,60,16,81,81,81,0],"gold":42,"neow_bonus":"RANDOM_COMMON_RELIC","is_prod":false,"is_daily":false,"chose_seed":false,"campfire_upgraded":6,"win_rate":0,"timestamp":1561325026,"path_taken":["M","?","$","M","M","R","E","R","T","E","M","E","M","$","R","BOSS","M","M","?","$","?","E","R","E","T","R","E","?","E","?","R","BOSS","M","M","?","?","?","E","R","E","T","R","E","M","$","?","R","BOSS","R","$","E"],"build_version":"2019-01-23","purchased_purges":2,"victory":false,"max_hp_per_floor":[80,80,80,80,80,80,80,80,80,80,80,80,80,80,80,80,80,80,80,80,80,80,80,80,80,80,80,80,80,80,80,80,80,80,82,84,86,86,88,97,97,99,99,99,101,103,103,103,103,103,103,103,103,103],"card_choices":[{"not_picked":["Body Slam","Rage"],"picked":"Twin Strike","floor":1.0},{"not_picked":["Blood for Blood","Iron Wave"],"picked":"Anger","floor":4.0},{"not_picked":["Havoc","Hemokinesis"],"picked":"Headbutt","floor":5.0},{"not_picked":["True Grit","Body Slam"],"picked":"Corruption","floor":7.0},{"not_picked":["Combust","True Grit"],"picked":"Iron Wave","floor":10.0},{"not_picked":["Corruption","Clash"],"picked":"Thunderclap","floor":11.0},{"not_picked":["Thunderclap","Twin Strike"],"picked":"Juggernaut","floor":12.0},{"not_picked":["Bloodletting","Infernal Blade","Fire Breathing"],"picked":"SKIP","floor":13.0},{"not_picked":["Feed","Dark Embrace"],"picked":"Demon Form","floor":16.0},{"not_picked":["Iron Wave","Warcry","Clothesline"],"picked":"SKIP","floor":18.0},{"not_picked":["Iron Wave","Warcry","Clothesline"],"picked":"SKIP","floor":18.0},{"not_picked":["Cleave","Body Slam"],"picked":"Shrug It Off","floor":19.0},{"not_picked":["Second Wind","Anger"],"picked":"Flame Barrier","floor":23.0},{"not_picked":["Dropkick","Thunderclap","Anger"],"picked":"SKIP","floor":25.0},{"not_picked":["Clothesline","Wild Strike+1"],"picked":"Havoc","floor":28.0},{"not_picked":["Headbutt","Sword Boomerang+1"],"picked":"Battle Trance","floor":29.0},{"not_picked":["Anger","Metallicize+1"],"picked":"Fiend Fire","floor":30.0},{"not_picked":["Berserk","Brutality"],"picked":"Dark Embrace","floor":33.0},{"not_picked":["Headbutt"],"picked":"Singing Bowl","floor":35.0},{"not_picked":["Iron Wave"],"picked":"Singing Bowl","floor":36.0},{"not_picked":["Sword Boomerang"],"picked":"Singing Bowl","floor":37.0},{"not_picked":[],"picked":"True Grit+1","floor":38.0},{"not_picked":["Madness"],"picked":"Singing Bowl","floor":39.0},{"not_picked":["Thunderclap+1"],"picked":"Singing Bowl","floor":40.0},{"not_picked":["Brutality"],"picked":"Singing Bowl","floor":42.0},{"not_picked":["Blood for Blood+1"],"picked":"Singing Bowl","floor":45.0},{"not_picked":["Armaments"],"picked":"Singing Bowl","floor":46.0}],"player_experience":466556,"relics_obtained":[{"floor":7.0,"key":"Thread and Needle"},{"floor":9.0,"key":"Ancient Tea Set"},{"floor":10.0,"key":"Blue Candle"},{"floor":12.0,"key":"Boot"},{"floor":23.0,"key":"Happy Flower"},{"floor":25.0,"key":"Bag of Preparation"},{"floor":26.0,"key":"Singing Bowl"},{"floor":28.0,"key":"Mercury Hourglass"},{"floor":30.0,"key":"StoneCalendar"},{"floor":40.0,"key":"Strawberry"},{"floor":42.0,"key":"Pen Nib"},{"floor":45.0,"key":"Magic Flower"}],"event_choices":[{"damage_healed":0.0,"max_hp_gain":0.0,"max_hp_loss":0.0,"gold_gain":0.0,"event_name":"Big Fish","player_choice":"Box","floor":2.0,"gold_loss":0.0,"damage_taken":0.0,"relics_obtained":["Blood Vial"],"cards_obtained":["Regret"]},{"damage_healed":0.0,"max_hp_gain":0.0,"max_hp_loss":0.0,"gold_gain":0.0,"event_name":"Back to Basics","player_choice":"Simplicity","floor":20.0,"gold_loss":0.0,"damage_taken":0.0,"cards_upgraded":["Strike_R","Strike_R","Strike_R","Strike_R","Defend_R","Defend_R","Defend_R","Defend_R"]},{"cards_removed":["Strike_R"],"damage_healed":0.0,"max_hp_gain":0.0,"max_hp_loss":0.0,"gold_gain":0.0,"event_name":"Purifier","player_choice":"Purged","floor":31.0,"gold_loss":0.0,"damage_taken":0.0},{"damage_healed":0.0,"max_hp_gain":0.0,"max_hp_loss":0.0,"gold_gain":0.0,"event_name":"SensoryStone","player_choice":"Memory 1","floor":39.0,"gold_loss":0.0,"damage_taken":0.0},{"damage_healed":0.0,"max_hp_gain":0.0,"max_hp_loss":0.0,"gold_gain":0.0,"event_name":"Lab","player_choice":"Got Potions","floor":48.0,"gold_loss":0.0,"damage_taken":0.0}],"is_beta":false,"boss_relics":[{"not_picked":["Velvet Choker","Ectoplasm"],"picked":"Philosopher\u0027s Stone"},{"not_picked":["Calling Bell","Runic Cube"],"picked":"Busted Crown"}],"items_purged_floors":[3,14],"is_endless":false,"potions_floor_spawned":[5,7,10,12,16,19,29,30,36,38,46],"killed_by":"Shield and Spear","ascension_level":13}