{"gold_per_floor":[13,188,188,202,216,246,246,272,272,272,17,29,58,78,78,177,177,191,191,202,277,296,359,33,33,59,87,100,100,116,149,161,269,281,311,323,61,61,61,61,95,95,95,95,195,230,32,64,64,64,64,64,13,40,40],"floor_reached":56,"playtime":7627,"items_purged":["Regret"],"score":1594,"play_id":"d02b3878-bc2c-4c63-aacf-9131005c2c2f","local_time":"20190615161625","is_ascension_mode":true,"campfire_choices":[{"floor":7.0,"key":"REST"},{"floor":10.0,"key":"REST"},{"data":"Defragment","floor":15.0,"key":"SMITH"},{"data":"Creative AI","floor":29.0,"key":"SMITH"},{"floor":32.0,"key":"REST"},{"data":"Chill","floor":40.0,"key":"SMITH"},{"data":"Buffer","floor":42.0,"key":"SMITH"},{"data":"Loop","floor":44.0,"key":"SMITH"},{"floor":49,"key":"RECALL"},{"data":"Mayhem","floor":52,"key":"SMITH"}],"neow_cost":"NO_GOLD","seed_source_timestamp":209611205438554,"circlet_count":0,"master_deck":["Strike_B","Defend_B","Defend_B","Defend_B","Defend_B","Zap+1","Dualcast","Creative AI+1","Gash","Ball Lightning","Defragment+1","Conserve Battery","Chill+1","Loop+1","Consume","Cold Snap","FTL","Melter","Buffer+1","Cold Snap+1","Lockon+1","Stack+1","Gash","Hologram","Sunder","Gash","Undo","Mayhem+1","Heatsinks+1","Gash+1","Coolheaded","Gash+1","Echo Form","Stack","Hologram+1","Clumsy","Decay","Machine Learning+1","Decay","Defragment+1","Capacitor+1","Redo+1"],"special_seed":0,"relics":["Cracked Core","Torii","Mango","Pocketwatch","Bronze Scales","Unceasing Top","Astrolabe","Tiny Chest","DataDisk","Molten Egg 2","MawBank","Cursed Key","Frozen Egg 2","Lantern","Question Card","Nunchaku","Shuriken","Bird Faced Urn","PreservedInsect","Runic Capacitor","Symbiotic Virus","War Paint"],"potions_floor_usage":[55,55,55],"damage_taken":[{"damage":4.0,"enemies":"2 Louse","floor":1.0,"turns":2.0},{"damage":0.0,"enemies":"Cultist","floor":4.0,"turns":3.0},{"damage":7.0,"enemies":"Jaw Worm","floor":5.0,"turns":2.0},{"damage":40.0,"enemies":"Lagavulin","floor":6.0,"turns":5.0},{"damage":40.0,"enemies":"3 Sentries","floor":8.0,"turns":7.0},{"damage":14.0,"enemies":"Large Slime","floor":12.0,"turns":4.0},{"damage":1.0,"enemies":"Lagavulin","floor":13.0,"turns":6.0},{"damage":10.0,"enemies":"Exordium Thugs","floor":14.0,"turns":4.0},{"damage":5.0,"enemies":"Hexaghost","floor":16.0,"turns":8.0},{"damage":20.0,"enemies":"2 Thieves","floor":18.0,"turns":4.0},{"damage":1.0,"enemies":"Chosen","floor":20.0,"turns":4.0},{"damage":0.0,"enemies":"Snake Plant","floor":22.0,"turns":5.0},{"damage":9.0,"enemies":"Book of Stabbing","floor":23.0,"turns":5.0},{"damage":12.0,"enemies":"Gremlin Leader","floor":27.0,"turns":9.0},{"damage":0.0,"enemies":"Sentry and Sphere","floor":28.0,"turns":3.0},{"damage":1.0,"enemies":"3 Cultists","floor":30.0,"turns":5.0},{"damage":22.0,"enemies":"Book of Stabbing","floor":31.0,"turns":6.0},{"damage":0.0,"enemies":"Champ","floor":33.0,"turns":9.0},{"damage":14.0,"enemies":"3 Darklings","floor":35.0,"turns":8.0},{"damage":8.0,"enemies":"Giant Head","floor":41.0,"turns":8.0},{"damage":21.0,"enemies":"Mind Bloom Boss Battle","floor":45.0,"turns":7.0},{"damage":23.0,"enemies":"Nemesis","floor":46.0,"turns":5.0},{"damage":0,"enemies":"Giant Head","floor":48,"turns":8},{"damage":25,"enemies":"Donu and Deca","floor":50,"turns":8},{"damage":40,"enemies":"Shield and Spear","floor":54,"turns":7},{"damage":65,"enemies":"The Heart","floor":55,"turns":9}],"seed_played":"5695534065694519350","potions_obtained":[{"floor":4.0,"key":"Strength Potion"},{"floor":8.0,"key":"Regen Potion"},{"floor":12.0,"key":"Explosive Potion"},{"floor":16.0,"key":"Block Potion"},{"floor":18.0,"key":"PowerPotion"},{"floor":23.0,"key":"Explosive Potion"},{"floor":25.0,"key":"Regen Potion"},{"floor":30.0,"key":"Strength Potion"},{"floor":35.0,"key":"Energy Potion"},{"floor":41.0,"key":"Fire Potion"},{"floor":45.0,"key":"Ancient Potion"}],"is_trial":false,"path_per_floor":["M","?","?","M","M","E","R","E","T","R","$","M","E","M","R","B",null,"M","?","M","?","M","E","$","?","T","E","M","R","M","E","R","B",null,"M","T","$","T","T","R","E","R","T","R","?","E","$","E","R","B",null,"R","$","E","B",null],"character_chosen":"DEFECT","items_purchased":["Loop","Bronze Scales","Consume","Undo","FocusPotion","Mayhem","Lantern","Hologram","Runic Capacitor","SkillPotion"],"campfire_rested":3,"item_purchase_floors":[11,11,11,24,24,24,37,37,47,53],"current_hp_per_floor":[71,71,71,71,64,24,46,20,20,46,46,44,43,33,33,28,89,69,52,51,42,42,33,33,33,33,36,36,36,35,13,41,41,94,80,80,80,80,80,80,72,72,72,72,51,50,50,80,80,83,94,94,94,58,21],"gold":40,"neow_bonus":"THREE_RARE_CARDS","is_prod":false,"is_daily":false,"chose_seed":false,"campfire_upgraded":6,"win_rate":0,"timestamp":1560604585,"path_taken":["M","?","?","M","M","E","R","E","T","R","$","?","E","M","R","BOSS","M","?","M","?","?","E","?","?","T","E","M","R","M","E","R","BOSS","M","?","$","?","?","R","E","R","T","R","?","E","?","E","R","BOSS","R","$","E","BOSS"],"build_version":"2019-01-23","purchased_purges":1,"victory":true,"max_hp_per_floor":[75,75,75,75,75,75,75,89,89,89,89,89,89,89,89,89,89,89,94,94,94,94,94,94,94,94,94,94,94,94,94,94,94,94,94,94,94,94,94,94,94,94,94,94,94,94,94,94,94,94,94,94,94,94,94],"card_choices":[{"not_picked":["Buffer","Meteor Strike"],"picked":"Creative AI","floor":0.0},{"not_picked":["Redo","Go for the Eyes"],"picked":"Gash","floor":1.0},{"not_picked":["Turbo","Rip and Tear"],"picked":"Ball Lightning","floor":4.0},{"not_picked":["Skim","Conserve Battery"],"picked":"Defragment","floor":5.0},{"not_picked":["Static Discharge","Steam"],"picked":"Conserve Battery","floor":6.0},{"not_picked":["Sunder","Electrodynamics"],"picked":"Chill","floor":8.0},{"not_picked":["Leap","Coolheaded"],"picked":"Cold Snap","floor":12.0},{"not_picked":["Stack","Rebound"],"picked":"FTL","floor":13.0},{"not_picked":["Chaos","Steam"],"picked":"Melter","floor":14.0},{"not_picked":["Meteor Strike","Core Surge"],"picked":"Buffer","floor":16.0},{"not_picked":["Ball Lightning+1","Compile Driver"],"picked":"Gash","floor":18.0},{"not_picked":["Rebound","Steam"],"picked":"Hologram","floor":20.0},{"not_picked":["Stack+1","Turbo+1"],"picked":"Sunder","floor":22.0},{"not_picked":["FTL","BootSequence"],"picked":"Gash","floor":23.0},{"not_picked":["Consume","Conserve Battery"],"picked":"Heatsinks+1","floor":27.0},{"not_picked":["Rebound+1","Streamline+1"],"picked":"Gash+1","floor":28.0},{"not_picked":["Stack","Fusion+1"],"picked":"Coolheaded","floor":30.0},{"not_picked":["Darkness","Steam"],"picked":"Gash+1","floor":31.0},{"not_picked":["Thunder Strike+1","Biased Cognition"],"picked":"Echo Form","floor":33.0},{"not_picked":["Melter+1","Sunder+1"],"picked":"Stack","floor":35.0},{"not_picked":["Chill","Rebound+1","Storm+1"],"picked":"Machine Learning+1","floor":41.0},{"not_picked":["Beam Cell+1","Force Field+1","Gash+1"],"picked":"Defragment+1","floor":45.0},{"not_picked":["Machine Learning+1","Defragment+1","Ball Lightning+1"],"picked":"Capacitor+1","floor":46.0},{"not_picked":["Aggregate","Compile Driver+1","Beam Cell+1"],"picked":"Redo+1","floor":48},{"not_picked":["Redo","Stack","Beam Cell+1","Auto Shields"],"picked":"SKIP","floor":54}],"player_experience":218936,"relics_obtained":[{"floor":6.0,"key":"Torii"},{"floor":8.0,"key":"Mango"},{"floor":9.0,"key":"Pocketwatch"},{"floor":13.0,"key":"Unceasing Top"},{"floor":23.0,"key":"Tiny Chest"},{"floor":26.0,"key":"DataDisk"},{"floor":27.0,"key":"Molten Egg 2"},{"floor":31.0,"key":"MawBank"},{"floor":36.0,"key":"Frozen Egg 2"},{"floor":39.0,"key":"Question Card"},{"floor":41.0,"key":"Nunchaku"},{"floor":43.0,"key":"Shuriken"},{"floor":45.0,"key":"Bird Faced Urn"},{"floor":46.0,"key":"PreservedInsect"},{"floor":48,"key":"Symbiotic Virus"},{"floor":54,"key":"War Paint"}],"event_choices":[{"damage_healed":0.0,"max_hp_gain":0.0,"max_hp_loss":0.0,"gold_gain":175.0,"event_name":"Liars Game","player_choice":"AGREE","floor":2.0,"gold_loss":0.0,"damage_taken":0.0,"cards_obtained":["Doubt"]},{"cards_removed":["Doubt"],"damage_healed":0.0,"max_hp_gain":0.0,"max_hp_loss":0.0,"gold_gain":0.0,"event_name":"Purifier","player_choice":"Purged","floor":3.0,"gold_loss":0.0,"damage_taken":0.0},{"damage_healed":0.0,"max_hp_gain":5.0,"max_hp_loss":0.0,"gold_gain":0.0,"event_name":"Forgotten Altar","player_choice":"Shed Blood","floor":19.0,"gold_loss":0.0,"damage_taken":22.0},{"damage_healed":0.0,"max_hp_gain":0.0,"max_hp_loss":0.0,"gold_gain":75.0,"event_name":"FaceTrader","player_choice":"Touch","floor":21.0,"gold_loss":0.0,"damage_taken":9.0},{"damage_healed":0.0,"max_hp_gain":0.0,"max_hp_loss":0.0,"gold_gain":0.0,"event_name":"Lab","player_choice":"Got Potions","floor":25.0,"gold_loss":0.0,"damage_taken":0.0},{"damage_healed":0.0,"max_hp_gain":0.0,"max_hp_loss":0.0,"gold_gain":0.0,"event_name":"MindBloom","player_choice":"Fight","floor":45.0,"gold_loss":0.0,"damage_taken":0.0}],"is_beta":false,"boss_relics":[{"not_picked":["Ectoplasm","Busted Crown"],"picked":"Astrolabe"},{"not_picked":["Tiny House","Velvet Choker"],"picked":"Cursed Key"}],"items_purged_floors":[37],"is_endless":false,"potions_floor_spawned":[4,8,12,16,18,22,23,30,35,41,45,54],"ascension_level":3}