{"gold_per_floor":[113,113,188,113,113,113,191,191,191,226,250,270,100,118,118,249,249,267,142,161,260,110,150,150,173,200,220,251,286,307,330,330,454,454,470,491,162,187,212,212,12,27,27,68,290,325,325,348,348,348],"floor_reached":51,"playtime":2278,"items_purged":["Defend_R","Defend_R","Strike_R","Strike_R+1","Strike_R+1","Clash+1"],"score":1022,"play_id":"af60c711-9f48-4aeb-8bfb-22f1645b951f","local_time":"20190718004112","is_ascension_mode":false,"campfire_choices":[{"data":"Bash","floor":6,"key":"SMITH"},{"data":"Clash","floor":8,"key":"SMITH"},{"data":"Dropkick","floor":15,"key":"SMITH"},{"data":"Dropkick","floor":24,"key":"SMITH"},{"floor":32,"key":"RECALL"},{"data":"Double Tap","floor":40,"key":"SMITH"},{"floor":49,"key":"REST"}],"neow_cost":"TEN_PERCENT_HP_LOSS","seed_source_timestamp":332747377532607,"circlet_count":0,"master_deck":["Bash+1","Dropkick+1","Dropkick+1","Double Tap+1","Shrug It Off+1"],"relics":["Burning Blood","Golden Idol","Sundial","Whetstone","Mercury Hourglass","Empty Cage","Singing Bowl","Art of War","Red Mask","Bottled Flame","Cursed Key","Omamori","Oddly Smooth Stone"],"potions_floor_usage":[11],"damage_taken":[{"damage":0,"enemies":"2 Louse","floor":1,"turns":2},{"damage":14,"enemies":"Gremlin Nob","floor":7,"turns":4},{"damage":21,"enemies":"Lagavulin","floor":10,"turns":4},{"damage":1,"enemies":"Jaw Worm","floor":11,"turns":2},{"damage":5,"enemies":"Small Slimes","floor":12,"turns":3},{"damage":0,"enemies":"Exordium Wildlife","floor":14,"turns":2},{"damage":6,"enemies":"Slime Boss","floor":16,"turns":5},{"damage":10,"enemies":"Chosen","floor":18,"turns":2},{"damage":0,"enemies":"3 Byrds","floor":20,"turns":2},{"damage":0,"enemies":"Book of Stabbing","floor":23,"turns":1},{"damage":0,"enemies":"Snecko","floor":25,"turns":1},{"damage":0,"enemies":"Snake Plant","floor":27,"turns":1},{"damage":0,"enemies":"Masked Bandits","floor":28,"turns":2},{"damage":0,"enemies":"Gremlin Leader","floor":29,"turns":1},{"damage":0,"enemies":"Centurion and Healer","floor":30,"turns":1},{"damage":0,"enemies":"Snecko","floor":31,"turns":1},{"damage":0,"enemies":"Collector","floor":33,"turns":1},{"damage":0,"enemies":"Orb Walker","floor":35,"turns":1},{"damage":18,"enemies":"3 Shapes","floor":36,"turns":2},{"damage":12,"enemies":"Sphere and 2 Shapes","floor":38,"turns":2},{"damage":0,"enemies":"3 Darklings","floor":39,"turns":2},{"damage":0,"enemies":"Transient","floor":42,"turns":1},{"damage":0,"enemies":"Reptomancer","floor":44,"turns":1},{"damage":0,"enemies":"Giant Head","floor":46,"turns":1},{"damage":0,"enemies":"Writhing Mass","floor":48,"turns":1},{"damage":0,"enemies":"Donu and Deca","floor":50,"turns":1}],"seed_played":"-4085790818248095977","potions_obtained":[{"floor":7,"key":"Energy Potion"},{"floor":10,"key":"BloodPotion"},{"floor":11,"key":"GamblersBrew"},{"floor":14,"key":"EntropicBrew"},{"floor":18,"key":"BloodPotion"},{"floor":25,"key":"EssenceOfSteel"},{"floor":44,"key":"SteroidPotion"}],"is_trial":false,"path_per_floor":["M","?","?","$","?","R","?","R","T","E","M","M","$","M","R","B",null,"M","$","M","?","$","E","R","M","T","M","?","E","M","M","R","B",null,"M","M","$","M","M","R","$","M","T","E","?","E","?","M","R","B",null],"character_chosen":"IRONCLAD","items_purchased":["Dropkick","Double Tap"],"campfire_rested":1,"item_purchase_floors":[13,37],"current_hp_per_floor":[72,54,43,43,43,43,35,35,35,20,43,44,44,50,50,50,72,68,68,72,72,72,74,74,76,76,78,80,82,84,86,86,88,88,90,80,80,76,82,82,82,90,90,98,98,100,90,98,102,102],"gold":348,"neow_bonus":"TRANSFORM_TWO_CARDS","is_prod":false,"is_daily":false,"chose_seed":false,"campfire_upgraded":5,"win_rate":0,"timestamp":1563399672,"path_taken":["M","?","?","$","?","R","?","R","T","E","M","M","$","M","R","BOSS","M","$","M","?","$","E","R","M","T","M","?","E","M","M","R","BOSS","M","M","$","M","M","R","$","M","T","E","?","E","?","M","R","BOSS"],"build_version":"2019-07-05","purchased_purges":6,"victory":true,"max_hp_per_floor":[72,72,72,72,72,72,72,72,72,72,72,72,72,72,72,72,72,72,72,72,72,72,74,74,76,76,78,80,82,84,86,86,88,88,90,92,92,94,94,94,94,96,96,98,98,100,100,102,102,102],"card_choices":[{"not_picked":["Sword Boomerang","Flex","Havoc"],"picked":"SKIP","floor":1},{"not_picked":["Cleave","Juggernaut","Twin Strike"],"picked":"SKIP","floor":10},{"not_picked":["Twin Strike","Flame Barrier","Thunderclap"],"picked":"SKIP","floor":11},{"not_picked":["Wild Strike","Iron Wave","Warcry"],"picked":"SKIP","floor":12},{"not_picked":["Anger","Searing Blow","Flex"],"picked":"SKIP","floor":14},{"not_picked":["Headbutt","Rupture"],"picked":"Dropkick","floor":18},{"not_picked":["Spot Weakness","Clash","Inflame+1"],"picked":"SKIP","floor":20},{"not_picked":["Flex+1","Sword Boomerang","Brutality"],"picked":"Singing Bowl","floor":23},{"not_picked":["Blood for Blood","Armaments+1","Clash"],"picked":"Singing Bowl","floor":25},{"not_picked":["Sword Boomerang","Dropkick","True Grit+1"],"picked":"Singing Bowl","floor":27},{"not_picked":["Flex","Ghostly Armor+1","Perfected Strike"],"picked":"Singing Bowl","floor":28},{"not_picked":["Armaments+1","Headbutt","Clothesline+1"],"picked":"Singing Bowl","floor":29},{"not_picked":["Thunderclap","Clash+1","Armaments+1"],"picked":"Singing Bowl","floor":30},{"not_picked":["Power Through","Feed","Pummel"],"picked":"Singing Bowl","floor":31},{"not_picked":["Brutality","Exhume","Limit Break"],"picked":"Singing Bowl","floor":33},{"not_picked":["Sword Boomerang+1","Feel No Pain","Seeing Red"],"picked":"Singing Bowl","floor":35},{"not_picked":["Flame Barrier+1","Shockwave","Wild Strike+1"],"picked":"Singing Bowl","floor":36},{"not_picked":["Infernal Blade+1","Headbutt+1","Whirlwind+1"],"picked":"Singing Bowl","floor":38},{"not_picked":["Feel No Pain+1","Rupture+1"],"picked":"Shrug It Off+1","floor":39},{"not_picked":["Shrug It Off","Headbutt","Inflame"],"picked":"Singing Bowl","floor":42},{"not_picked":["Whirlwind","Double Tap","Sword Boomerang"],"picked":"Singing Bowl","floor":44},{"not_picked":["Limit Break","Havoc+1","Headbutt+1"],"picked":"Singing Bowl","floor":46},{"not_picked":["Infernal Blade+1","Searing Blow","Evolve"],"picked":"Singing Bowl","floor":48}],"player_experience":763924,"relics_obtained":[{"floor":7,"key":"Sundial"},{"floor":9,"key":"Whetstone"},{"floor":10,"key":"Mercury Hourglass"},{"floor":23,"key":"Singing Bowl"},{"floor":26,"key":"Art of War"},{"floor":28,"key":"Red Mask"},{"floor":29,"key":"Bottled Flame"},{"floor":44,"key":"Omamori"},{"floor":46,"key":"Oddly Smooth Stone"}],"event_choices":[{"damage_healed":0,"gold_gain":0,"player_choice":"Take Damage","damage_taken":18,"relics_obtained":["Golden Idol"],"max_hp_gain":0,"max_hp_loss":0,"event_name":"Golden Idol","floor":2,"gold_loss":0},{"damage_healed":0,"gold_gain":75,"player_choice":"Gather Gold","damage_taken":11,"max_hp_gain":0,"max_hp_loss":0,"event_name":"World of Goop","floor":3,"gold_loss":0},{"cards_removed":["Corruption"],"damage_healed":0,"gold_gain":0,"player_choice":"Forget","damage_taken":0,"max_hp_gain":0,"max_hp_loss":0,"event_name":"Living Wall","floor":5,"gold_loss":0},{"damage_healed":0,"gold_gain":0,"player_choice":"Searched \u00271\u0027 times","damage_taken":0,"max_hp_gain":0,"max_hp_loss":0,"event_name":"Dead Adventurer","floor":7,"gold_loss":0},{"damage_healed":0,"gold_gain":99,"player_choice":"Stole From Cult","damage_taken":0,"max_hp_gain":0,"max_hp_loss":0,"event_name":"Nest","floor":21,"gold_loss":0},{"damage_healed":0,"gold_gain":0,"player_choice":"Fought Bandits","damage_taken":0,"max_hp_gain":0,"max_hp_loss":0,"event_name":"Masked Bandits","floor":28,"gold_loss":0},{"damage_healed":0,"gold_gain":222,"player_choice":"Wore Mask","damage_taken":0,"max_hp_gain":0,"max_hp_loss":0,"event_name":"Tomb of Lord Red Mask","floor":45,"gold_loss":0},{"damage_healed":0,"gold_gain":0,"player_choice":"Damaged","damage_taken":10,"max_hp_gain":0,"max_hp_loss":0,"event_name":"Wheel of Change","floor":47,"gold_loss":0}],"is_beta":false,"boss_relics":[{"not_picked":["Mark of Pain","White Beast Statue"],"picked":"Empty Cage"},{"not_picked":["Orrery","Runic Pyramid"],"picked":"Cursed Key"}],"items_purged_floors":[4,13,19,22,37,41],"is_endless":false,"potions_floor_spawned":[7,10,11,14,18,20,25,31,38,44],"ascension_level":0}