{"gold_per_floor":[112,112,131,131,145,145,185,185,185,203,168,187,187,206,206,331,331,356,9,27,41,59,103,103],"floor_reached":24,"playtime":3767,"items_purged":["Defend_G"],"score":220,"play_id":"0398d711-5250-47d2-9f04-4ef09bb7b40b","local_time":"20190720091636","is_ascension_mode":false,"campfire_choices":[{"data":"Neutralize","floor":6.0,"key":"SMITH"},{"floor":8.0,"key":"REST"},{"data":"Crippling Poison","floor":15.0,"key":"SMITH"}],"neow_cost":"NONE","seed_source_timestamp":0,"circlet_count":0,"master_deck":["Strike_G","Strike_G","Strike_G","Strike_G","Defend_G","Defend_G","Defend_G","Defend_G","Survivor","Neutralize+1","Crippling Poison+1","Well Laid Plans","Footwork","Dagger Spray","Predator","Flying Knee","Night Terror","Crippling Poison","Apotheosis","Backflip","Well Laid Plans","Noxious Fumes","Deadly Poison","Deflect"],"special_seed":0,"relics":["Ring of the Snake","Golden Idol","Paper Crane","Dodecahedron","Eternal Feather","Question Card"],"potions_floor_usage":[],"damage_taken":[{"damage":0.0,"enemies":"2 Louse","floor":1.0,"turns":2.0},{"damage":0.0,"enemies":"Small Slimes","floor":3.0,"turns":3.0},{"damage":0.0,"enemies":"Jaw Worm","floor":5.0,"turns":4.0},{"damage":27.0,"enemies":"3 Sentries","floor":7.0,"turns":12.0},{"damage":4.0,"enemies":"Exordium Wildlife","floor":10.0,"turns":6.0},{"damage":0.0,"enemies":"Large Slime","floor":12.0,"turns":8.0},{"damage":3.0,"enemies":"2 Fungi Beasts","floor":14.0,"turns":3.0},{"damage":54.0,"enemies":"The Guardian","floor":16.0,"turns":11.0},{"damage":0.0,"enemies":"Shell Parasite","floor":18.0,"turns":6.0},{"damage":24.0,"enemies":"2 Thieves","floor":20.0,"turns":3.0},{"damage":10.0,"enemies":"Centurion and Healer","floor":21.0,"turns":8.0},{"damage":36,"enemies":"3 Cultists","floor":22,"turns":5},{"damage":11,"enemies":"Book of Stabbing","floor":23,"turns":11},{"damage":4,"enemies":"Snecko","floor":24,"turns":3}],"seed_played":"7912924682912233216","potions_obtained":[{"floor":1.0,"key":"AttackPotion"},{"floor":3.0,"key":"LiquidBronze"},{"floor":12.0,"key":"Fire Potion"},{"floor":14.0,"key":"Block Potion"},{"floor":22,"key":"SmokeBomb"},{"floor":23,"key":"Poison Potion"}],"is_trial":false,"path_per_floor":["M","?","M","?","M","R","E","R","T","M","?","M","?","M","R","B",null,"M","$","M","M","M","E","M"],"character_chosen":"THE_SILENT","items_purchased":["Apotheosis","Backflip","Well Laid Plans"],"campfire_rested":1,"item_purchase_floors":[19,19,19],"current_hp_per_floor":[77,58,58,51,51,51,24,47,47,43,62,62,67,64,64,10,82,82,82,58,48,12,1,0],"gold":103,"neow_bonus":"TEN_PERCENT_HP_BONUS","is_prod":false,"is_daily":false,"chose_seed":false,"campfire_upgraded":2,"win_rate":0.0,"timestamp":1563610596,"path_taken":["M","?","M","?","M","R","E","R","T","M","?","M","?","?","R","BOSS","M","$","M","M","M","E","M"],"build_version":"2019-07-17","purchased_purges":1,"victory":false,"max_hp_per_floor":[77,77,77,77,77,77,77,77,77,77,77,77,82,82,82,82,82,82,82,82,82,82,82,82],"card_choices":[{"not_picked":["Terror","Blade Dance"],"picked":"Crippling Poison","floor":1.0},{"not_picked":["Dodge and Roll","Heel Hook"],"picked":"Well Laid Plans","floor":3.0},{"not_picked":["Deadly Poison","Acrobatics"],"picked":"Footwork","floor":5.0},{"not_picked":["Slice","Deadly Poison","Riddle With Holes"],"picked":"SKIP","floor":7.0},{"not_picked":["Well Laid Plans","Reflex"],"picked":"Dagger Spray","floor":10.0},{"not_picked":["Prepared","Finisher"],"picked":"Predator","floor":12.0},{"not_picked":["Unload","Underhanded Strike"],"picked":"Flying Knee","floor":14.0},{"not_picked":["Glass Knife","Bullet Time"],"picked":"Night Terror","floor":16.0},{"not_picked":["Bouncing Flask+1","Tactician"],"picked":"Crippling Poison","floor":18.0},{"not_picked":["Choke+1","Distraction+1","Poisoned Stab"],"picked":"SKIP","floor":20.0},{"not_picked":["Underhanded Strike","Heel Hook"],"picked":"Noxious Fumes","floor":21},{"not_picked":["Skewer","Outmaneuver"],"picked":"Deadly Poison","floor":22},{"not_picked":["Poisoned Stab","Predator"],"picked":"Deflect","floor":23}],"player_experience":343705,"relics_obtained":[{"floor":7.0,"key":"Paper Crane"},{"floor":9.0,"key":"Dodecahedron"},{"floor":23,"key":"Question Card"}],"event_choices":[{"damage_healed":0.0,"max_hp_gain":0.0,"max_hp_loss":0.0,"gold_gain":0.0,"event_name":"Golden Idol","player_choice":"Take Damage","floor":2.0,"gold_loss":0.0,"damage_taken":19.0,"relics_obtained":["Golden Idol"]},{"cards_removed":["Strike_G"],"damage_healed":0.0,"max_hp_gain":0.0,"max_hp_loss":0.0,"gold_gain":0.0,"event_name":"Golden Wing","player_choice":"Card Removal","floor":4.0,"gold_loss":0.0,"damage_taken":7.0},{"damage_healed":19.0,"max_hp_gain":0.0,"max_hp_loss":0.0,"gold_gain":0.0,"event_name":"The Cleric","player_choice":"Healed","floor":11.0,"gold_loss":35.0,"damage_taken":0.0},{"damage_healed":0.0,"max_hp_gain":5.0,"max_hp_loss":0.0,"gold_gain":0.0,"event_name":"Big Fish","player_choice":"Donut","floor":13.0,"gold_loss":0.0,"damage_taken":0.0}],"is_beta":false,"boss_relics":[{"not_picked":["Calling Bell","Runic Dome"],"picked":"Eternal Feather"}],"items_purged_floors":[19],"is_endless":false,"potions_floor_spawned":[1,3,12,14,22,23],"killed_by":"Snecko","ascension_level":0}