{"gold_per_floor":[111,125,50,61,61,61,77,106,106,67,67,92,92,62],"floor_reached":14,"playtime":1363,"items_purged":["Strike_R"],"score":108,"play_id":"c262b2cd-b52d-4415-a62a-d6d6832caa5f","local_time":"20190612103102","is_ascension_mode":true,"campfire_choices":[{"data":"Strike_R","floor":6,"key":"PURGE"},{"floor":11,"key":"REST"}],"neow_cost":"PERCENT_DAMAGE","seed_source_timestamp":319463931024532,"circlet_count":0,"master_deck":["Strike_R","Strike_R","Strike_R","Defend_R","Defend_R","Defend_R","Defend_R","Bash","Limit Break","Headbutt","Shrug It Off","Uppercut","Thunderclap","Heavy Blade"],"relics":["Burning Blood","Peace Pipe","Question Card","Kunai","Dodecahedron","Golden Idol"],"potions_floor_usage":[8],"damage_taken":[{"damage":15,"enemies":"Small Slimes","floor":1,"turns":4},{"damage":4,"enemies":"Jaw Worm","floor":2,"turns":4},{"damage":4,"enemies":"Cultist","floor":4,"turns":5},{"damage":9,"enemies":"2 Fungi Beasts","floor":7,"turns":4},{"damage":32,"enemies":"Lagavulin","floor":8,"turns":10},{"damage":19,"enemies":"Gremlin Nob","floor":12,"turns":5},{"damage":21,"enemies":"Exordium Thugs","floor":14,"turns":2}],"seed_played":"-4643823696415483835","potions_obtained":[{"floor":7,"key":"Block Potion"},{"floor":12,"key":"BloodPotion"}],"is_trial":false,"path_per_floor":["M","M","$","M","?","R","M","E","T","?","R","E","?","M"],"character_chosen":"IRONCLAD","items_purchased":[],"campfire_rested":1,"item_purchase_floors":[],"current_hp_per_floor":[47,49,49,51,39,39,36,10,10,10,34,21,21,0],"gold":62,"neow_bonus":"THREE_RARE_CARDS","is_prod":false,"is_daily":false,"chose_seed":false,"campfire_upgraded":0,"win_rate":0,"timestamp":1560324662,"path_taken":["M","M","$","M","?","R","M","E","T","?","R","E","?","M"],"build_version":"2019-01-23","purchased_purges":1,"victory":false,"max_hp_per_floor":[80,80,80,80,80,80,80,80,80,80,80,80,74,74],"card_choices":[{"not_picked":["Brutality","Exhume"],"picked":"Limit Break","floor":0},{"not_picked":["Pommel Strike","Clothesline"],"picked":"Headbutt","floor":1},{"not_picked":["Evolve","Flex"],"picked":"Shrug It Off","floor":2},{"not_picked":["Twin Strike","Carnage"],"picked":"Uppercut","floor":4},{"not_picked":["Headbutt","Pommel Strike"],"picked":"Thunderclap","floor":7},{"not_picked":["Dark Embrace","Perfected Strike","Searing Blow"],"picked":"SKIP","floor":8},{"not_picked":["Warcry","Intimidate","Rage"],"picked":"Heavy Blade","floor":12}],"player_experience":92907,"relics_obtained":[{"floor":8,"key":"Question Card"},{"floor":9,"key":"Kunai"},{"floor":12,"key":"Dodecahedron"}],"event_choices":[{"damage_healed":0,"gold_gain":0,"player_choice":"Success","damage_taken":12,"relics_obtained":["Peace Pipe"],"max_hp_gain":0,"max_hp_loss":0,"event_name":"Scrap Ooze","floor":5,"gold_loss":0},{"damage_healed":0,"gold_gain":0,"player_choice":"Left Gold","damage_taken":0,"max_hp_gain":0,"max_hp_loss":0,"event_name":"World of Goop","floor":10,"gold_loss":39},{"damage_healed":0,"gold_gain":0,"player_choice":"Lose Max HP","damage_taken":0,"relics_obtained":["Golden Idol"],"max_hp_gain":0,"max_hp_loss":6,"event_name":"Golden Idol","floor":13,"gold_loss":0}],"is_beta":false,"boss_relics":[],"items_purged_floors":[3],"is_endless":false,"potions_floor_spawned":[7,12],"killed_by":"Exordium Thugs","ascension_level":2}