{"gold_per_floor":[217,22,22,33,47,47,122,151,200,234,253,270,270,305,305,383,383,396,446,464,9,20,20,46,64,64,64,64,91,191,241,241,318,318,337,352,352,196,214,214,246,259,327,359,634,634,666,109,109,109,109,109,109,34,62,62],"floor_reached":57,"playtime":7747,"items_purged":["Strike_G","Strike_G","Regret"],"score":2917,"play_id":"9b5fa1a3-73e7-4fde-9a86-979153e05ad7","local_time":"20190720172055","is_ascension_mode":true,"campfire_choices":[{"floor":6.0,"key":"REST"},{"floor":13.0,"key":"REST"},{"floor":15.0,"key":"REST"},{"floor":23.0,"key":"REST"},{"floor":27.0,"key":"REST"},{"floor":32.0,"key":"REST"},{"data":"Apotheosis","floor":40.0,"key":"SMITH"},{"floor":46,"key":"RECALL"},{"data":"After Image","floor":49,"key":"SMITH"},{"floor":53,"key":"REST"}],"neow_cost":"NONE","seed_source_timestamp":55848351946644,"circlet_count":0,"master_deck":["AscendersBane","Strike_G","Strike_G","Defend_G+1","Defend_G","Defend_G","Defend_G","Defend_G","Survivor","Neutralize+1","Backstab","Apotheosis+1","Sucker Punch","Noxious Fumes","Backflip","Catalyst","Well Laid Plans","Wraith Form v2","Backflip+1","Noxious Fumes","Footwork","Burst","Mind Blast","Catalyst","Tools of the Trade","Burst","Deflect","Footwork","After Image+1","Deadly Poison","Dodge and Roll+1","Blur+1","Secret Technique+1","Deadly Poison+1","Noxious Fumes","PiercingWail+1","Malaise+1","Blur+1"],"special_seed":0,"relics":["Ring of the Snake","Strawberry","Smiling Mask","Blue Candle","Bottled Lightning","Philosopher\u0027s Stone","Singing Bowl","Oddly Smooth Stone","Mango","Bottled Tornado","Vajra","Empty Cage","Sundial","Bird Faced Urn","Toxic Egg 2","Art of War","Dream Catcher","Membership Card","Mercury Hourglass","StoneCalendar"],"potions_floor_usage":[56],"damage_taken":[{"damage":16.0,"enemies":"Jaw Worm","floor":1.0,"turns":7.0},{"damage":0.0,"enemies":"Small Slimes","floor":4.0,"turns":5.0},{"damage":0.0,"enemies":"Cultist","floor":5.0,"turns":6.0},{"damage":13.0,"enemies":"3 Sentries","floor":8.0,"turns":8.0},{"damage":30.0,"enemies":"Lagavulin","floor":10.0,"turns":8.0},{"damage":1.0,"enemies":"Lots of Slimes","floor":11.0,"turns":6.0},{"damage":0.0,"enemies":"2 Fungi Beasts","floor":12.0,"turns":4.0},{"damage":20.0,"enemies":"Gremlin Nob","floor":14.0,"turns":5.0},{"damage":10.0,"enemies":"Hexaghost","floor":16.0,"turns":11.0},{"damage":22.0,"enemies":"Spheric Guardian","floor":18.0,"turns":5.0},{"damage":5.0,"enemies":"Shell Parasite","floor":20.0,"turns":6.0},{"damage":0.0,"enemies":"3 Cultists","floor":22.0,"turns":7.0},{"damage":33.0,"enemies":"Slavers","floor":24.0,"turns":5.0},{"damage":0.0,"enemies":"Snake Plant","floor":25.0,"turns":5.0},{"damage":4.0,"enemies":"Book of Stabbing","floor":29.0,"turns":6.0},{"damage":8.0,"enemies":"Colosseum Slavers","floor":30.0,"turns":5.0},{"damage":33.0,"enemies":"Colosseum Nobs","floor":30.0,"turns":5.0},{"damage":23.0,"enemies":"Champ","floor":33.0,"turns":5.0},{"damage":3.0,"enemies":"3 Shapes","floor":35.0,"turns":5.0},{"damage":2.0,"enemies":"Orb Walker","floor":36.0,"turns":6.0},{"damage":0.0,"enemies":"Spire Growth","floor":39.0,"turns":5.0},{"damage":0.0,"enemies":"Nemesis","floor":41.0,"turns":5.0},{"damage":0,"enemies":"Maw","floor":42,"turns":4},{"damage":0,"enemies":"Giant Head","floor":44,"turns":7},{"damage":5,"enemies":"Nemesis","floor":47,"turns":7},{"damage":47,"enemies":"Time Eater","floor":50,"turns":4},{"damage":15,"enemies":"Donu and Deca","floor":51,"turns":8},{"damage":9,"enemies":"Shield and Spear","floor":55,"turns":8},{"damage":48,"enemies":"The Heart","floor":56,"turns":10}],"seed_played":"3733501808386220998","potions_obtained":[{"floor":1.0,"key":"Regen Potion"},{"floor":4.0,"key":"Explosive Potion"},{"floor":8.0,"key":"Ancient Potion"},{"floor":11.0,"key":"SkillPotion"},{"floor":14.0,"key":"FearPotion"},{"floor":24.0,"key":"SpeedPotion"},{"floor":33.0,"key":"Dexterity Potion"},{"floor":36.0,"key":"SpeedPotion"},{"floor":55,"key":"SkillPotion"}],"is_trial":false,"path_per_floor":["M","$","?","M","M","R","?","E","T","E","M","M","R","E","R","B",null,"M","?","M","$","M","R","E","M","T","R","?","E","?","T","R","B",null,"M","M","T","$","M","R","E","M","T","E","?","R","E","$","R","B","B",null,"R","$","E","B",null],"character_chosen":"THE_SILENT","items_purchased":["Apotheosis","Footwork","Burst","Mind Blast","Dexterity Potion","FairyPotion","Membership Card","Secret Technique+1","Mercury Hourglass","Deadly Poison+1","Noxious Fumes","Malaise+1"],"campfire_rested":7,"item_purchase_floors":[2,21,21,21,21,38,48,48,48,48,48,54],"current_hp_per_floor":[43,43,23,23,37,56,45,39,39,9,8,8,29,9,30,20,60,38,38,33,33,33,54,23,25,25,48,48,44,19,19,46,23,76,73,71,71,71,71,71,73,83,83,95,95,95,95,95,95,54,57,86,95,95,95,57],"gold":62,"neow_bonus":"HUNDRED_GOLD","is_prod":false,"is_daily":false,"chose_seed":false,"campfire_upgraded":2,"win_rate":0,"timestamp":1563632455,"path_taken":["M","$","?","M","M","R","?","E","T","E","M","M","R","E","R","BOSS","M","?","?","$","?","R","E","M","T","R","?","E","?","?","R","BOSS","M","M","?","$","M","R","E","M","T","E","?","R","E","$","R","BOSS","BOSS","R","$","E","BOSS"],"build_version":"2019-07-17","purchased_purges":3,"victory":true,"max_hp_per_floor":[66,66,66,66,66,66,66,73,73,73,73,73,73,73,73,73,73,73,73,73,73,73,73,75,77,77,77,77,77,93,93,93,93,93,93,93,93,93,93,93,95,95,95,95,95,95,95,95,95,95,95,95,95,95,95,95],"card_choices":[{"not_picked":["Dagger Spray","Flying Knee"],"picked":"Backstab","floor":1.0},{"not_picked":["Underhanded Strike","Eviscerate","Deflect"],"picked":"SKIP","floor":4.0},{"not_picked":["Backflip","Blade Dance"],"picked":"Sucker Punch","floor":5.0},{"not_picked":["Setup","Underhanded Strike"],"picked":"Noxious Fumes","floor":8.0},{"not_picked":["Concentrate","Distraction"],"picked":"Backflip","floor":10.0},{"not_picked":["Sucker Punch","All Out Attack"],"picked":"Catalyst","floor":11.0},{"not_picked":["Dagger Spray","All Out Attack","Choke"],"picked":"SKIP","floor":12.0},{"not_picked":["Poisoned Stab","Backflip"],"picked":"Well Laid Plans","floor":14.0},{"not_picked":["Unload","Envenom"],"picked":"Wraith Form v2","floor":16.0},{"not_picked":["Cloak And Dagger","Infinite Blades+1"],"picked":"Backflip+1","floor":18.0},{"not_picked":["Bane","Cloak And Dagger"],"picked":"Noxious Fumes","floor":20.0},{"not_picked":["Well Laid Plans","Poisoned Stab"],"picked":"Catalyst","floor":22.0},{"not_picked":["Sucker Punch","Slice","Prepared"],"picked":"Singing Bowl","floor":24.0},{"not_picked":["Riddle With Holes","Dagger Throw","Prepared"],"picked":"Singing Bowl","floor":25.0},{"not_picked":["Catalyst","Prepared"],"picked":"Tools of the Trade","floor":29.0},{"not_picked":["Concentrate","Caltrops","Underhanded Strike"],"picked":"Singing Bowl","floor":30.0},{"not_picked":["Adrenaline","Envenom"],"picked":"Burst","floor":33.0},{"not_picked":["Cloak And Dagger","Endless Agony"],"picked":"Deflect","floor":35.0},{"not_picked":["Deflect+1","Distraction"],"picked":"Footwork","floor":36.0},{"not_picked":["Eviscerate+1","Calculated Gamble"],"picked":"After Image","floor":39.0},{"not_picked":["Cloak And Dagger","Blade Dance","Dash"],"picked":"Singing Bowl","floor":41.0},{"not_picked":["Bane","Finisher"],"picked":"Deadly Poison","floor":42},{"not_picked":["Bullet Time+1","Masterful Stab"],"picked":"Dodge and Roll+1","floor":44},{"not_picked":["Noxious Fumes","Infinite Blades+1"],"picked":"Blur+1","floor":47},{"not_picked":["Dash","Prepared+1"],"picked":"PiercingWail+1","floor":53},{"not_picked":["Deadly Poison+1","Acrobatics+1"],"picked":"Blur+1","floor":55}],"player_experience":815551,"relics_obtained":[{"floor":8.0,"key":"Strawberry"},{"floor":9.0,"key":"Smiling Mask"},{"floor":10.0,"key":"Blue Candle"},{"floor":14.0,"key":"Bottled Lightning"},{"floor":24.0,"key":"Singing Bowl"},{"floor":29.0,"key":"Oddly Smooth Stone"},{"floor":30.0,"key":"Mango"},{"floor":30.0,"key":"Bottled Tornado"},{"floor":31.0,"key":"Vajra"},{"floor":37.0,"key":"Sundial"},{"floor":41.0,"key":"Bird Faced Urn"},{"floor":43,"key":"Toxic Egg 2"},{"floor":44,"key":"Art of War"},{"floor":47,"key":"Dream Catcher"},{"floor":55,"key":"StoneCalendar"}],"event_choices":[{"damage_healed":0.0,"max_hp_gain":0.0,"max_hp_loss":0.0,"gold_gain":0.0,"event_name":"Shining Light","player_choice":"Entered Light","floor":3.0,"gold_loss":0.0,"damage_taken":20.0,"cards_upgraded":["Defend_G","Neutralize"]},{"damage_healed":0.0,"max_hp_gain":0.0,"max_hp_loss":0.0,"gold_gain":75.0,"event_name":"World of Goop","player_choice":"Gather Gold","floor":7.0,"gold_loss":0.0,"damage_taken":11.0},{"damage_healed":0.0,"max_hp_gain":0.0,"max_hp_loss":0.0,"gold_gain":100.0,"event_name":"The Joust","player_choice":"Bet on Murderer","floor":19.0,"gold_loss":50.0,"damage_taken":0.0},{"damage_healed":0.0,"max_hp_gain":0.0,"max_hp_loss":0.0,"gold_gain":0.0,"event_name":"Forgotten Altar","player_choice":"Smashed Altar","floor":28.0,"gold_loss":0.0,"damage_taken":0.0,"cards_obtained":["Decay"]},{"damage_healed":0.0,"max_hp_gain":0.0,"max_hp_loss":0.0,"gold_gain":0.0,"event_name":"Colosseum","player_choice":"Fight","floor":30.0,"gold_loss":0.0,"damage_taken":0.0},{"damage_healed":0.0,"max_hp_gain":0.0,"max_hp_loss":0.0,"gold_gain":0.0,"event_name":"Colosseum","player_choice":"Fought Nobs","floor":30.0,"gold_loss":0.0,"damage_taken":0.0},{"damage_healed":0,"gold_gain":275,"player_choice":"Desecrate","damage_taken":0,"max_hp_gain":0,"max_hp_loss":0,"event_name":"Golden Shrine","floor":45,"gold_loss":0,"cards_obtained":["Regret"]}],"is_beta":false,"boss_relics":[{"not_picked":["Sozu","Runic Pyramid"],"picked":"Philosopher\u0027s Stone"},{"not_picked":["HoveringKite","Tiny House"],"picked":"Empty Cage"}],"items_purged_floors":[21,38,48],"is_endless":false,"potions_floor_spawned":[1,4,8,11,14,22,24,33,36,39,41,55],"ascension_level":20}