{"gold_per_floor":[116,216,236,247,247,247,247,247,271,306,322,40,60,93,93,218,218,237,162,180,196,45,45,68,68,92,126,126,164,185,208,208,333,333,353,417,417,133,156,197,108,127,127,146,39,39,62,101,101,101],"floor_reached":51,"playtime":11946,"items_purged":["Shame"],"score":857,"play_id":"7d2b48e8-86c5-4284-95f6-9775e2d738ab","local_time":"20190610190342","is_ascension_mode":false,"campfire_choices":[{"data":"Calculated Gamble","floor":6,"key":"SMITH"},{"floor":8,"key":"REST"},{"data":"Well Laid Plans","floor":15,"key":"SMITH"},{"data":"Footwork","floor":23,"key":"SMITH"},{"data":"Flechettes","floor":28,"key":"SMITH"},{"data":"Tools of the Trade","floor":32,"key":"SMITH"},{"floor":49,"key":"REST"}],"neow_cost":"NONE","seed_source_timestamp":166780855324381,"circlet_count":0,"master_deck":["Defend_G","Defend_G","Defend_G","Strike_G","Strike_G","Strike_G","Strike_G","Strike_G","Survivor","Flechettes+1","Calculated Gamble+1","Blur","Blur+1","Well Laid Plans+1","Quick Slash","Deflect+1","PiercingWail+1","Crippling Poison+1","Leg Sweep+1","Tools of the Trade+1","Footwork+1","Caltrops+1","Calculated Gamble+1","Footwork+1","Doppelganger+1","Deflect+1","Dodge and Roll+1","Tactician+1","Blade Dance+1","Eviscerate","Night Terror+1","Backflip+1","Blur+1","Bandage Up+1","Panache+1","Finesse+1","Caltrops+1","Deflect+1","Flechettes","Backflip+1","Flying Knee+1","Blade Dance+1","Finesse+1","Calculated Gamble+1","Underhanded Strike+1","Calculated Gamble+1","Tactician+1","Finisher","Flying Knee+1"],"relics":["Ring of the Snake","Golden Idol","Strawberry","Toxic Egg 2","Oddly Smooth Stone","Anchor","Eternal Feather","Regal Pillow","Pen Nib","Frozen Egg 2","Ninja Scroll","Fusion Hammer","Tingsha","Blood Vial","Kunai","Torii"],"potions_floor_usage":[10,10,16,35,50],"damage_taken":[{"damage":8,"enemies":"Jaw Worm","floor":1,"turns":8},{"damage":1,"enemies":"Cultist","floor":3,"turns":5},{"damage":4,"enemies":"Small Slimes","floor":4,"turns":4},{"damage":32,"enemies":"Lagavulin","floor":10,"turns":9},{"damage":1,"enemies":"2 Fungi Beasts","floor":11,"turns":6},{"damage":0,"enemies":"Exordium Wildlife","floor":13,"turns":3},{"damage":0,"enemies":"3 Sentries","floor":14,"turns":13},{"damage":24,"enemies":"Hexaghost","floor":16,"turns":17},{"damage":6,"enemies":"3 Byrds","floor":18,"turns":5},{"damage":1,"enemies":"Shell Parasite","floor":20,"turns":7},{"damage":7,"enemies":"Sentry and Sphere","floor":21,"turns":9},{"damage":0,"enemies":"Centurion and Healer","floor":24,"turns":9},{"damage":0,"enemies":"Book of Stabbing","floor":27,"turns":7},{"damage":0,"enemies":"Slavers","floor":29,"turns":7},{"damage":0,"enemies":"3 Cultists","floor":30,"turns":7},{"damage":0,"enemies":"Cultist and Chosen","floor":31,"turns":8},{"damage":1,"enemies":"Collector","floor":33,"turns":13},{"damage":2,"enemies":"3 Shapes","floor":35,"turns":6},{"damage":36,"enemies":"2 Orb Walkers","floor":36,"turns":7},{"damage":0,"enemies":"Orb Walker","floor":39,"turns":4},{"damage":0,"enemies":"Nemesis","floor":40,"turns":9},{"damage":0,"enemies":"Transient","floor":42,"turns":5},{"damage":0,"enemies":"Maw","floor":44,"turns":7},{"damage":0,"enemies":"Jaw Worm Horde","floor":47,"turns":5},{"damage":12,"enemies":"Reptomancer","floor":48,"turns":6},{"damage":16,"enemies":"Time Eater","floor":50,"turns":13}],"seed_played":"7112589259704542689","potions_obtained":[{"floor":1,"key":"Block Potion"},{"floor":3,"key":"PowerPotion"},{"floor":10,"key":"AttackPotion"},{"floor":13,"key":"Explosive Potion"},{"floor":14,"key":"FearPotion"},{"floor":18,"key":"EssenceOfSteel"},{"floor":27,"key":"AttackPotion"},{"floor":30,"key":"GhostInAJar"},{"floor":35,"key":"SmokeBomb"},{"floor":40,"key":"Energy Potion"},{"floor":42,"key":"Poison Potion"},{"floor":44,"key":"Energy Potion"}],"is_trial":false,"path_per_floor":["M","?","M","M","?","R","?","R","T","E","M","$","M","E","R","B",null,"M","?","M","M","$","R","M","?","T","E","R","E","M","M","R","B",null,"M","?","?","$","M","E","$","M","T","M","$","?","M","E","R","B",null],"character_chosen":"THE_SILENT","items_purchased":["Oddly Smooth Stone","Quick Slash","Deflect+1","PiercingWail+1","Footwork","Doppelganger+1","Caltrops+1","Deflect+1","Flechettes","Backflip+1","Finesse+1","Calculated Gamble+1","Tactician+1"],"campfire_rested":2,"item_purchase_floors":[12,12,12,12,22,22,38,38,38,38,41,45,45],"current_hp_per_floor":[69,69,68,64,45,45,38,61,68,36,35,35,35,35,35,11,84,78,78,77,70,70,84,84,84,84,84,84,84,84,84,84,83,84,82,46,36,36,42,48,48,56,56,64,64,64,66,62,84,74],"gold":101,"neow_bonus":"TEN_PERCENT_HP_BONUS","is_prod":false,"is_daily":false,"chose_seed":false,"campfire_upgraded":5,"win_rate":0.0,"timestamp":1560182622,"path_taken":["M","?","?","M","?","R","?","R","T","E","M","$","?","E","R","BOSS","M","?","M","M","$","R","M","?","T","E","R","E","M","M","R","BOSS","M","?","?","$","M","E","$","M","T","M","$","?","M","E","R","BOSS"],"build_version":"2019-01-23","purchased_purges":1,"victory":true,"max_hp_per_floor":[77,77,77,77,77,77,77,77,84,84,84,84,84,84,84,84,84,84,84,84,84,84,84,84,84,84,84,84,84,84,84,84,84,84,84,84,84,84,84,84,84,84,84,84,84,84,84,84,84,84],"card_choices":[{"not_picked":["Expertise","Masterful Stab"],"picked":"Flechettes","floor":1},{"not_picked":["Dagger Spray","Backflip"],"picked":"Calculated Gamble","floor":3},{"not_picked":["Underhanded Strike","Sucker Punch"],"picked":"Blur","floor":4},{"not_picked":["Dodge and Roll","Dagger Spray"],"picked":"Blur","floor":10},{"not_picked":["Dagger Throw","Glass Knife"],"picked":"Well Laid Plans","floor":11},{"not_picked":["Outmaneuver+1","Quick Slash"],"picked":"Crippling Poison+1","floor":13},{"not_picked":["Night Terror+1","Blade Dance+1"],"picked":"Leg Sweep+1","floor":14},{"not_picked":["Night Terror+1","Venomology+1"],"picked":"Tools of the Trade","floor":16},{"not_picked":["Dagger Throw","Underhanded Strike"],"picked":"Footwork+1","floor":18},{"not_picked":["Acrobatics+1","Prepared+1"],"picked":"Caltrops+1","floor":20},{"not_picked":["PiercingWail+1","Choke"],"picked":"Calculated Gamble+1","floor":21},{"not_picked":["Malaise+1","Calculated Gamble+1"],"picked":"Deflect+1","floor":24},{"not_picked":["Slice","Sucker Punch"],"picked":"Dodge and Roll+1","floor":27},{"not_picked":["Dash","Calculated Gamble+1"],"picked":"Tactician+1","floor":29},{"not_picked":["Reflex+1","Flying Knee"],"picked":"Blade Dance+1","floor":30},{"not_picked":["Riddle With Holes","Deflect+1"],"picked":"Eviscerate","floor":31},{"not_picked":["Wraith Form v2+1","Venomology+1"],"picked":"Night Terror+1","floor":33},{"not_picked":["Acrobatics+1","Endless Agony+1"],"picked":"Backflip+1","floor":35},{"not_picked":["Dagger Throw+1","Dash+1"],"picked":"Blur+1","floor":36},{"not_picked":["Finesse+1","Dark Shackles+1"],"picked":"Bandage Up+1","floor":37},{"not_picked":["Metamorphosis+1","Impatience+1"],"picked":"Panache+1","floor":37},{"not_picked":["Secret Weapon+1","Swift Strike"],"picked":"Finesse+1","floor":37},{"not_picked":["PiercingWail+1","Dagger Throw"],"picked":"Flying Knee+1","floor":39},{"not_picked":["Eviscerate","Reflex+1"],"picked":"Blade Dance+1","floor":40},{"not_picked":["Crippling Poison+1","Expertise+1"],"picked":"Calculated Gamble+1","floor":42},{"not_picked":["Crippling Poison+1","Slice+1"],"picked":"Underhanded Strike+1","floor":44},{"not_picked":["Sucker Punch","Malaise+1"],"picked":"Finisher","floor":47},{"not_picked":["Dagger Spray+1","All Out Attack+1"],"picked":"Flying Knee+1","floor":48}],"player_experience":27279,"relics_obtained":[{"floor":9,"key":"Strawberry"},{"floor":10,"key":"Toxic Egg 2"},{"floor":14,"key":"Anchor"},{"floor":26,"key":"Pen Nib"},{"floor":27,"key":"Frozen Egg 2"},{"floor":29,"key":"Ninja Scroll"},{"floor":36,"key":"Tingsha"},{"floor":40,"key":"Blood Vial"},{"floor":43,"key":"Kunai"},{"floor":48,"key":"Torii"}],"event_choices":[{"damage_healed":0,"gold_gain":100,"player_choice":"Pray","damage_taken":0,"max_hp_gain":0,"max_hp_loss":0,"event_name":"Golden Shrine","floor":2,"gold_loss":0},{"damage_healed":0,"gold_gain":0,"player_choice":"Take Damage","damage_taken":19,"relics_obtained":["Golden Idol"],"max_hp_gain":0,"max_hp_loss":0,"event_name":"Golden Idol","floor":5,"gold_loss":0},{"cards_removed":["Defend_G"],"damage_healed":0,"gold_gain":0,"player_choice":"Card Removal","damage_taken":7,"max_hp_gain":0,"max_hp_loss":0,"event_name":"Golden Wing","floor":7,"gold_loss":0},{"cards_removed":["Defend_G"],"damage_healed":0,"gold_gain":0,"player_choice":"Gave Gold","damage_taken":0,"max_hp_gain":0,"max_hp_loss":0,"event_name":"Beggar","floor":19,"gold_loss":75},{"damage_healed":0,"gold_gain":0,"player_choice":"Stole Relic","damage_taken":0,"relics_obtained":["Regal Pillow"],"max_hp_gain":0,"max_hp_loss":0,"event_name":"Addict","floor":25,"gold_loss":0,"cards_obtained":["Shame"]},{"damage_healed":0,"gold_gain":0,"player_choice":"Fight","damage_taken":0,"max_hp_gain":0,"max_hp_loss":0,"event_name":"Mysterious Sphere","floor":36,"gold_loss":0},{"damage_healed":0,"gold_gain":0,"player_choice":"Memory 3","damage_taken":10,"max_hp_gain":0,"max_hp_loss":0,"event_name":"SensoryStone","floor":37,"gold_loss":0},{"cards_removed":["Neutralize"],"damage_healed":0,"gold_gain":0,"player_choice":"Removed Attack","damage_taken":0,"max_hp_gain":0,"max_hp_loss":0,"event_name":"Falling","floor":46,"gold_loss":0}],"is_beta":false,"boss_relics":[{"not_picked":["Astrolabe","Empty Cage"],"picked":"Eternal Feather"},{"not_picked":["Busted Crown","Cursed Key"],"picked":"Fusion Hammer"}],"items_purged_floors":[38],"is_endless":false,"potions_floor_spawned":[1,3,10,13,14,18,24,27,30,35,40,42,44],"ascension_level":0}