{"gold_per_floor":[110,128,138,138,138,164,184,217,244,244,244,262,262,275,275,374,374,361,374,142,161,177,203,165,28,103,119,130,146,161,0,0,0],"floor_reached":33,"playtime":5395,"items_purged":["Strike_R","Defend_R"],"score":283,"play_id":"447cdcce-e996-4421-820f-b0a768a9c602","local_time":"20190712103721","is_ascension_mode":false,"campfire_choices":[{"data":"Armaments","floor":11,"key":"SMITH"},{"data":"Cleave","floor":13,"key":"SMITH"},{"floor":15,"key":"REST"},{"floor":32,"key":"REST"}],"neow_cost":"NONE","seed_source_timestamp":0,"circlet_count":0,"master_deck":["Strike_R","Strike_R","Strike_R","Defend_R","Defend_R","Bash","Twin Strike","Twin Strike","Cleave+1","Fire Breathing+1","Pommel Strike","Armaments+1","Flex","Iron Wave","Cleave","Iron Wave","Feed","Shrug It Off","Pommel Strike","Thunderclap+1","Cleave+1","Flex","Armaments","Battle Trance+1","Seeing Red","Flex+1"],"special_seed":0,"relics":["Burning Blood","Red Skull","Orichalcum","Boot","Runic Cube","Lantern","MawBank","Mummified Hand"],"potions_floor_usage":[8,8,21,22,22,30,33,33],"damage_taken":[{"damage":8.0,"enemies":"2 Louse","floor":1.0,"turns":3.0},{"damage":11.0,"enemies":"Small Slimes","floor":2.0,"turns":2.0},{"damage":1.0,"enemies":"Cultist","floor":3.0,"turns":3.0},{"damage":40.0,"enemies":"Lagavulin","floor":6.0,"turns":8.0},{"damage":19,"enemies":"Exordium Thugs","floor":7,"turns":3},{"damage":3,"enemies":"Gremlin Nob","floor":8,"turns":2},{"damage":5,"enemies":"Looter","floor":12,"turns":2},{"damage":1,"enemies":"3 Louse","floor":14,"turns":3},{"damage":49,"enemies":"The Guardian","floor":16,"turns":9},{"damage":19,"enemies":"2 Thieves","floor":18,"turns":4},{"damage":16,"enemies":"Spheric Guardian","floor":19,"turns":4},{"damage":14,"enemies":"Snecko","floor":21,"turns":5},{"damage":4,"enemies":"Centurion and Healer","floor":22,"turns":6},{"damage":34,"enemies":"Slavers","floor":23,"turns":5},{"damage":5,"enemies":"Sentry and Sphere","floor":27,"turns":3},{"damage":2,"enemies":"Snecko","floor":28,"turns":3},{"damage":2,"enemies":"Cultist and Chosen","floor":29,"turns":3},{"damage":0,"enemies":"Centurion and Healer","floor":30,"turns":2},{"damage":86,"enemies":"Automaton","floor":33,"turns":6}],"seed_played":"7888945607176416000","potions_obtained":[{"floor":1.0,"key":"SteroidPotion"},{"floor":2.0,"key":"Regen Potion"},{"floor":7,"key":"LiquidBronze"},{"floor":8,"key":"Poison Potion"},{"floor":12,"key":"SteroidPotion"},{"floor":19,"key":"FearPotion"},{"floor":21,"key":"Ancient Potion"},{"floor":23,"key":"Energy Potion"},{"floor":27,"key":"AttackPotion"}],"is_trial":false,"path_per_floor":["M","M","M","?","?","E","M","E","T","?","R","M","R","M","R","B",null,"M","M","$","M","M","E","?","$","T","M","M","M","M","?","R","B"],"character_chosen":"IRONCLAD","items_purchased":["Lantern","Armaments"],"campfire_rested":2,"item_purchase_floors":[20,25],"current_hp_per_floor":[78,73,78,71,71,52,39,42,42,42,42,43,43,48,72,29,80,70,60,60,52,54,29,29,29,29,33,37,41,47,47,73,0],"gold":0,"neow_bonus":"THREE_CARDS","is_prod":false,"is_daily":false,"chose_seed":false,"campfire_upgraded":2,"win_rate":0.0,"timestamp":1562924241,"path_taken":["M","M","M","?","?","E","M","E","T","?","R","M","R","M","R","BOSS","M","M","$","M","M","E","?","?","T","M","M","M","M","?","R","BOSS"],"build_version":"2019-07-05","purchased_purges":2,"victory":false,"max_hp_per_floor":[80,80,80,80,80,80,80,80,80,80,80,80,80,80,80,80,80,83,83,83,83,83,86,86,86,86,89,89,89,89,89,89,89],"card_choices":[{"not_picked":["True Grit","Heavy Blade"],"picked":"Twin Strike","floor":0.0},{"not_picked":["Pummel","Body Slam"],"picked":"Twin Strike","floor":1.0},{"not_picked":["Twin Strike","Hemokinesis"],"picked":"Cleave","floor":2.0},{"not_picked":["Thunderclap","Flex"],"picked":"Fire Breathing","floor":3.0},{"not_picked":["Metallicize","Shockwave"],"picked":"Pommel Strike","floor":6},{"not_picked":["Pummel","Pommel Strike"],"picked":"Armaments","floor":7},{"not_picked":["Evolve","Reckless Charge"],"picked":"Flex","floor":8},{"not_picked":["True Grit","Shrug It Off"],"picked":"Cleave","floor":12},{"not_picked":["Flame Barrier","Metallicize"],"picked":"Iron Wave","floor":14},{"not_picked":["Brutality","Bludgeon"],"picked":"Feed","floor":16},{"not_picked":["Heavy Blade","Sword Boomerang"],"picked":"Shrug It Off","floor":18},{"not_picked":["True Grit+1","Flame Barrier"],"picked":"Pommel Strike","floor":19},{"not_picked":["Sword Boomerang","Iron Wave"],"picked":"Thunderclap+1","floor":21},{"not_picked":["Clash","True Grit"],"picked":"Cleave+1","floor":22},{"not_picked":["Double Tap","Body Slam"],"picked":"Flex","floor":23},{"not_picked":["Warcry","Headbutt","Dark Embrace"],"picked":"SKIP","floor":27},{"not_picked":["Evolve","Heavy Blade+1"],"picked":"Battle Trance+1","floor":28},{"not_picked":["Power Through","Searing Blow"],"picked":"Seeing Red","floor":29},{"not_picked":["Clash","Bloodletting"],"picked":"Flex+1","floor":30}],"player_experience":218174,"relics_obtained":[{"floor":6,"key":"Red Skull"},{"floor":8,"key":"Orichalcum"},{"floor":9,"key":"Boot"},{"floor":23,"key":"MawBank"},{"floor":26,"key":"Mummified Hand"}],"event_choices":[{"cards_removed":["Strike_R"],"damage_healed":0.0,"max_hp_gain":0.0,"max_hp_loss":0.0,"gold_gain":0.0,"event_name":"Golden Wing","player_choice":"Card Removal","floor":4.0,"gold_loss":0.0,"damage_taken":7.0},{"damage_healed":0.0,"max_hp_gain":0.0,"max_hp_loss":0.0,"gold_gain":0.0,"event_name":"Living Wall","player_choice":"Grow","floor":5.0,"gold_loss":0.0,"damage_taken":0.0,"cards_upgraded":["Fire Breathing"]},{"cards_removed":["Defend_R"],"damage_healed":0,"gold_gain":0,"player_choice":"Took Card","damage_taken":0,"max_hp_gain":0,"max_hp_loss":0,"event_name":"NoteForYourself","floor":10,"gold_loss":0,"cards_obtained":["Iron Wave"]},{"damage_healed":0,"gold_gain":0,"player_choice":"Bet on Murderer","damage_taken":0,"max_hp_gain":0,"max_hp_loss":0,"event_name":"The Joust","floor":24,"gold_loss":50},{"damage_healed":0,"gold_gain":0,"player_choice":"Paid Fearfully","damage_taken":0,"max_hp_gain":0,"max_hp_loss":0,"event_name":"Masked Bandits","floor":31,"gold_loss":161}],"is_beta":false,"boss_relics":[{"not_picked":["Eternal Feather","Empty Cage"],"picked":"Runic Cube"}],"items_purged_floors":[20,25],"is_endless":false,"potions_floor_spawned":[1,2,7,8,12,19,21,23,27],"killed_by":"Automaton","ascension_level":0}