{"gold_per_floor":[116,191,205,224,31,31,66,66,119,133,160,225,259,277,277,351,351,371,371,12,282,302,330,346,346,346,359,369,402,402,431,431,506,506,518,408,148,161,171,171,186,215,215,240,256,289,300,325,325,325,325,325,98,128,128],"floor_reached":56,"playtime":8357,"items_purged":["Strike_R","Strike_R"],"score":2518,"play_id":"924297a6-fcb8-45e2-a081-59c9200e0a5f","local_time":"20190627184454","is_ascension_mode":true,"campfire_choices":[{"data":"Bash","floor":6.0,"key":"SMITH"},{"data":"Corruption","floor":8.0,"key":"SMITH"},{"data":"Shockwave","floor":15.0,"key":"SMITH"},{"data":"Corruption","floor":25,"key":"SMITH"},{"data":"J.A.X.","floor":32,"key":"SMITH"},{"data":"Dark Embrace","floor":40,"key":"SMITH"},{"floor":49,"key":"RECALL"},{"data":"Feel No Pain","floor":52,"key":"SMITH"}],"neow_cost":"PERCENT_DAMAGE","seed_source_timestamp":1254865024379739,"circlet_count":0,"master_deck":["AscendersBane","Defend_R","Defend_R","Defend_R+1","Defend_R","Bash+1","Pommel Strike","Sword Boomerang+1","Power Through","Ghostly Armor","Havoc","Corruption+1","Havoc","Shrug It Off","Spot Weakness","Anger+1","Shockwave+1","Heavy Blade+1","Offering","Carnage+1","Ghostly","Ghostly","Ghostly","Corruption+1","Shrug It Off","Seeing Red+1","Seeing Red","Hemokinesis+1","Feel No Pain+1","J.A.X.+1","Rupture","Dark Embrace+1","Uppercut+1","Burning Pact","Havoc","Havoc","Exhume+1","Shrug It Off+1","Injury","Shrug It Off","Clothesline+1","Shrug It Off","Feel No Pain","Sentinel","True Grit","Ghostly Armor","Flame Barrier"],"special_seed":0,"relics":["Burning Blood","Red Skull","Pen Nib","Molten Egg 2","Self Forming Clay","Bottled Lightning","Runic Cube","Meat on the Bone","Bronze Scales","Ornamental Fan","Ginger","Blue Candle","Cursed Key","Bag of Marbles","Oddly Smooth Stone","Bird Faced Urn","Bottled Tornado","War Paint"],"potions_floor_usage":[],"damage_taken":[{"damage":9.0,"enemies":"Jaw Worm","floor":1.0,"turns":4.0},{"damage":0.0,"enemies":"2 Louse","floor":3.0,"turns":4.0},{"damage":11.0,"enemies":"Small Slimes","floor":4.0,"turns":4.0},{"damage":19.0,"enemies":"Gremlin Nob","floor":7.0,"turns":4.0},{"damage":2.0,"enemies":"2 Fungi Beasts","floor":10.0,"turns":4.0},{"damage":0.0,"enemies":"Lagavulin","floor":11.0,"turns":5.0},{"damage":11.0,"enemies":"Gremlin Nob","floor":12.0,"turns":4.0},{"damage":5.0,"enemies":"3 Sentries","floor":13.0,"turns":7.0},{"damage":0.0,"enemies":"Lots of Slimes","floor":14.0,"turns":3.0},{"damage":7.0,"enemies":"The Guardian","floor":16.0,"turns":6.0},{"damage":6.0,"enemies":"Chosen","floor":18.0,"turns":6.0},{"damage":15.0,"enemies":"Shell Parasite","floor":22.0,"turns":4.0},{"damage":3.0,"enemies":"Gremlin Leader","floor":23.0,"turns":5.0},{"damage":6.0,"enemies":"Chosen and Byrds","floor":24.0,"turns":2.0},{"damage":18,"enemies":"Centurion and Healer","floor":27,"turns":4},{"damage":18,"enemies":"Snecko","floor":28,"turns":5},{"damage":5,"enemies":"Slavers","floor":29,"turns":5},{"damage":6,"enemies":"Gremlin Leader","floor":31,"turns":5},{"damage":17,"enemies":"Champ","floor":33,"turns":9},{"damage":3,"enemies":"Orb Walker","floor":35,"turns":3},{"damage":3,"enemies":"3 Darklings","floor":38,"turns":3},{"damage":4,"enemies":"Jaw Worm Horde","floor":39,"turns":5},{"damage":8,"enemies":"4 Shapes","floor":41,"turns":3},{"damage":7,"enemies":"Giant Head","floor":42,"turns":5},{"damage":22,"enemies":"Nemesis","floor":44,"turns":5},{"damage":11,"enemies":"Sphere and 2 Shapes","floor":45,"turns":4},{"damage":8,"enemies":"Reptomancer","floor":46,"turns":5},{"damage":5,"enemies":"Transient","floor":47,"turns":6},{"damage":7,"enemies":"Nemesis","floor":48,"turns":7},{"damage":27,"enemies":"Donu and Deca","floor":50,"turns":5},{"damage":6,"enemies":"Shield and Spear","floor":54,"turns":4},{"damage":29,"enemies":"The Heart","floor":55,"turns":8}],"seed_played":"-1759188053062152482","potions_obtained":[{"floor":4.0,"key":"Explosive Potion"},{"floor":7.0,"key":"Swift Potion"},{"floor":11.0,"key":"Ancient Potion"},{"floor":12.0,"key":"Block Potion"},{"floor":16.0,"key":"Regen Potion"},{"floor":23.0,"key":"Regen Potion"},{"floor":28,"key":"Regen Potion"},{"floor":45,"key":"GamblersBrew"}],"is_trial":false,"path_per_floor":["M","?","M","M","$","R","E","R","T","M","E","?","E","M","R","B",null,"M","?","$","?","M","E","M","R","T","M","M","E","?","E","R","B",null,"M","?","$","M","M","R","M","E","T","E","M","E","M","E","R","B",null,"R","$","E","B",null],"character_chosen":"IRONCLAD","items_purchased":["Ghostly Armor","Havoc","Corruption","Meat on the Bone","Corruption","Burning Pact","Havoc","Block Potion","True Grit","Ghostly Armor"],"campfire_rested":0,"item_purchase_floors":[5,5,5,20,20,37,37,37,53,53],"current_hp_per_floor":[47,36,42,37,37,37,24,24,24,28,34,29,30,36,36,35,65,65,37,37,13,28,31,31,31,31,31,31,32,32,32,32,33,36,37,37,37,37,37,37,35,34,34,30,25,35,37,37,37,34,36,36,36,37,36],"gold":128,"neow_bonus":"REMOVE_TWO","is_prod":false,"is_daily":false,"chose_seed":false,"campfire_upgraded":7,"win_rate":0,"timestamp":1561650294,"path_taken":["M","?","M","M","$","R","E","R","T","M","E","?","E","M","R","BOSS","M","?","$","?","M","E","M","R","T","?","M","E","?","E","R","BOSS","M","?","$","?","M","R","?","E","T","E","M","E","M","E","R","BOSS","R","$","E","BOSS"],"build_version":"2019-01-23","purchased_purges":2,"victory":true,"max_hp_per_floor":[75,75,75,75,75,75,75,75,75,75,75,75,75,75,75,75,75,75,37,37,37,37,37,37,37,37,37,37,37,37,37,37,37,37,37,37,37,37,37,37,37,37,37,37,37,37,37,37,37,37,37,37,37,37,37],"card_choices":[{"not_picked":["Blood for Blood","Perfected Strike"],"picked":"Pommel Strike","floor":1.0},{"not_picked":["Fire Breathing","Warcry"],"picked":"Sword Boomerang","floor":3.0},{"not_picked":["Iron Wave","Sword Boomerang"],"picked":"Power Through","floor":4.0},{"not_picked":["Wild Strike","Warcry"],"picked":"Havoc","floor":7.0},{"not_picked":["Iron Wave","Clash"],"picked":"Shrug It Off","floor":10.0},{"not_picked":["Warcry","Second Wind"],"picked":"Spot Weakness","floor":11.0},{"not_picked":["Flex","Sever Soul+1"],"picked":"Anger+1","floor":12.0},{"not_picked":["Rampage+1","Sword Boomerang+1"],"picked":"Shockwave","floor":13.0},{"not_picked":["Exhume","Armaments"],"picked":"Heavy Blade+1","floor":14.0},{"not_picked":["Dark Embrace","Immolate+1"],"picked":"Offering","floor":16.0},{"not_picked":["Rage","Thunderclap+1"],"picked":"Carnage+1","floor":18.0},{"not_picked":["Wild Strike+1","Iron Wave+1"],"picked":"Shrug It Off","floor":22.0},{"not_picked":["Sword Boomerang+1","Iron Wave+1"],"picked":"Seeing Red+1","floor":23.0},{"not_picked":["Body Slam+1","Reckless Charge+1","Dual Wield"],"picked":"SKIP","floor":24},{"not_picked":["Havoc","Wild Strike+1"],"picked":"Seeing Red","floor":27},{"not_picked":["Body Slam+1","Dual Wield"],"picked":"Hemokinesis+1","floor":28},{"not_picked":["Whirlwind+1","Bludgeon+1"],"picked":"Feel No Pain","floor":29},{"not_picked":["Sentinel","Immolate+1"],"picked":"Rupture","floor":31},{"not_picked":["Feed+1","Immolate+1"],"picked":"Dark Embrace","floor":33},{"not_picked":["Dropkick+1","Armaments+1"],"picked":"Uppercut+1","floor":35},{"not_picked":["Clash+1","Rampage+1"],"picked":"Havoc","floor":38},{"not_picked":["Perfected Strike+1","Sword Boomerang+1","Iron Wave+1"],"picked":"SKIP","floor":39},{"not_picked":["Fire Breathing+1","Power Through+1"],"picked":"Exhume","floor":41},{"not_picked":["Iron Wave+1","Cleave+1"],"picked":"Shrug It Off+1","floor":42},{"not_picked":["Havoc","Seeing Red+1"],"picked":"Shrug It Off","floor":44},{"not_picked":["Sword Boomerang+1","Perfected Strike+1"],"picked":"Clothesline+1","floor":45},{"not_picked":["Intimidate+1","Havoc+1"],"picked":"Shrug It Off","floor":46},{"not_picked":["Dropkick+1","Anger+1"],"picked":"Feel No Pain","floor":47},{"not_picked":["Infernal Blade+1","Havoc"],"picked":"Sentinel","floor":48},{"not_picked":["Sentinel","Pummel+1"],"picked":"Flame Barrier","floor":54}],"player_experience":604009,"relics_obtained":[{"floor":7.0,"key":"Red Skull"},{"floor":9.0,"key":"Pen Nib"},{"floor":11.0,"key":"Molten Egg 2"},{"floor":12.0,"key":"Self Forming Clay"},{"floor":13.0,"key":"Bottled Lightning"},{"floor":23.0,"key":"Bronze Scales"},{"floor":26,"key":"Ornamental Fan"},{"floor":29,"key":"Ginger"},{"floor":31,"key":"Blue Candle"},{"floor":42,"key":"Bag of Marbles"},{"floor":44,"key":"Oddly Smooth Stone"},{"floor":46,"key":"Bird Faced Urn"},{"floor":48,"key":"Bottled Tornado"},{"floor":54,"key":"War Paint"}],"event_choices":[{"damage_healed":0.0,"max_hp_gain":0.0,"max_hp_loss":0.0,"gold_gain":75.0,"event_name":"World of Goop","player_choice":"Gather Gold","floor":2.0,"gold_loss":0.0,"damage_taken":11.0},{"damage_healed":0.0,"max_hp_gain":0.0,"max_hp_loss":0.0,"gold_gain":0.0,"event_name":"Dead Adventurer","player_choice":"Searched \u00272\u0027 times","floor":12.0,"gold_loss":0.0,"damage_taken":0.0},{"damage_healed":0.0,"max_hp_gain":0.0,"max_hp_loss":38.0,"gold_gain":0.0,"event_name":"Ghosts","player_choice":"Became a Ghost","floor":19.0,"gold_loss":0.0,"damage_taken":0.0,"cards_obtained":["Ghostly","Ghostly","Ghostly"]},{"damage_healed":0.0,"max_hp_gain":0.0,"max_hp_loss":0.0,"gold_gain":270.0,"event_name":"Knowing Skull","player_choice":"GOLD GOLD GOLD ","floor":21.0,"potions_obtained":[],"gold_loss":0.0,"damage_taken":24.0,"cards_obtained":[]},{"damage_healed":0,"gold_gain":0,"player_choice":"Obtain J.A.X.","damage_taken":0,"max_hp_gain":0,"max_hp_loss":0,"event_name":"Drug Dealer","floor":30,"gold_loss":0,"cards_obtained":["J.A.X."]},{"cards_removed":["Strike_R"],"damage_healed":0,"gold_gain":0,"player_choice":"Upgrade and Remove","damage_taken":0,"max_hp_gain":0,"max_hp_loss":0,"event_name":"Designer","floor":36,"gold_loss":110,"cards_upgraded":["Sword Boomerang"]}],"is_beta":false,"boss_relics":[{"not_picked":["Tiny House","Ectoplasm"],"picked":"Runic Cube"},{"not_picked":["Black Blood","Philosopher\u0027s Stone"],"picked":"Cursed Key"}],"items_purged_floors":[37,53],"is_endless":false,"potions_floor_spawned":[4,7,11,12,16,23,28,31,33,39,44,45,48],"ascension_level":17}