{"gold_per_floor":[118,131,131,144,144,174,189,189],"floor_reached":8,"playtime":972,"items_purged":[],"score":58,"play_id":"5368e71e-33dd-4002-9873-af1d22697c50","local_time":"20190723141730","is_ascension_mode":false,"campfire_choices":[],"neow_cost":"NONE","seed_source_timestamp":339846671087900,"circlet_count":0,"master_deck":["Strike_B","Strike_B","Strike_B","Defend_B","Defend_B","Defend_B","Defend_B","Zap+1","Dualcast","Hologram","Force Field","Gash","Heatsinks"],"relics":["Cracked Core","Bag of Marbles"],"potions_floor_usage":[6,8],"damage_taken":[{"damage":4,"enemies":"Jaw Worm","floor":1,"turns":4},{"damage":0,"enemies":"2 Louse","floor":2,"turns":2},{"damage":0,"enemies":"Small Slimes","floor":4,"turns":3},{"damage":28,"enemies":"Lagavulin","floor":6,"turns":5},{"damage":0,"enemies":"Looter","floor":7,"turns":3},{"damage":47,"enemies":"3 Sentries","floor":8,"turns":8}],"seed_played":"1205732473647615740","potions_obtained":[{"floor":2,"key":"Strength Potion"},{"floor":4,"key":"Swift Potion"},{"floor":7,"key":"SkillPotion"}],"is_trial":false,"path_per_floor":["M","M","?","M","?","E","M","E"],"character_chosen":"DEFECT","items_purchased":[],"campfire_rested":0,"item_purchase_floors":[],"current_hp_per_floor":[71,71,76,76,69,41,41,0],"gold":189,"neow_bonus":"UPGRADE_CARD","is_prod":false,"is_daily":false,"chose_seed":false,"campfire_upgraded":0,"win_rate":0.0,"timestamp":1563887850,"path_taken":["M","M","?","M","?","E","M","E"],"build_version":"2019-07-17","purchased_purges":0,"victory":false,"max_hp_per_floor":[75,75,80,80,80,80,80,80],"card_choices":[{"not_picked":["Steam Power","Tempest"],"picked":"Hologram","floor":1},{"not_picked":["Compile Driver","Sweeping Beam"],"picked":"Force Field","floor":2},{"not_picked":["Storm","Steam"],"picked":"Gash","floor":4},{"not_picked":["Compile Driver","Go for the Eyes"],"picked":"Heatsinks","floor":6},{"not_picked":["Streamline","Melter","Redo"],"picked":"SKIP","floor":7}],"player_experience":375554,"relics_obtained":[{"floor":6,"key":"Bag of Marbles"}],"event_choices":[{"damage_healed":0,"gold_gain":0,"player_choice":"Donut","damage_taken":0,"max_hp_gain":5,"max_hp_loss":0,"event_name":"Big Fish","floor":3,"gold_loss":0},{"cards_removed":["Strike_B"],"damage_healed":0,"gold_gain":0,"player_choice":"Card Removal","damage_taken":7,"max_hp_gain":0,"max_hp_loss":0,"event_name":"Golden Wing","floor":5,"gold_loss":0}],"is_beta":false,"boss_relics":[],"items_purged_floors":[],"is_endless":false,"potions_floor_spawned":[2,4,7],"killed_by":"3 Sentries","ascension_level":0}