{"gold_per_floor":[113,131,145,161,178,210,360,360,360,360,376,33,62,78,78,157,157,170,170,170,13,32,32],"floor_reached":23,"playtime":794,"items_purged":["Doubt","Pain"],"score":406,"play_id":"6d4f3205-4714-4d6f-94eb-9f9a5ea8a47d","local_time":"20190701151604","is_ascension_mode":true,"campfire_choices":[{"data":"Uppercut","floor":8,"key":"SMITH"},{"data":"Flex","floor":10,"key":"SMITH"},{"data":"Entrench","floor":15,"key":"SMITH"}],"neow_cost":"NONE","seed_source_timestamp":272859588659100,"circlet_count":0,"master_deck":["AscendersBane","Strike_R","Strike_R","Strike_R","Strike_R","Strike_R","Defend_R","Defend_R","Defend_R","Defend_R","Bash","Power Through","Headbutt","Uppercut+1","Flex+1","Seeing Red","Double Tap","Flex","Entrench+1","Heavy Blade","Barricade","Iron Wave","Inflame","Second Wind"],"relics":["Burning Blood","NeowsBlessing","Mercury Hourglass","Pen Nib","Self Forming Clay","Art of War","Black Star","WarpedTongs"],"potions_floor_usage":[4,6,13,16,23],"damage_taken":[{"damage":0,"enemies":"Cultist","floor":1,"turns":1},{"damage":0,"enemies":"2 Louse","floor":2,"turns":1},{"damage":0,"enemies":"Small Slimes","floor":3,"turns":1},{"damage":7,"enemies":"3 Louse","floor":4,"turns":5},{"damage":15,"enemies":"Lots of Slimes","floor":5,"turns":7},{"damage":32,"enemies":"Gremlin Nob","floor":6,"turns":4},{"damage":0,"enemies":"Blue Slaver","floor":11,"turns":3},{"damage":1,"enemies":"Lagavulin","floor":13,"turns":6},{"damage":7,"enemies":"3 Louse","floor":14,"turns":3},{"damage":20,"enemies":"The Guardian","floor":16,"turns":9},{"damage":21,"enemies":"Spheric Guardian","floor":18,"turns":5},{"damage":19,"enemies":"2 Thieves","floor":22,"turns":4},{"damage":41,"enemies":"Book of Stabbing","floor":23,"turns":4}],"seed_played":"-7252290413064326676","potions_obtained":[{"floor":1,"key":"Dexterity Potion"},{"floor":2,"key":"FearPotion"},{"floor":4,"key":"Swift Potion"},{"floor":11,"key":"Energy Potion"}],"is_trial":false,"path_per_floor":["M","M","M","M","M","E","?","R","T","R","M","$","E","M","R","B",null,"M","?","?","$","M","E"],"character_chosen":"IRONCLAD","items_purchased":["Self Forming Clay","PowerPotion"],"campfire_rested":0,"item_purchase_floors":[12,21],"current_hp_per_floor":[74,75,75,74,65,39,39,39,39,39,45,45,50,49,49,35,65,50,50,50,50,37,0],"gold":32,"neow_bonus":"THREE_ENEMY_KILL","is_prod":false,"is_daily":false,"chose_seed":false,"campfire_upgraded":3,"win_rate":0,"timestamp":1562008564,"path_taken":["M","M","M","?","M","E","?","R","T","R","M","$","E","M","R","BOSS","M","?","?","$","M","E"],"build_version":"2019-01-23","purchased_purges":2,"victory":false,"max_hp_per_floor":[75,75,75,75,75,75,75,75,75,75,75,75,75,75,75,75,75,75,75,75,75,75,75],"card_choices":[{"not_picked":["Rampage","Sentinel"],"picked":"Power Through","floor":1},{"not_picked":["Thunderclap","Heavy Blade"],"picked":"Headbutt","floor":2},{"not_picked":["Perfected Strike","Iron Wave"],"picked":"Uppercut","floor":3},{"not_picked":["Iron Wave","Clothesline"],"picked":"Flex","floor":4},{"not_picked":["Cleave","Wild Strike"],"picked":"Seeing Red","floor":5},{"not_picked":["Armaments","Shrug It Off"],"picked":"Double Tap","floor":6},{"not_picked":["Twin Strike","Heavy Blade"],"picked":"Flex","floor":11},{"not_picked":["Headbutt","Seeing Red"],"picked":"Entrench","floor":13},{"not_picked":["Carnage","Havoc"],"picked":"Heavy Blade","floor":14},{"not_picked":["Exhume","Berserk"],"picked":"Barricade","floor":16},{"not_picked":["Metallicize","Anger"],"picked":"Iron Wave","floor":18},{"not_picked":["Headbutt","Warcry"],"picked":"Second Wind","floor":22}],"player_experience":1622853,"relics_obtained":[{"floor":6,"key":"Mercury Hourglass"},{"floor":9,"key":"Pen Nib"},{"floor":13,"key":"Art of War"}],"event_choices":[{"damage_healed":0,"gold_gain":150,"player_choice":"AGREE","damage_taken":0,"max_hp_gain":0,"max_hp_loss":0,"event_name":"Liars Game","floor":7,"gold_loss":0,"cards_obtained":["Doubt"]},{"damage_healed":0,"gold_gain":0,"player_choice":"Read","damage_taken":0,"max_hp_gain":0,"max_hp_loss":0,"event_name":"The Library","floor":19,"gold_loss":0,"cards_obtained":["Inflame"]},{"damage_healed":0,"gold_gain":0,"player_choice":"Rummage","damage_taken":0,"relics_obtained":["WarpedTongs"],"max_hp_gain":0,"max_hp_loss":0,"event_name":"Accursed Blacksmith","floor":20,"gold_loss":0,"cards_obtained":["Pain"]}],"is_beta":false,"boss_relics":[{"not_picked":["Busted Crown","Runic Cube"],"picked":"Black Star"}],"items_purged_floors":[12,21],"is_endless":false,"potions_floor_spawned":[1,2,4,11],"killed_by":"Book of Stabbing","ascension_level":20}