{"gold_per_floor":[114,16,32,42,42,67,82,82,105,105,131,131,206,239,239,317,317,336,214,231,231,242,242,569,569,569,596,596,3,32,48,48,48],"floor_reached":33,"playtime":4862,"items_purged":["Strike_R","Anger"],"score":606,"play_id":"6e5b4140-6f96-48f7-845e-21679682b927","local_time":"20190624175731","is_ascension_mode":true,"campfire_choices":[{"data":"Clothesline","floor":8.0,"key":"SMITH"},{"data":"Bash","floor":10.0,"key":"SMITH"},{"data":"Heavy Blade","floor":12.0,"key":"SMITH"},{"floor":15.0,"key":"REST"},{"data":"Demon Form","floor":23,"key":"SMITH"},{"data":"Havoc","floor":25,"key":"SMITH"},{"floor":28,"key":"REST"},{"floor":32,"key":"REST"}],"neow_cost":"TEN_PERCENT_HP_LOSS","seed_source_timestamp":996511141212927,"circlet_count":0,"master_deck":["AscendersBane","Defend_R","Defend_R","Defend_R","Defend_R","Bash+1","Havoc+1","Clothesline+1","Uppercut","Spot Weakness","Havoc","Heavy Blade+1","Shockwave","Shrug It Off","Demon Form+1","Havoc+1","Whirlwind","Metallicize","Clothesline","Shrug It Off","Thinking Ahead","Warcry"],"special_seed":0,"relics":["Burning Blood","Happy Flower","Art of War","Smiling Mask","Orichalcum","Cursed Key","Old Coin","PreservedInsect","Torii","Vajra"],"potions_floor_usage":[27,30,30,31],"damage_taken":[{"damage":5.0,"enemies":"Jaw Worm","floor":1.0,"turns":5.0},{"damage":1.0,"enemies":"2 Louse","floor":3.0,"turns":3.0},{"damage":0.0,"enemies":"Cultist","floor":4.0,"turns":3.0},{"damage":25.0,"enemies":"Gremlin Nob","floor":6.0,"turns":4.0},{"damage":6.0,"enemies":"Looter","floor":7.0,"turns":3.0},{"damage":17.0,"enemies":"Lagavulin","floor":11.0,"turns":5.0},{"damage":17.0,"enemies":"3 Sentries","floor":14.0,"turns":9.0},{"damage":4.0,"enemies":"Hexaghost","floor":16.0,"turns":7.0},{"damage":16.0,"enemies":"3 Byrds","floor":18.0,"turns":5.0},{"damage":15,"enemies":"2 Thieves","floor":20,"turns":3},{"damage":9,"enemies":"Cultist and Chosen","floor":22,"turns":5},{"damage":12,"enemies":"Book of Stabbing","floor":24,"turns":4},{"damage":30,"enemies":"Slavers","floor":27,"turns":7},{"damage":32,"enemies":"Gremlin Leader","floor":30,"turns":5},{"damage":11,"enemies":"Sentry and Sphere","floor":31,"turns":5},{"damage":32,"enemies":"Collector","floor":33,"turns":6}],"seed_played":"-2796059027214283602","potions_obtained":[{"floor":4.0,"key":"Ancient Potion"},{"floor":7.0,"key":"GamblersBrew"},{"floor":11.0,"key":"Poison Potion"},{"floor":18.0,"key":"SpeedPotion"},{"floor":20,"key":"SpeedPotion"},{"floor":30,"key":"Poison Potion"}],"is_trial":false,"path_per_floor":["M","$","M","M","?","E","M","R","T","R","E","R","?","E","R","B",null,"M","$","M","?","M","R","E","R","T","E","R","$","E","M","R","B"],"character_chosen":"IRONCLAD","items_purchased":["Clothesline","Strength Potion","Whirlwind","Torii","Thinking Ahead","Regen Potion"],"campfire_rested":3,"item_purchase_floors":[2,2,19,29,29,29],"current_hp_per_floor":[68,68,68,68,61,42,42,42,42,42,31,31,20,9,29,31,59,49,49,40,40,37,37,31,31,31,7,27,27,15,10,30,0],"gold":48,"neow_bonus":"REMOVE_TWO","is_prod":false,"is_daily":false,"chose_seed":false,"campfire_upgraded":5,"win_rate":0,"timestamp":1561388251,"path_taken":["M","$","M","M","?","E","M","R","T","R","E","R","?","E","R","BOSS","M","$","M","?","M","R","E","R","T","E","R","?","E","M","R","BOSS"],"build_version":"2019-01-23","purchased_purges":2,"victory":false,"max_hp_per_floor":[68,68,68,68,68,68,68,68,68,68,68,68,68,68,68,68,68,68,68,68,68,68,68,68,68,68,68,68,68,68,68,68,68],"card_choices":[{"not_picked":["Wild Strike","Rupture"],"picked":"Havoc","floor":1.0},{"not_picked":["Shockwave","Sentinel"],"picked":"Uppercut","floor":3.0},{"not_picked":["Body Slam","Battle Trance"],"picked":"Spot Weakness","floor":4.0},{"not_picked":["Anger","Second Wind"],"picked":"Havoc","floor":6.0},{"not_picked":["Clash","Iron Wave"],"picked":"Heavy Blade","floor":7.0},{"not_picked":["Brutality","Pommel Strike"],"picked":"Shockwave","floor":11.0},{"not_picked":["Carnage","Cleave"],"picked":"Shrug It Off","floor":14.0},{"not_picked":["Dark Embrace","Immolate"],"picked":"Demon Form","floor":16.0},{"not_picked":["Rampage+1","True Grit"],"picked":"Havoc+1","floor":18.0},{"not_picked":["Perfected Strike","Spot Weakness"],"picked":"Metallicize","floor":20},{"not_picked":["Sever Soul","Clothesline","Clash"],"picked":"SKIP","floor":22},{"not_picked":["Sever Soul","Clothesline","Clash"],"picked":"SKIP","floor":22},{"not_picked":["Flex","Clash"],"picked":"Clothesline","floor":24},{"not_picked":["Flex","Searing Blow"],"picked":"Shrug It Off","floor":27},{"not_picked":["Pommel Strike","Uppercut+1"],"picked":"Warcry","floor":30},{"not_picked":["Thunderclap","Clash","Iron Wave"],"picked":"SKIP","floor":31}],"player_experience":495280,"relics_obtained":[{"floor":6.0,"key":"Happy Flower"},{"floor":9.0,"key":"Art of War"},{"floor":11.0,"key":"Smiling Mask"},{"floor":14.0,"key":"Orichalcum"},{"floor":24,"key":"Old Coin"},{"floor":27,"key":"PreservedInsect"},{"floor":30,"key":"Vajra"}],"event_choices":[{"cards_removed":["Strike_R"],"damage_healed":0.0,"max_hp_gain":0.0,"max_hp_loss":0.0,"gold_gain":0.0,"event_name":"Golden Wing","player_choice":"Card Removal","floor":5.0,"gold_loss":0.0,"damage_taken":7.0},{"damage_healed":0.0,"max_hp_gain":0.0,"max_hp_loss":0.0,"gold_gain":75.0,"event_name":"World of Goop","player_choice":"Gather Gold","floor":13.0,"gold_loss":0.0,"damage_taken":11.0},{"damage_healed":0,"gold_gain":0,"cards_transformed":["Strike_R"],"player_choice":"Transformed","damage_taken":0,"max_hp_gain":0,"max_hp_loss":0,"event_name":"Transmorgrifier","floor":21,"gold_loss":0,"cards_obtained":["Anger"]}],"is_beta":false,"boss_relics":[{"not_picked":["Orrery","Ectoplasm"],"picked":"Cursed Key"}],"items_purged_floors":[19,29],"is_endless":false,"potions_floor_spawned":[4,7,11,18,20,30],"killed_by":"Collector","ascension_level":15}