{"gold_per_floor":[165,189,205,3,3,3,34,34,113,146,161,187,206,231,231,336,336,349,31,131,230,241,241,241,275,300,333,350,196,230,255,255,352,352,365,365,365,465,465,465,500,500,523,534,259,259,186,196,196,196,196,196,19,53,53],"floor_reached":55,"playtime":10081,"items_purged":["Strike_R","Strike_R","Strike_R+1","Bash"],"score":1028,"play_id":"795dc391-9173-49e2-a88b-170e273f4fa3","local_time":"20190613224747","is_ascension_mode":true,"campfire_choices":[{"data":"Flame Barrier","floor":6.0,"key":"SMITH"},{"data":"Body Slam","floor":15.0,"key":"SMITH"},{"data":"Body Slam","floor":23.0,"key":"SMITH"},{"data":"Entrench","floor":32.0,"key":"SMITH"},{"data":"Entrench","floor":40.0,"key":"SMITH"},{"data":"Body Slam","floor":42.0,"key":"SMITH"},{"data":"Body Slam","floor":46.0,"key":"SMITH"},{"floor":49.0,"key":"RECALL"},{"data":"Thinking Ahead","floor":52.0,"key":"SMITH"}],"neow_cost":"NONE","seed_source_timestamp":57782535061049,"circlet_count":0,"master_deck":["Defend_R","Defend_R","Defend_R","Defend_R","Flame Barrier+1","Iron Wave","Shrug It Off","Flame Barrier","Armaments+1","Battle Trance","Flame Barrier","Body Slam+1","Entrench+1","Body Slam+1","Burning Pact","Reaper","Metallicize","Entrench+1","Clothesline","Body Slam+1","Battle Trance+1","Body Slam+1","Metallicize","Shockwave","Shockwave+1","Demon Form","Power Through+1","Shrug It Off","Headbutt+1","Body Slam+1","Thinking Ahead+1","Body Slam","Secret Technique"],"special_seed":0,"relics":["Tiny House","Lantern","Dream Catcher","Letter Opener","Unceasing Top","Oddly Smooth Stone","Happy Flower","Philosopher\u0027s Stone","Anchor","Pocketwatch","Sundial","Shuriken","Omamori","Bag of Marbles","Blood Vial","Empty Cage","Girya","Singing Bowl","Bottled Flame","Smiling Mask","Ornamental Fan"],"potions_floor_usage":[55,55,55],"damage_taken":[{"damage":1.0,"enemies":"Cultist","floor":1.0,"turns":3.0},{"damage":1.0,"enemies":"Small Slimes","floor":3.0,"turns":4.0},{"damage":12.0,"enemies":"Lagavulin","floor":7.0,"turns":13.0},{"damage":7.0,"enemies":"3 Sentries","floor":10.0,"turns":13.0},{"damage":0.0,"enemies":"Jaw Worm","floor":11.0,"turns":5.0},{"damage":11.0,"enemies":"Gremlin Nob","floor":12.0,"turns":5.0},{"damage":0.0,"enemies":"Large Slime","floor":13.0,"turns":8.0},{"damage":13.0,"enemies":"Lagavulin","floor":14.0,"turns":9.0},{"damage":12.0,"enemies":"Slime Boss","floor":16.0,"turns":13.0},{"damage":0.0,"enemies":"Shell Parasite","floor":18.0,"turns":2.0},{"damage":0.0,"enemies":"Colosseum Slavers","floor":20.0,"turns":4.0},{"damage":0.0,"enemies":"Colosseum Nobs","floor":20.0,"turns":4.0},{"damage":0.0,"enemies":"3 Byrds","floor":22.0,"turns":2.0},{"damage":28.0,"enemies":"Gremlin Leader","floor":25.0,"turns":6.0},{"damage":0.0,"enemies":"Slavers","floor":27.0,"turns":5.0},{"damage":6.0,"enemies":"Sentry and Sphere","floor":28.0,"turns":3.0},{"damage":1.0,"enemies":"Book of Stabbing","floor":30.0,"turns":4.0},{"damage":0.0,"enemies":"Champ","floor":33.0,"turns":9.0},{"damage":0.0,"enemies":"3 Darklings","floor":35.0,"turns":5.0},{"damage":0.0,"enemies":"Mind Bloom Boss Battle","floor":38.0,"turns":3.0},{"damage":0.0,"enemies":"Nemesis","floor":41.0,"turns":1.0},{"damage":0.0,"enemies":"Orb Walker","floor":44.0,"turns":2.0},{"damage":0.0,"enemies":"Maw","floor":48.0,"turns":6.0},{"damage":49.0,"enemies":"Donu and Deca","floor":50.0,"turns":8.0},{"damage":30.0,"enemies":"Shield and Spear","floor":54.0,"turns":6.0},{"damage":78,"enemies":"The Heart","floor":55,"turns":9}],"seed_played":"1084634220054620667","potions_obtained":[{"floor":0.0,"key":"AttackPotion"},{"floor":1.0,"key":"AttackPotion"},{"floor":7.0,"key":"Energy Potion"},{"floor":10.0,"key":"SpeedPotion"},{"floor":16.0,"key":"SkillPotion"},{"floor":18.0,"key":"Ancient Potion"},{"floor":44.0,"key":"LiquidBronze"}],"is_trial":false,"path_per_floor":["M","T","M","$","?","R","E","$","T","E","M","E","M","E","R","B",null,"M","$","?","?","M","R","?","E","T","E","M","$","E","T","R","B",null,"M","?","?","?","T","R","E","R","T","M","$","R","$","M","R","B",null,"R","$","E","B"],"character_chosen":"IRONCLAD","items_purchased":["Flame Barrier","Armaments","Anchor","Metallicize","Metallicize","Shockwave","Body Slam","Thinking Ahead","Body Slam","Secret Technique"],"campfire_rested":0,"item_purchase_floors":[4,4,19,19,29,29,45,45,47,53],"current_hp_per_floor":[84,84,83,83,83,83,71,71,71,64,64,53,53,40,40,28,85,85,85,85,85,85,85,85,65,65,70,64,64,63,63,63,65,85,85,75,75,77,77,77,79,79,79,81,81,81,81,85,85,38,87,87,87,63,0],"gold":53,"neow_bonus":"BOSS_RELIC","is_prod":false,"is_daily":false,"chose_seed":false,"campfire_upgraded":8,"win_rate":0,"timestamp":1560455267,"path_taken":["M","?","?","$","?","R","E","?","T","E","M","E","M","E","R","BOSS","M","$","?","?","M","R","?","E","T","E","M","$","E","?","R","BOSS","M","?","?","?","?","R","E","R","T","M","$","R","$","M","R","BOSS","R","$","E","BOSS"],"build_version":"2019-01-23","purchased_purges":4,"victory":false,"max_hp_per_floor":[85,85,85,85,85,85,85,85,85,85,85,85,85,85,85,85,85,85,85,85,85,85,85,85,85,85,85,85,85,85,85,85,85,85,85,85,85,85,85,85,85,85,85,85,85,85,85,87,87,87,87,87,87,89,89],"card_choices":[{"not_picked":["Power Through","Intimidate"],"picked":"Flame Barrier","floor":0.0},{"not_picked":["Perfected Strike","Bloodletting"],"picked":"Iron Wave","floor":1.0},{"not_picked":["Uppercut","Burning Pact"],"picked":"Shrug It Off","floor":3.0},{"not_picked":["Ghostly Armor","Dark Embrace"],"picked":"Battle Trance","floor":7.0},{"not_picked":["Evolve","Thunderclap"],"picked":"Flame Barrier","floor":10.0},{"not_picked":["Clothesline","Pommel Strike"],"picked":"Body Slam","floor":11.0},{"not_picked":["Combust","Body Slam"],"picked":"Entrench","floor":12.0},{"not_picked":["Fire Breathing","Wild Strike"],"picked":"Body Slam","floor":13.0},{"not_picked":["Twin Strike","Thunderclap"],"picked":"Burning Pact","floor":14.0},{"not_picked":["Exhume","Berserk"],"picked":"Reaper","floor":16.0},{"not_picked":["Heavy Blade","Flex","Cleave+1"],"picked":"SKIP","floor":18.0},{"not_picked":["Iron Wave","Second Wind"],"picked":"Entrench","floor":20.0},{"not_picked":["Twin Strike+1","Wild Strike"],"picked":"Clothesline","floor":22.0},{"not_picked":["True Grit","Feed"],"picked":"Body Slam","floor":25.0},{"not_picked":["Thunderclap+1","Impervious"],"picked":"Battle Trance+1","floor":27.0},{"not_picked":["Sword Boomerang","Thunderclap"],"picked":"Body Slam+1","floor":28.0},{"not_picked":["Cleave","Dark Embrace"],"picked":"Shockwave+1","floor":30.0},{"not_picked":["Feed","Immolate"],"picked":"Demon Form","floor":33.0},{"not_picked":["Clash","Burning Pact","True Grit"],"picked":"SKIP","floor":35.0},{"not_picked":["Disarm","Sword Boomerang+1"],"picked":"Power Through+1","floor":38.0},{"not_picked":["Twin Strike","Iron Wave"],"picked":"Shrug It Off","floor":41.0},{"not_picked":["Pommel Strike","Whirlwind+1"],"picked":"Headbutt+1","floor":44.0},{"not_picked":["Heavy Blade","Sever Soul+1","Armaments+1"],"picked":"Singing Bowl","floor":48.0},{"not_picked":["Bloodletting+1","Reckless Charge+1","Flex+1"],"picked":"Singing Bowl","floor":54.0}],"player_experience":157635,"relics_obtained":[{"floor":2.0,"key":"Lantern"},{"floor":7.0,"key":"Dream Catcher"},{"floor":9.0,"key":"Letter Opener"},{"floor":10.0,"key":"Unceasing Top"},{"floor":12.0,"key":"Oddly Smooth Stone"},{"floor":14.0,"key":"Happy Flower"},{"floor":20.0,"key":"Pocketwatch"},{"floor":20.0,"key":"Sundial"},{"floor":25.0,"key":"Shuriken"},{"floor":27.0,"key":"Omamori"},{"floor":30.0,"key":"Bag of Marbles"},{"floor":31.0,"key":"Blood Vial"},{"floor":38.0,"key":"Girya"},{"floor":39.0,"key":"Singing Bowl"},{"floor":41.0,"key":"Bottled Flame"},{"floor":43.0,"key":"Smiling Mask"},{"floor":54.0,"key":"Ornamental Fan"}],"event_choices":[{"damage_healed":0.0,"max_hp_gain":0.0,"max_hp_loss":0.0,"gold_gain":0.0,"event_name":"Accursed Blacksmith","player_choice":"Forge","floor":5.0,"gold_loss":0.0,"damage_taken":0.0,"cards_upgraded":["Armaments"]},{"damage_healed":0.0,"max_hp_gain":0.0,"max_hp_loss":0.0,"gold_gain":0.0,"event_name":"Colosseum","player_choice":"Fight","floor":20.0,"gold_loss":0.0,"damage_taken":0.0},{"damage_healed":0.0,"max_hp_gain":0.0,"max_hp_loss":0.0,"gold_gain":0.0,"event_name":"Colosseum","player_choice":"Fought Nobs","floor":20.0,"gold_loss":0.0,"damage_taken":0.0},{"damage_healed":0.0,"max_hp_gain":0.0,"max_hp_loss":0.0,"gold_gain":99.0,"event_name":"Nest","player_choice":"Stole From Cult","floor":21.0,"gold_loss":0.0,"damage_taken":0.0},{"damage_healed":0.0,"max_hp_gain":0.0,"max_hp_loss":0.0,"gold_gain":0.0,"event_name":"Ghosts","player_choice":"Ignored","floor":24.0,"gold_loss":0.0,"damage_taken":0.0},{"damage_healed":0.0,"max_hp_gain":0.0,"max_hp_loss":0.0,"gold_gain":0.0,"event_name":"SensoryStone","player_choice":"Memory 3","floor":36.0,"gold_loss":0.0,"damage_taken":10.0},{"damage_healed":0.0,"max_hp_gain":0.0,"max_hp_loss":0.0,"gold_gain":0.0,"event_name":"Tomb of Lord Red Mask","player_choice":"Ignored","floor":37.0,"gold_loss":0.0,"damage_taken":0.0},{"damage_healed":0.0,"max_hp_gain":0.0,"max_hp_loss":0.0,"gold_gain":0.0,"event_name":"MindBloom","player_choice":"Fight","floor":38.0,"gold_loss":0.0,"damage_taken":0.0}],"is_beta":false,"boss_relics":[{"not_picked":["Busted Crown","Calling Bell"],"picked":"Philosopher\u0027s Stone"},{"not_picked":["Black Star","Velvet Choker"],"picked":"Empty Cage"}],"items_purged_floors":[4,19,45,47],"is_endless":false,"potions_floor_spawned":[1,7,10,16,18,20,27,44],"killed_by":"The Heart","ascension_level":3}