{"gold_per_floor":[111,36,47,47,66,66,102,102,125,144,183,183,183,199,199,199],"floor_reached":16,"playtime":805,"items_purged":[],"score":193,"play_id":"bd536775-58ae-467f-85ab-94d8a2a1a36b","local_time":"20190702163829","is_ascension_mode":true,"campfire_choices":[{"data":"Streamline","floor":6,"key":"SMITH"},{"data":"Consume","floor":8,"key":"SMITH"},{"floor":12,"key":"REST"},{"data":"Coolheaded","floor":15,"key":"SMITH"}],"neow_cost":"NONE","seed_source_timestamp":23658755788803,"circlet_count":0,"master_deck":["AscendersBane","Strike_B","Strike_B","Strike_B","Defend_B","Defend_B","Defend_B","Defend_B","Zap","Dualcast","Streamline+1","Ball Lightning","Consume+1","Undo","Conserve Battery","Darkness","Coolheaded+1","Regret","Self Repair"],"relics":["Sozu","Golden Idol","Pen Nib","Boot","Dream Catcher","Sundial"],"potions_floor_usage":[],"damage_taken":[{"damage":7,"enemies":"Small Slimes","floor":1,"turns":3},{"damage":0,"enemies":"2 Louse","floor":3,"turns":3},{"damage":1,"enemies":"Cultist","floor":5,"turns":3},{"damage":20,"enemies":"Lagavulin","floor":7,"turns":6},{"damage":3,"enemies":"Blue Slaver","floor":10,"turns":2},{"damage":17,"enemies":"3 Sentries","floor":11,"turns":7},{"damage":5,"enemies":"2 Fungi Beasts","floor":14,"turns":3},{"damage":31,"enemies":"Hexaghost","floor":16,"turns":8}],"seed_played":"1382539998905109346","potions_obtained":[],"is_trial":false,"path_per_floor":["M","?","M","?","M","R","E","R","T","M","E","R","?","M","R","B"],"character_chosen":"DEFECT","items_purchased":[],"campfire_rested":1,"item_purchase_floors":[],"current_hp_per_floor":[57,57,57,57,56,56,36,36,36,33,16,35,35,30,30,0],"gold":199,"neow_bonus":"BOSS_RELIC","is_prod":false,"is_daily":false,"chose_seed":false,"campfire_upgraded":3,"win_rate":0,"timestamp":1562074709,"path_taken":["M","?","M","?","M","R","E","R","T","M","E","R","?","M","R","BOSS"],"build_version":"2019-01-23","purchased_purges":0,"victory":false,"max_hp_per_floor":[71,71,71,64,64,64,64,64,64,64,64,64,64,64,64,64],"card_choices":[{"not_picked":["Steam","Loop"],"picked":"Streamline","floor":1},{"not_picked":["Go for the Eyes","Turbo"],"picked":"Ball Lightning","floor":3},{"not_picked":["Reprogram","Hologram"],"picked":"Consume","floor":5},{"not_picked":["Ball Lightning","Beam Cell"],"picked":"Undo","floor":7},{"not_picked":["Scrape","Creative AI"],"picked":"Conserve Battery","floor":10},{"not_picked":["Rebound","Gash"],"picked":"Darkness","floor":11},{"not_picked":["Reprogram","Rebound"],"picked":"Coolheaded","floor":12},{"not_picked":["Go for the Eyes","Aggregate"],"picked":"Self Repair","floor":14}],"player_experience":667522,"relics_obtained":[{"floor":7,"key":"Pen Nib"},{"floor":9,"key":"Boot"},{"floor":11,"key":"Dream Catcher"}],"event_choices":[{"cards_removed":["Strike_B"],"damage_healed":0,"gold_gain":0,"player_choice":"Card Removal","damage_taken":0,"max_hp_gain":0,"max_hp_loss":0,"event_name":"The Cleric","floor":2,"gold_loss":75},{"damage_healed":0,"gold_gain":0,"player_choice":"Lose Max HP","damage_taken":0,"relics_obtained":["Golden Idol"],"max_hp_gain":0,"max_hp_loss":7,"event_name":"Golden Idol","floor":4,"gold_loss":0},{"damage_healed":0,"gold_gain":0,"player_choice":"Box","damage_taken":0,"relics_obtained":["Sundial"],"max_hp_gain":0,"max_hp_loss":0,"event_name":"Big Fish","floor":13,"gold_loss":0,"cards_obtained":["Regret"]}],"is_beta":false,"boss_relics":[],"items_purged_floors":[],"is_endless":false,"potions_floor_spawned":[5],"killed_by":"Hexaghost","ascension_level":15}