{"gold_per_floor":[113,113,113,113,125,125,159,159,184,184,199,230,51,51,51,51],"floor_reached":16,"playtime":257,"items_purged":[],"score":262,"play_id":"4a495049-b87b-4fa0-b6dc-c2495e6e583e","local_time":"20190702115713","is_ascension_mode":true,"campfire_choices":[{"data":"Iron Wave","floor":6,"key":"SMITH"},{"floor":8,"key":"DIG"},{"floor":10,"key":"DIG"},{"floor":15,"key":"DIG"}],"neow_cost":"NONE","seed_source_timestamp":347866518079800,"circlet_count":0,"master_deck":["AscendersBane","Strike_R","Strike_R","Strike_R","Strike_R+1","Defend_R","Defend_R+1","Defend_R","Defend_R","Bash","Shrug It Off","Rupture","Iron Wave+1","Barricade","Dual Wield","Anger+1","Flash of Steel+1"],"relics":["Burning Blood","NeowsBlessing","Vajra","Shovel","Pear","Boot","Blue Candle","Molten Egg 2","Golden Idol","Mercury Hourglass"],"potions_floor_usage":[16],"damage_taken":[{"damage":0,"enemies":"Small Slimes","floor":1,"turns":1},{"damage":0,"enemies":"2 Louse","floor":5,"turns":2},{"damage":0,"enemies":"Lagavulin","floor":7,"turns":2},{"damage":5,"enemies":"Jaw Worm","floor":11,"turns":3},{"damage":56,"enemies":"Gremlin Nob","floor":12,"turns":5},{"damage":38,"enemies":"The Guardian","floor":16,"turns":8}],"seed_played":"7535537408605880990","potions_obtained":[{"floor":1,"key":"Explosive Potion"}],"is_trial":false,"path_per_floor":["M","?","?","?","M","R","E","R","T","R","M","E","$","?","R","B"],"character_chosen":"IRONCLAD","items_purchased":["Flash of Steel+1","BloodPotion"],"campfire_rested":0,"item_purchase_floors":[13,13],"current_hp_per_floor":[74,74,69,46,52,52,58,68,68,68,69,19,19,19,19,0],"gold":51,"neow_bonus":"THREE_ENEMY_KILL","is_prod":false,"is_daily":false,"chose_seed":false,"campfire_upgraded":1,"win_rate":0,"timestamp":1562083033,"path_taken":["M","?","?","?","M","R","E","R","T","R","M","E","$","?","R","BOSS"],"build_version":"2019-07-01","purchased_purges":0,"victory":false,"max_hp_per_floor":[75,75,75,75,75,75,75,85,85,85,85,85,85,77,77,77],"card_choices":[{"not_picked":["Blood for Blood","Pommel Strike"],"picked":"Shrug It Off","floor":1},{"not_picked":["Havoc","True Grit"],"picked":"Iron Wave","floor":5},{"not_picked":["Anger","Reckless Charge"],"picked":"Barricade","floor":7},{"not_picked":["Evolve","Warcry"],"picked":"Dual Wield","floor":11},{"not_picked":["Pummel","Warcry"],"picked":"Anger","floor":12}],"player_experience":1651291,"relics_obtained":[{"floor":7,"key":"Shovel"},{"floor":8,"key":"Pear"},{"floor":9,"key":"Boot"},{"floor":10,"key":"Blue Candle"},{"floor":12,"key":"Molten Egg 2"},{"floor":15,"key":"Mercury Hourglass"}],"event_choices":[{"damage_healed":0,"gold_gain":0,"cards_transformed":["Strike_R"],"player_choice":"Change","damage_taken":0,"max_hp_gain":0,"max_hp_loss":0,"event_name":"Living Wall","floor":2,"gold_loss":0,"cards_obtained":["Rupture"]},{"damage_healed":0,"gold_gain":0,"player_choice":"Success","damage_taken":5,"relics_obtained":["Vajra"],"max_hp_gain":0,"max_hp_loss":0,"event_name":"Scrap Ooze","floor":3,"gold_loss":0},{"damage_healed":0,"gold_gain":0,"player_choice":"Entered Light","damage_taken":23,"max_hp_gain":0,"max_hp_loss":0,"event_name":"Shining Light","floor":4,"gold_loss":0,"cards_upgraded":["Strike_R","Defend_R"]},{"damage_healed":0,"gold_gain":0,"player_choice":"Lose Max HP","damage_taken":0,"relics_obtained":["Golden Idol"],"max_hp_gain":0,"max_hp_loss":8,"event_name":"Golden Idol","floor":14,"gold_loss":0}],"is_beta":false,"boss_relics":[],"items_purged_floors":[],"is_endless":false,"potions_floor_spawned":[1],"killed_by":"The Guardian","ascension_level":20}