{"gold_per_floor":[111,130,147,147,6,33,33,66,112,143,159,159,178,20,20,99,99,116,27,43,54,65,65],"floor_reached":23,"playtime":2970,"items_purged":["Strike_R","Strike_R"],"score":426,"play_id":"b29ab240-c861-4877-99ad-7656739eb729","local_time":"20190628140903","is_ascension_mode":true,"campfire_choices":[{"data":"Bludgeon","floor":7,"key":"SMITH"},{"data":"Uppercut","floor":12,"key":"SMITH"},{"data":"Bash","floor":15,"key":"SMITH"}],"neow_cost":"NONE","seed_source_timestamp":1330399905528163,"circlet_count":0,"master_deck":["AscendersBane","Strike_R","Strike_R","Defend_R","Defend_R","Defend_R","Defend_R","Bash+1","Uppercut+1","Twin Strike","Inflame","Bludgeon+1","Sword Boomerang","Carnage","Metallicize","Armaments","Headbutt","Inflame","Armaments","Offering","Metallicize","Pommel Strike"],"relics":["Mark of Pain","Bottled Flame","Boot","Smiling Mask","Strawberry","Busted Crown"],"potions_floor_usage":[8,16],"damage_taken":[{"damage":0,"enemies":"Small Slimes","floor":1,"turns":4},{"damage":1,"enemies":"Cultist","floor":2,"turns":3},{"damage":0,"enemies":"2 Louse","floor":3,"turns":3},{"damage":20,"enemies":"3 Sentries","floor":6,"turns":8},{"damage":8,"enemies":"Gremlin Nob","floor":8,"turns":3},{"damage":15,"enemies":"Lagavulin","floor":10,"turns":4},{"damage":7,"enemies":"Gremlin Gang","floor":11,"turns":5},{"damage":0,"enemies":"Looter","floor":13,"turns":1},{"damage":12,"enemies":"The Guardian","floor":16,"turns":11},{"damage":14,"enemies":"Shell Parasite","floor":18,"turns":3},{"damage":0,"enemies":"Chosen","floor":20,"turns":2},{"damage":16,"enemies":"Snake Plant","floor":21,"turns":3},{"damage":0,"enemies":"Sentry and Sphere","floor":22,"turns":3},{"damage":46,"enemies":"Book of Stabbing","floor":23,"turns":4}],"seed_played":"-5117913924091404336","potions_obtained":[{"floor":1,"key":"FairyPotion"},{"floor":3,"key":"GamblersBrew"},{"floor":11,"key":"Weak Potion"},{"floor":16,"key":"Poison Potion"},{"floor":18,"key":"Explosive Potion"}],"is_trial":false,"path_per_floor":["M","M","M","?","$","E","R","E","T","E","M","R","M","$","R","B",null,"M","$","M","M","M","E"],"character_chosen":"IRONCLAD","items_purchased":["Bludgeon","Sword Boomerang","Inflame","Armaments","Metallicize"],"campfire_rested":0,"item_purchase_floors":[5,5,14,14,19],"current_hp_per_floor":[68,67,67,67,67,47,47,39,39,31,24,24,24,24,24,12,65,51,51,51,35,35,0],"gold":65,"neow_bonus":"BOSS_RELIC","is_prod":false,"is_daily":false,"chose_seed":false,"campfire_upgraded":3,"win_rate":0,"timestamp":1561720143,"path_taken":["M","M","M","?","?","E","R","E","T","E","M","R","M","$","R","BOSS","M","$","M","M","?","E"],"build_version":"2019-01-23","purchased_purges":2,"victory":false,"max_hp_per_floor":[75,75,75,75,75,75,75,75,75,82,82,82,82,82,82,82,82,82,82,82,82,82,82],"card_choices":[{"not_picked":["Heavy Blade","Evolve"],"picked":"Uppercut","floor":1},{"not_picked":["Thunderclap","Anger"],"picked":"Twin Strike","floor":2},{"not_picked":["Cleave","Bloodletting"],"picked":"Inflame","floor":3},{"not_picked":["Perfected Strike","Dual Wield","Body Slam"],"picked":"SKIP","floor":6},{"not_picked":["Sever Soul","Uppercut"],"picked":"Carnage","floor":8},{"not_picked":["Flex","Rampage"],"picked":"Metallicize","floor":10},{"not_picked":["Combust","Sword Boomerang"],"picked":"Armaments","floor":11},{"not_picked":["Sword Boomerang","Fire Breathing"],"picked":"Headbutt","floor":13},{"not_picked":["Brutality","Juggernaut"],"picked":"Offering","floor":16},{"not_picked":["Body Slam"],"picked":"SKIP","floor":18},{"not_picked":[],"picked":"Pommel Strike","floor":20},{"not_picked":["Flex"],"picked":"SKIP","floor":21},{"not_picked":["Cleave+1"],"picked":"SKIP","floor":22}],"player_experience":634224,"relics_obtained":[{"floor":6,"key":"Bottled Flame"},{"floor":8,"key":"Boot"},{"floor":9,"key":"Smiling Mask"},{"floor":10,"key":"Strawberry"}],"event_choices":[{"cards_removed":["Strike_R"],"damage_healed":0,"gold_gain":0,"player_choice":"Card Removal","damage_taken":0,"max_hp_gain":0,"max_hp_loss":0,"event_name":"Wheel of Change","floor":4,"gold_loss":0}],"is_beta":false,"boss_relics":[{"not_picked":["Eternal Feather","Lizard Tail"],"picked":"Busted Crown"}],"items_purged_floors":[14,19],"is_endless":false,"potions_floor_spawned":[1,3,6,11,16,18],"killed_by":"Book of Stabbing","ascension_level":20}