{"gold_per_floor":[365,98,98,116,116,116,151,170,170,184,199,229,229,257,257,362,362,382,363,363,638,264,294,294,321,321,46,61,61,88,106,106,202,202,214,214,229,242,260,294,294,294,294,294,328,328,357,24,24,24,24,24,24,49,49],"floor_reached":56,"playtime":12413,"items_purged":["Strike_G","Regret"],"score":1516,"play_id":"1e7567fe-ea25-4172-ac2e-d69da4560049","local_time":"20190612205646","is_ascension_mode":true,"campfire_choices":[{"data":"Well Laid Plans","floor":6.0,"key":"SMITH"},{"data":"After Image","floor":15.0,"key":"SMITH"},{"data":"Noxious Fumes","floor":24.0,"key":"SMITH"},{"data":"Tools of the Trade","floor":29.0,"key":"SMITH"},{"data":"Bouncing Flask","floor":32.0,"key":"SMITH"},{"floor":44.0,"key":"REST"},{"floor":49.0,"key":"RECALL"},{"data":"Catalyst","floor":52.0,"key":"SMITH"}],"neow_cost":"PERCENT_DAMAGE","seed_source_timestamp":0,"circlet_count":0,"master_deck":["Defend_G","Defend_G","Defend_G","Survivor+1","Neutralize","Deadly Poison","Cloak And Dagger","Well Laid Plans+1","Bandage Up+1","Dash","Acrobatics","Bouncing Flask+1","PiercingWail","PiercingWail","After Image+1","Cloak And Dagger","Tools of the Trade+1","A Thousand Cuts+1","Deflect+1","Night Terror+1","Acrobatics+1","Deflect+1","Noxious Fumes+1","Blur","Adrenaline","Prepared+1","Cloak And Dagger","Well Laid Plans","Storm of Steel","Choke+1","Noxious Fumes+1","Crippling Poison","PiercingWail","Noxious Fumes","Madness+1","Madness","Backflip","Sucker Punch+1","Catalyst+1","Secret Technique","Finesse","Burst"],"special_seed":0,"relics":["Ring of the Snake","Ornamental Fan","Matryoshka","Darkstone Periapt","Astrolabe","Dodecahedron","Medical Kit","The Specimen","Vajra","MawBank","Molten Egg 2","Gambling Chip","Bronze Scales","Sozu","Shuriken","Kunai","Mummified Hand","Juzu Bracelet","Dream Catcher","Pear"],"potions_floor_usage":[55,55],"damage_taken":[{"damage":0.0,"enemies":"Small Slimes","floor":1.0,"turns":3.0},{"damage":0.0,"enemies":"Cultist","floor":4.0,"turns":4.0},{"damage":17.0,"enemies":"3 Sentries","floor":7.0,"turns":18.0},{"damage":0.0,"enemies":"2 Louse","floor":8.0,"turns":4.0},{"damage":0.0,"enemies":"Blue Slaver","floor":10.0,"turns":4.0},{"damage":0.0,"enemies":"3 Louse","floor":11.0,"turns":4.0},{"damage":11.0,"enemies":"Lagavulin","floor":12.0,"turns":7.0},{"damage":1.0,"enemies":"Gremlin Nob","floor":14.0,"turns":4.0},{"damage":5.0,"enemies":"Hexaghost","floor":16.0,"turns":11.0},{"damage":0.0,"enemies":"3 Byrds","floor":18.0,"turns":4.0},{"damage":26.0,"enemies":"2 Thieves","floor":19.0,"turns":4.0},{"damage":27.0,"enemies":"Slavers","floor":23.0,"turns":7.0},{"damage":0.0,"enemies":"Gremlin Leader","floor":25.0,"turns":7.0},{"damage":0.0,"enemies":"Centurion and Healer","floor":28.0,"turns":7.0},{"damage":4.0,"enemies":"Slavers","floor":30.0,"turns":6.0},{"damage":4.0,"enemies":"Chosen and Byrds","floor":31.0,"turns":4.0},{"damage":38.0,"enemies":"Champ","floor":33.0,"turns":14.0},{"damage":0.0,"enemies":"Orb Walker","floor":35.0,"turns":3.0},{"damage":0.0,"enemies":"3 Shapes","floor":37.0,"turns":3.0},{"damage":4.0,"enemies":"3 Darklings","floor":38.0,"turns":4.0},{"damage":14.0,"enemies":"Transient","floor":39.0,"turns":5.0},{"damage":24.0,"enemies":"Nemesis","floor":40.0,"turns":9.0},{"damage":7.0,"enemies":"Reptomancer","floor":45.0,"turns":4.0},{"damage":0.0,"enemies":"Nemesis","floor":47.0,"turns":7.0},{"damage":21.0,"enemies":"Time Eater","floor":50.0,"turns":11.0},{"damage":23,"enemies":"Shield and Spear","floor":54,"turns":5},{"damage":32,"enemies":"The Heart","floor":55,"turns":8}],"seed_played":"-4680584655264172944","potions_obtained":[{"floor":4.0,"key":"Weak Potion"},{"floor":7.0,"key":"SkillPotion"},{"floor":8.0,"key":"SteroidPotion"},{"floor":16.0,"key":"LiquidBronze"},{"floor":18.0,"key":"PowerPotion"},{"floor":19.0,"key":"Fire Potion"},{"floor":30.0,"key":"Poison Potion"},{"floor":33.0,"key":"GhostInAJar"}],"is_trial":false,"path_per_floor":["M","$","?","M","?","R","E","M","T","M","M","E","?","E","R","B",null,"M","M","?","?","$","E","R","E","T","$","M","R","E","M","R","B",null,"M","?","M","M","M","E","?","?","T","R","E","?","E","$","R","B",null,"R","$","E","B",null],"character_chosen":"THE_SILENT","items_purchased":["Cloak And Dagger","Well Laid Plans","Bandage Up","Noxious Fumes","Medical Kit","Gambling Chip","Catalyst","Secret Technique","Finesse"],"campfire_rested":1,"item_purchase_floors":[2,2,2,22,22,27,48,48,48],"current_hp_per_floor":[49,49,49,53,39,39,28,34,34,40,46,41,41,46,46,47,70,70,50,50,56,56,35,35,41,41,41,47,47,49,51,51,19,76,76,76,76,72,64,46,36,36,36,58,51,51,57,57,57,42,76,76,76,86,60],"gold":49,"neow_bonus":"TWO_FIFTY_GOLD","is_prod":false,"is_daily":false,"chose_seed":false,"campfire_upgraded":6,"win_rate":0,"timestamp":1560362206,"path_taken":["M","$","?","?","?","R","E","M","T","M","M","E","?","E","R","BOSS","M","M","?","?","$","E","R","E","T","$","M","R","E","M","R","BOSS","M","?","?","M","M","E","?","?","T","R","E","?","E","$","R","BOSS","R","$","E","BOSS"],"build_version":"2019-01-23","purchased_purges":2,"victory":true,"max_hp_per_floor":[70,70,70,70,70,70,70,70,70,70,70,70,70,70,70,70,70,70,70,70,76,76,76,76,76,76,76,76,76,76,76,76,76,76,76,76,76,76,76,76,76,76,76,76,76,76,76,76,76,76,76,76,76,86,86],"card_choices":[{"not_picked":["Bane","Dodge and Roll"],"picked":"Deadly Poison","floor":1.0},{"not_picked":["Bane","Flying Knee"],"picked":"Sucker Punch","floor":4.0},{"not_picked":["Terror","Wraith Form v2"],"picked":"Dash","floor":7.0},{"not_picked":["Distraction","Underhanded Strike"],"picked":"Acrobatics","floor":8.0},{"not_picked":["Flying Knee","Acrobatics"],"picked":"Bouncing Flask","floor":10.0},{"not_picked":["Acrobatics","Blade Dance"],"picked":"PiercingWail","floor":11.0},{"not_picked":["Sucker Punch","Distraction"],"picked":"PiercingWail","floor":12.0},{"not_picked":["Sucker Punch","Expertise"],"picked":"Cloak And Dagger","floor":14.0},{"not_picked":["Die Die Die","Venomology"],"picked":"Tools of the Trade","floor":16.0},{"not_picked":["PiercingWail","Poisoned Stab"],"picked":"Acrobatics+1","floor":18.0},{"not_picked":["PiercingWail","Outmaneuver"],"picked":"Deflect+1","floor":19.0},{"not_picked":["Leg Sweep+1","Endless Agony"],"picked":"Blur","floor":23.0},{"not_picked":["Eviscerate","Heel Hook"],"picked":"Adrenaline","floor":25.0},{"not_picked":["Poisoned Stab+1","Riddle With Holes+1"],"picked":"Prepared+1","floor":28.0},{"not_picked":["Heel Hook+1","Wraith Form v2"],"picked":"Cloak And Dagger","floor":30.0},{"not_picked":["Expertise","Acrobatics"],"picked":"Well Laid Plans","floor":31.0},{"not_picked":["Venomology","Phantasmal Killer"],"picked":"Storm of Steel","floor":33.0},{"not_picked":["Eviscerate+1","Underhanded Strike+1","Predator+1"],"picked":"SKIP","floor":35.0},{"not_picked":["Eviscerate+1","Prepared"],"picked":"Noxious Fumes+1","floor":37.0},{"not_picked":["Bane+1","Endless Agony+1"],"picked":"Crippling Poison","floor":38.0},{"not_picked":["Blade Dance+1","Bane+1"],"picked":"PiercingWail","floor":39.0},{"not_picked":["Acrobatics+1","Escape Plan"],"picked":"Noxious Fumes","floor":40.0},{"not_picked":["All Out Attack+1","Choke+1"],"picked":"Backflip","floor":45.0},{"not_picked":["Slice+1","Outmaneuver"],"picked":"Sucker Punch+1","floor":47.0},{"not_picked":["PiercingWail+1","Underhanded Strike+1"],"picked":"Burst","floor":54}],"player_experience":112808,"relics_obtained":[{"floor":7.0,"key":"Ornamental Fan"},{"floor":12.0,"key":"Matryoshka"},{"floor":14.0,"key":"Darkstone Periapt"},{"floor":23.0,"key":"The Specimen"},{"floor":25.0,"key":"Vajra"},{"floor":26.0,"key":"MawBank"},{"floor":26.0,"key":"Molten Egg 2"},{"floor":30.0,"key":"Bronze Scales"},{"floor":40.0,"key":"Shuriken"},{"floor":43.0,"key":"Kunai"},{"floor":43.0,"key":"Mummified Hand"},{"floor":45.0,"key":"Juzu Bracelet"},{"floor":47.0,"key":"Dream Catcher"},{"floor":54,"key":"Pear"}],"event_choices":[{"cards_removed":["Strike_G"],"damage_healed":0.0,"max_hp_gain":0.0,"max_hp_loss":0.0,"gold_gain":0.0,"event_name":"Bonfire Elementals","player_choice":"Offered Basic","floor":3.0,"gold_loss":0.0,"damage_taken":0.0},{"damage_healed":0.0,"max_hp_gain":0.0,"max_hp_loss":0.0,"gold_gain":0.0,"event_name":"Shining Light","player_choice":"Entered Light","floor":5.0,"gold_loss":0.0,"damage_taken":14.0,"cards_upgraded":["Bandage Up","Survivor"]},{"damage_healed":0.0,"max_hp_gain":0.0,"max_hp_loss":0.0,"gold_gain":0.0,"cards_transformed":["Strike_G"],"event_name":"Living Wall","player_choice":"Change","floor":13.0,"gold_loss":0.0,"damage_taken":0.0,"cards_obtained":["After Image"]},{"damage_healed":0.0,"max_hp_gain":0.0,"max_hp_loss":0.0,"gold_gain":0.0,"event_name":"The Mausoleum","player_choice":"Opened","floor":20.0,"gold_loss":0.0,"damage_taken":0.0,"relics_obtained":["Dodecahedron"]},{"damage_healed":0.0,"max_hp_gain":0.0,"max_hp_loss":0.0,"gold_gain":275.0,"event_name":"Golden Shrine","player_choice":"Desecrate","floor":21.0,"gold_loss":0.0,"damage_taken":0.0,"cards_obtained":["Regret"]},{"damage_healed":0.0,"max_hp_gain":0.0,"max_hp_loss":0.0,"gold_gain":0.0,"cards_transformed":["Defend_G"],"event_name":"Transmorgrifier","player_choice":"Transformed","floor":36.0,"gold_loss":0.0,"damage_taken":0.0,"cards_obtained":["Choke"]},{"damage_healed":0.0,"max_hp_gain":0.0,"max_hp_loss":0.0,"gold_gain":0.0,"event_name":"Winding Halls","player_choice":"Embrace Madness","floor":41.0,"gold_loss":0.0,"damage_taken":10.0,"cards_obtained":["Madness","Madness"]},{"damage_healed":0.0,"max_hp_gain":0.0,"max_hp_loss":0.0,"gold_gain":0.0,"event_name":"Upgrade Shrine","player_choice":"Upgraded","floor":42.0,"gold_loss":0.0,"damage_taken":0.0,"cards_upgraded":["Madness"]},{"cards_removed":["Sucker Punch"],"damage_healed":0.0,"max_hp_gain":0.0,"max_hp_loss":0.0,"gold_gain":0.0,"event_name":"Falling","player_choice":"Removed Attack","floor":46.0,"gold_loss":0.0,"damage_taken":0.0}],"is_beta":false,"boss_relics":[{"not_picked":["WristBlade","Pandora\u0027s Box"],"picked":"Astrolabe"},{"not_picked":["Ring of the Serpent","Lizard Tail"],"picked":"Sozu"}],"items_purged_floors":[2,22],"is_endless":false,"potions_floor_spawned":[4,7,8,16,18,19,30,33,37,38,40],"ascension_level":3}