{"gold_per_floor":[116,116,129,129,148,173,186,186,210,241,255,255],"floor_reached":12,"playtime":813,"items_purged":[],"score":180,"play_id":"6a4b6c4d-6d66-43a4-835f-2850648282cf","local_time":"20190719124632","is_ascension_mode":true,"campfire_choices":[{"data":"Flame Barrier","floor":8,"key":"SMITH"}],"neow_cost":"NONE","seed_source_timestamp":464148315819184,"circlet_count":0,"master_deck":["AscendersBane","Strike_R","Strike_R","Strike_R","Strike_R","Strike_R","Defend_R","Defend_R","Defend_R+1","Defend_R+1","Bash+1","Barricade","Headbutt","Sword Boomerang","Flame Barrier+1","Flame Barrier","Juggernaut","Pommel Strike","Iron Wave"],"relics":["Burning Blood","Juzu Bracelet","War Paint","Omamori"],"potions_floor_usage":[6,6,10,12],"damage_taken":[{"damage":2,"enemies":"Cultist","floor":1,"turns":4},{"damage":14,"enemies":"Jaw Worm","floor":3,"turns":4},{"damage":10,"enemies":"Small Slimes","floor":5,"turns":3},{"damage":8,"enemies":"Gremlin Nob","floor":6,"turns":3},{"damage":25,"enemies":"Exordium Wildlife","floor":7,"turns":7},{"damage":35,"enemies":"Lagavulin","floor":10,"turns":9},{"damage":8,"enemies":"Blue Slaver","floor":11,"turns":4},{"damage":9,"enemies":"The Mushroom Lair","floor":12,"turns":1}],"seed_played":"1916087127583115027","potions_obtained":[{"floor":3,"key":"EntropicBrew"},{"floor":6,"key":"Weak Potion"},{"floor":7,"key":"Block Potion"}],"is_trial":false,"path_per_floor":["M","?","M","?","M","E","M","R","T","E","M","?"],"character_chosen":"IRONCLAD","items_purchased":[],"campfire_rested":0,"item_purchase_floors":[],"current_hp_per_floor":[72,72,64,64,60,58,39,39,39,10,8,0],"gold":255,"neow_bonus":"ONE_RANDOM_RARE_CARD","is_prod":false,"is_daily":false,"chose_seed":false,"campfire_upgraded":1,"win_rate":0,"timestamp":1563529592,"path_taken":["M","?","M","?","M","E","M","R","T","E","M","?"],"build_version":"2019-07-17","purchased_purges":0,"victory":false,"max_hp_per_floor":[75,75,75,75,75,75,75,75,75,75,75,75],"card_choices":[{"not_picked":["Cleave","Perfected Strike"],"picked":"Headbutt","floor":1},{"not_picked":["True Grit","Rage"],"picked":"Sword Boomerang","floor":3},{"not_picked":["Clothesline","Iron Wave"],"picked":"Flame Barrier","floor":5},{"not_picked":["Body Slam","Sentinel"],"picked":"Flame Barrier","floor":6},{"not_picked":["Body Slam","Anger"],"picked":"Juggernaut","floor":7},{"not_picked":["Perfected Strike","Flex"],"picked":"Pommel Strike","floor":10},{"not_picked":["Infernal Blade","Anger"],"picked":"Iron Wave","floor":11}],"player_experience":790037,"relics_obtained":[{"floor":6,"key":"Juzu Bracelet"},{"floor":9,"key":"War Paint"},{"floor":10,"key":"Omamori"}],"event_choices":[{"damage_healed":0,"gold_gain":0,"player_choice":"Grow","damage_taken":0,"max_hp_gain":0,"max_hp_loss":0,"event_name":"Living Wall","floor":2,"gold_loss":0,"cards_upgraded":["Bash"]},{"damage_healed":0,"gold_gain":0,"player_choice":"Ignored","damage_taken":0,"max_hp_gain":0,"max_hp_loss":0,"event_name":"Liars Game","floor":4,"gold_loss":0},{"damage_healed":0,"gold_gain":0,"player_choice":"Fought Mushrooms","damage_taken":0,"max_hp_gain":0,"max_hp_loss":0,"event_name":"Mushrooms","floor":12,"gold_loss":0}],"is_beta":false,"boss_relics":[],"items_purged_floors":[],"is_endless":false,"potions_floor_spawned":[3,6,7],"killed_by":"The Mushroom Lair","ascension_level":20}