{"gold_per_floor":[115,135,135,154,181,206,206,241,241,241,241,24,53,67,67,141,141,159,159,28,28,48,48,48,73,127,1,1,20,52,62,62,62],"floor_reached":33,"playtime":2386,"items_purged":["Strike_G","Strike_G"],"score":602,"play_id":"0172eff0-d5ce-4740-8523-14aa8892098f","local_time":"20190721214826","is_ascension_mode":true,"campfire_choices":[{"floor":7,"key":"REST"},{"floor":10,"key":"REST"},{"data":"A Thousand Cuts","floor":15,"key":"SMITH"},{"floor":24,"key":"REST"},{"floor":28,"key":"REST"},{"floor":32,"key":"REST"}],"neow_cost":"TEN_PERCENT_HP_LOSS","seed_source_timestamp":167026222672859,"circlet_count":0,"master_deck":["AscendersBane","Strike_G+1","Strike_G+1","Defend_G","Defend_G","Defend_G","Defend_G","Defend_G","Survivor","Neutralize","Corpse Explosion","Dagger Throw","Infinite Blades","Skewer+1","Dagger Throw","A Thousand Cuts+1","Backflip","Envenom","Backflip","Escape Plan","Acrobatics","Slice","Deflect","Well Laid Plans","Noxious Fumes"],"relics":["Ring of the Snake","Bronze Scales","Juzu Bracelet","Whetstone","Snake Skull","Bag of Preparation","Lee\u0027s Waffle","Potion Belt","Philosopher\u0027s Stone","Singing Bowl","Blood Vial","Dodecahedron"],"potions_floor_usage":[6,6,8,23,25],"damage_taken":[{"damage":1,"enemies":"Small Slimes","floor":1,"turns":4},{"damage":2,"enemies":"Jaw Worm","floor":2,"turns":4},{"damage":1,"enemies":"2 Louse","floor":4,"turns":3},{"damage":36,"enemies":"Lagavulin","floor":6,"turns":6},{"damage":31,"enemies":"Gremlin Nob","floor":8,"turns":4},{"damage":27,"enemies":"Lagavulin","floor":13,"turns":7},{"damage":10,"enemies":"Gremlin Gang","floor":14,"turns":3},{"damage":23,"enemies":"Slime Boss","floor":16,"turns":7},{"damage":1,"enemies":"3 Byrds","floor":18,"turns":2},{"damage":23,"enemies":"2 Thieves","floor":22,"turns":3},{"damage":36,"enemies":"Gremlin Leader","floor":25,"turns":6},{"damage":0,"enemies":"3 Cultists","floor":29,"turns":2},{"damage":24,"enemies":"Slavers","floor":30,"turns":2},{"damage":13,"enemies":"Centurion and Healer","floor":31,"turns":4},{"damage":43,"enemies":"Automaton","floor":33,"turns":4}],"seed_played":"-9143572469823506415","potions_obtained":[{"floor":1,"key":"EssenceOfSteel"},{"floor":2,"key":"Fire Potion"},{"floor":6,"key":"Energy Potion"},{"floor":18,"key":"Regen Potion"},{"floor":22,"key":"Fruit Juice"}],"is_trial":false,"path_per_floor":["M","M","?","M","T","E","R","E","T","R","?","$","E","M","R","B",null,"M","?","$","?","M","?","R","E","T","$","R","M","E","M","R","B"],"character_chosen":"THE_SILENT","items_purchased":["Lee\u0027s Waffle","SteroidPotion","Slice"],"campfire_rested":5,"item_purchase_floors":[12,20,27],"current_hp_per_floor":[58,56,51,50,50,14,32,1,1,19,19,67,40,30,30,7,52,51,51,51,51,28,15,38,17,17,17,40,42,20,9,32,0],"gold":62,"neow_bonus":"THREE_RARE_CARDS","is_prod":false,"is_daily":false,"chose_seed":false,"campfire_upgraded":1,"win_rate":0,"timestamp":1563734906,"path_taken":["M","M","?","M","?","E","R","E","T","R","?","$","E","M","R","BOSS","M","?","?","?","M","?","R","E","T","$","R","M","E","M","R","BOSS"],"build_version":"2019-07-17","purchased_purges":2,"victory":false,"max_hp_per_floor":[60,60,60,60,60,60,60,60,60,60,60,67,67,67,67,67,67,67,67,67,67,67,77,77,77,77,77,77,77,77,77,77,77],"card_choices":[{"not_picked":["Phantasmal Killer","Night Terror"],"picked":"Corpse Explosion","floor":0},{"not_picked":["Riddle With Holes","Outmaneuver"],"picked":"Dagger Throw","floor":1},{"not_picked":["Dodge and Roll","Underhanded Strike"],"picked":"Infinite Blades","floor":2},{"not_picked":["Dodge and Roll","Crippling Poison"],"picked":"Skewer","floor":4},{"not_picked":["Outmaneuver","Prepared"],"picked":"Dagger Throw","floor":6},{"not_picked":["Choke","Dagger Spray"],"picked":"A Thousand Cuts","floor":8},{"not_picked":["Dodge and Roll","Deflect"],"picked":"Backflip","floor":13},{"not_picked":["Choke","Sucker Punch","Outmaneuver"],"picked":"SKIP","floor":14},{"not_picked":["Grand Finale","After Image"],"picked":"Envenom","floor":16},{"not_picked":["Dagger Throw","Reflex"],"picked":"Backflip","floor":18},{"not_picked":["Underhanded Strike","Deflect"],"picked":"Escape Plan","floor":22},{"not_picked":["Predator","Underhanded Strike"],"picked":"Acrobatics","floor":25},{"not_picked":["Dagger Throw","Underhanded Strike"],"picked":"Deflect","floor":29},{"not_picked":["Acrobatics","Cloak And Dagger"],"picked":"Well Laid Plans","floor":30},{"not_picked":["Doppelganger","Deadly Poison"],"picked":"Noxious Fumes","floor":31}],"player_experience":869856,"relics_obtained":[{"floor":5,"key":"Juzu Bracelet"},{"floor":6,"key":"Whetstone"},{"floor":8,"key":"Snake Skull"},{"floor":9,"key":"Bag of Preparation"},{"floor":13,"key":"Potion Belt"},{"floor":25,"key":"Singing Bowl"},{"floor":26,"key":"Blood Vial"},{"floor":30,"key":"Dodecahedron"}],"event_choices":[{"damage_healed":0,"gold_gain":0,"player_choice":"Success","damage_taken":5,"relics_obtained":["Bronze Scales"],"max_hp_gain":0,"max_hp_loss":0,"event_name":"Scrap Ooze","floor":3,"gold_loss":0},{"damage_healed":0,"gold_gain":0,"player_choice":"Upgraded","damage_taken":0,"max_hp_gain":0,"max_hp_loss":0,"event_name":"Upgrade Shrine","floor":11,"gold_loss":0,"cards_upgraded":["Skewer"]},{"cards_removed":["Strike_G"],"damage_healed":0,"gold_gain":0,"player_choice":"Purged","damage_taken":0,"max_hp_gain":0,"max_hp_loss":0,"event_name":"Purifier","floor":19,"gold_loss":0},{"damage_healed":0,"gold_gain":0,"player_choice":"Ignored","damage_taken":0,"max_hp_gain":0,"max_hp_loss":0,"event_name":"Vampires","floor":21,"gold_loss":0},{"damage_healed":0,"gold_gain":0,"player_choice":"Shed Blood","damage_taken":23,"max_hp_gain":5,"max_hp_loss":0,"event_name":"Forgotten Altar","floor":23,"gold_loss":0}],"is_beta":false,"boss_relics":[{"not_picked":["Cursed Key","Astrolabe"],"picked":"Philosopher\u0027s Stone"}],"items_purged_floors":[20,27],"is_endless":false,"potions_floor_spawned":[1,2,6,18,22],"killed_by":"Automaton","ascension_level":20}