{"gold_per_floor":[366,382,332,9,23,55,55,82,82,101,101],"floor_reached":11,"playtime":1527,"items_purged":[],"score":125,"play_id":"927ed934-f80e-4fe5-9e2a-78970c56f061","local_time":"20190621124616","is_ascension_mode":true,"campfire_choices":[{"floor":7,"key":"DIG"}],"neow_cost":"CURSE","seed_source_timestamp":721794988120605,"circlet_count":0,"master_deck":["AscendersBane","Strike_B","Strike_B","Strike_B","Strike_B","Defend_B","Defend_B+1","Defend_B","Defend_B","Zap","Dualcast","Go for the Eyes","Defragment","Cold Snap","Auto Shields+1","Capacitor","Defragment","All For One","Heatsinks+1"],"special_seed":0,"relics":["Cracked Core","War Paint","Shovel","Darkstone Periapt","Juzu Bracelet","Frozen Egg 2"],"potions_floor_usage":[6,10],"damage_taken":[{"damage":2.0,"enemies":"2 Louse","floor":1.0,"turns":2.0},{"damage":7.0,"enemies":"Small Slimes","floor":2.0,"turns":4.0},{"damage":0,"enemies":"Cultist","floor":5,"turns":4},{"damage":7,"enemies":"3 Sentries","floor":6,"turns":7},{"damage":46,"enemies":"Gremlin Nob","floor":8,"turns":6},{"damage":4,"enemies":"Red Slaver","floor":10,"turns":4},{"damage":17,"enemies":"3 Sentries","floor":11,"turns":3}],"seed_played":"-2063276395923063978","potions_obtained":[{"floor":1.0,"key":"Explosive Potion"},{"floor":5,"key":"AttackPotion"},{"floor":8,"key":"Regen Potion"}],"is_trial":false,"path_per_floor":["M","M","?","$","M","E","R","E","T","M","E"],"character_chosen":"DEFECT","items_purchased":["Cold Snap","Auto Shields","Capacitor","War Paint"],"campfire_rested":0,"item_purchase_floors":[4,4,4,4],"current_hp_per_floor":[66,59,59,59,59,52,52,6,6,14,0],"gold":101,"neow_bonus":"TWO_FIFTY_GOLD","is_prod":false,"is_daily":false,"chose_seed":false,"campfire_upgraded":0,"win_rate":0,"timestamp":1561110376,"path_taken":["M","M","?","$","M","E","R","E","T","M","E"],"build_version":"2019-01-23","purchased_purges":0,"victory":false,"max_hp_per_floor":[75,75,75,75,75,75,75,75,75,75,75],"card_choices":[{"not_picked":["Turbo","Barrage"],"picked":"Go for the Eyes","floor":1.0},{"not_picked":["Gash","Sweeping Beam"],"picked":"Defragment","floor":2.0},{"not_picked":["Rebound","Leap","Chaos"],"picked":"SKIP","floor":5},{"not_picked":["Stack","White Noise"],"picked":"Defragment","floor":6},{"not_picked":["Go for the Eyes","Beam Cell"],"picked":"All For One","floor":8},{"not_picked":["Hologram","Aggregate"],"picked":"Heatsinks+1","floor":10}],"player_experience":374608,"relics_obtained":[{"floor":6,"key":"Shovel"},{"floor":7,"key":"Darkstone Periapt"},{"floor":8,"key":"Juzu Bracelet"},{"floor":9,"key":"Frozen Egg 2"}],"event_choices":[{"cards_removed":["Pain"],"damage_healed":0.0,"max_hp_gain":0.0,"max_hp_loss":0.0,"gold_gain":0.0,"event_name":"The Cleric","player_choice":"Card Removal","floor":3.0,"gold_loss":50.0,"damage_taken":0.0}],"is_beta":false,"boss_relics":[],"items_purged_floors":[],"is_endless":false,"potions_floor_spawned":[1,5,8],"killed_by":"3 Sentries","ascension_level":10}