{"gold_per_floor":[118,118,88,100,25,54,54,89,139,155,169,169,201,215,215,215],"floor_reached":16,"playtime":1036,"items_purged":["Strike_R"],"score":290,"play_id":"a2ac4b4a-dd3f-404f-8e38-e4fe6c09611d","local_time":"20190628164855","is_ascension_mode":true,"campfire_choices":[{"data":"Clothesline","floor":12.0,"key":"SMITH"},{"data":"Shockwave","floor":15.0,"key":"SMITH"}],"neow_cost":"NONE","seed_source_timestamp":1341765467605133,"circlet_count":0,"master_deck":["AscendersBane","Strike_R","Strike_R","Strike_R","Strike_R","Defend_R+1","Defend_R","Defend_R+1","Defend_R","Bash","Anger","Body Slam","Feed","Shockwave+1","Clothesline+1","Impervious","Havoc"],"special_seed":0,"relics":["Burning Blood","NeowsBlessing","War Paint","Potion Belt","Strawberry","Smiling Mask","Boot"],"potions_floor_usage":[16],"damage_taken":[{"damage":0.0,"enemies":"Jaw Worm","floor":1.0,"turns":1.0},{"damage":0.0,"enemies":"Cultist","floor":4.0,"turns":1.0},{"damage":0.0,"enemies":"3 Sentries","floor":6.0,"turns":1.0},{"damage":40.0,"enemies":"Gremlin Nob","floor":8.0,"turns":5.0},{"damage":5.0,"enemies":"2 Louse","floor":10.0,"turns":2.0},{"damage":0.0,"enemies":"Looter","floor":11.0,"turns":4.0},{"damage":37.0,"enemies":"Lagavulin","floor":13.0,"turns":8.0},{"damage":5.0,"enemies":"Gremlin Gang","floor":14.0,"turns":5.0},{"damage":48,"enemies":"The Guardian","floor":16,"turns":7}],"seed_played":"-7567489766428228333","potions_obtained":[{"floor":3.0,"key":"Weak Potion"},{"floor":3.0,"key":"Swift Potion"},{"floor":14.0,"key":"SneckoOil"}],"is_trial":false,"path_per_floor":["M","$","?","M","$","E","?","E","T","M","M","R","E","M","R","B"],"character_chosen":"IRONCLAD","items_purchased":[],"campfire_rested":0,"item_purchase_floors":[],"current_hp_per_floor":[74,74,74,75,75,75,70,43,43,44,53,53,22,26,26,0],"gold":215,"neow_bonus":"THREE_ENEMY_KILL","is_prod":false,"is_daily":false,"chose_seed":false,"campfire_upgraded":2,"win_rate":0,"timestamp":1561729735,"path_taken":["M","$","?","?","$","E","?","E","T","M","M","R","E","M","R","BOSS"],"build_version":"2019-01-23","purchased_purges":1,"victory":false,"max_hp_per_floor":[75,75,75,75,75,75,75,82,82,82,85,85,85,88,88,88],"card_choices":[{"not_picked":["Shockwave","Perfected Strike"],"picked":"Anger","floor":1.0},{"not_picked":["Heavy Blade","Sentinel"],"picked":"Body Slam","floor":4.0},{"not_picked":["Flex","Searing Blow","Infernal Blade"],"picked":"SKIP","floor":6.0},{"not_picked":["Body Slam","Wild Strike"],"picked":"Feed","floor":8.0},{"not_picked":["Pommel Strike","Burning Pact"],"picked":"Shockwave","floor":10.0},{"not_picked":["Entrench","Warcry"],"picked":"Clothesline","floor":11.0},{"not_picked":["Twin Strike","Fiend Fire"],"picked":"Impervious","floor":13.0},{"not_picked":["Sword Boomerang","Rampage"],"picked":"Havoc","floor":14.0}],"player_experience":637963,"relics_obtained":[{"floor":6.0,"key":"War Paint"},{"floor":8.0,"key":"Strawberry"},{"floor":9.0,"key":"Smiling Mask"},{"floor":13.0,"key":"Boot"}],"event_choices":[{"damage_healed":0.0,"max_hp_gain":0.0,"max_hp_loss":0.0,"gold_gain":0.0,"event_name":"The Woman in Blue","player_choice":"Bought 2 Potions","floor":3.0,"gold_loss":0.0,"damage_taken":0.0},{"damage_healed":0.0,"max_hp_gain":0.0,"max_hp_loss":0.0,"gold_gain":0.0,"event_name":"Scrap Ooze","player_choice":"Success","floor":7.0,"gold_loss":0.0,"damage_taken":5.0,"relics_obtained":["Potion Belt"]}],"is_beta":false,"boss_relics":[],"items_purged_floors":[5],"is_endless":false,"potions_floor_spawned":[4,6,14],"killed_by":"The Guardian","ascension_level":20}