{"gold_per_floor":[109,184,149,149,164,39,65,92,116,129,129,164,47,63,63,137,137,150,75,87,102,102,102,137,37,37,52,70,70,82,110,110,187,187,197,472,492,506,506,539,552,552,552,584,188,188,204,230,230,230,230,230,26,56,56],"floor_reached":56,"playtime":9792,"items_purged":["Strike_G","Strike_G","Regret"],"score":2708,"play_id":"7978b8fd-35c3-4035-b004-64067ef9495c","local_time":"20190625125507","is_ascension_mode":true,"campfire_choices":[{"data":"Deadly Poison","floor":11.0,"key":"SMITH"},{"data":"Noxious Fumes","floor":15.0,"key":"SMITH"},{"floor":23.0,"key":"REST"},{"floor":32.0,"key":"REST"},{"floor":42,"key":"RECALL"},{"floor":46,"key":"REST"},{"floor":49,"key":"REST"},{"floor":52,"key":"REST"}],"neow_cost":"TEN_PERCENT_HP_LOSS","seed_source_timestamp":1058477659717907,"circlet_count":0,"master_deck":["AscendersBane","Defend_G","Defend_G","Defend_G","Defend_G","Defend_G","Strike_G","Survivor","Neutralize+1","Backflip","Deadly Poison+1","Well Laid Plans","Leg Sweep","Bullet Time","Footwork","Noxious Fumes+1","Leg Sweep","Cloak And Dagger","Adrenaline","Well Laid Plans","Footwork","Escape Plan+1","Backflip","Flechettes","Footwork","Escape Plan+1","Backflip","Tools of the Trade","Dodge and Roll","Crippling Poison+1","Crippling Poison","Noxious Fumes","Deadly Poison","Escape Plan+1","Catalyst","Footwork+1","Night Terror","Backflip","PiercingWail"],"special_seed":0,"relics":["Ring of the Snake","Gambling Chip","Lantern","Odd Mushroom","Dream Catcher","Boot","Fusion Hammer","Centennial Puzzle","Blue Candle","Nilry\u0027s Codex","Strawberry","Sozu","Potion Belt","Tough Bandages","Membership Card","Anchor","Orichalcum","Bottled Tornado","Pocketwatch"],"potions_floor_usage":[55,55],"damage_taken":[{"damage":2.0,"enemies":"Cultist","floor":1.0,"turns":5.0},{"damage":0.0,"enemies":"2 Louse","floor":5.0,"turns":4.0},{"damage":9.0,"enemies":"Lagavulin","floor":7.0,"turns":9.0},{"damage":12.0,"enemies":"The Mushroom Lair","floor":8.0,"turns":7.0},{"damage":0.0,"enemies":"Small Slimes","floor":10.0,"turns":4.0},{"damage":34.0,"enemies":"Gremlin Nob","floor":12.0,"turns":6.0},{"damage":0.0,"enemies":"Looter","floor":14.0,"turns":4.0},{"damage":0.0,"enemies":"Hexaghost","floor":16.0,"turns":10.0},{"damage":2.0,"enemies":"Shell Parasite","floor":18.0,"turns":6.0},{"damage":0.0,"enemies":"2 Thieves","floor":20.0,"turns":4.0},{"damage":0.0,"enemies":"Snecko","floor":21.0,"turns":6.0},{"damage":0.0,"enemies":"Book of Stabbing","floor":24.0,"turns":6.0},{"damage":1.0,"enemies":"Snake Plant","floor":27.0,"turns":4.0},{"damage":0.0,"enemies":"3 Cultists","floor":28.0,"turns":6.0},{"damage":0.0,"enemies":"Centurion and Healer","floor":30.0,"turns":6.0},{"damage":0.0,"enemies":"Gremlin Leader","floor":31.0,"turns":6.0},{"damage":0.0,"enemies":"Champ","floor":33.0,"turns":11.0},{"damage":1.0,"enemies":"3 Darklings","floor":35.0,"turns":5.0},{"damage":1.0,"enemies":"Orb Walker","floor":37.0,"turns":5.0},{"damage":1.0,"enemies":"Transient","floor":38.0,"turns":5.0},{"damage":1,"enemies":"Giant Head","floor":40,"turns":10},{"damage":2,"enemies":"Writhing Mass","floor":41,"turns":7},{"damage":2,"enemies":"Reptomancer","floor":44,"turns":8},{"damage":0,"enemies":"Jaw Worm Horde","floor":47,"turns":4},{"damage":0,"enemies":"Giant Head","floor":48,"turns":9},{"damage":0,"enemies":"Donu and Deca","floor":50,"turns":9},{"damage":0,"enemies":"Shield and Spear","floor":54,"turns":8},{"damage":0,"enemies":"The Heart","floor":55,"turns":13}],"seed_played":"-6854644435148597880","potions_obtained":[{"floor":1.0,"key":"Regen Potion"},{"floor":10.0,"key":"Ancient Potion"},{"floor":14.0,"key":"Energy Potion"},{"floor":16.0,"key":"SteroidPotion"},{"floor":18.0,"key":"Strength Potion"},{"floor":21.0,"key":"EntropicBrew"},{"floor":33.0,"key":"SkillPotion"}],"is_trial":false,"path_per_floor":["M","?","?","?","M","$","E","?","T","M","R","E","$","M","R","B",null,"M","?","M","M","?","R","E","$","T","M","M","?","M","E","R","B",null,"M","?","M","M","?","E","M","R","T","E","$","R","M","E","R","B",null,"R","$","E","B",null],"character_chosen":"THE_SILENT","items_purchased":["Well Laid Plans","Leg Sweep","Leg Sweep","Membership Card","Anchor","Deadly Poison","Bottled Tornado","Night Terror","Backflip"],"campfire_rested":5,"item_purchase_floors":[6,6,13,45,45,45,53,53,53],"current_hp_per_floor":[57,46,60,60,60,60,51,39,39,39,39,5,5,5,5,20,50,48,48,48,48,48,60,60,60,60,59,59,38,38,45,65,65,67,66,66,65,64,64,63,61,61,61,59,59,67,67,67,67,67,67,67,67,67,67],"gold":56,"neow_bonus":"ONE_RARE_RELIC","is_prod":false,"is_daily":false,"chose_seed":false,"campfire_upgraded":2,"win_rate":0,"timestamp":1561456507,"path_taken":["M","?","?","?","M","$","E","?","T","M","R","E","?","M","R","BOSS","M","?","M","M","?","R","E","$","T","M","M","?","M","E","R","BOSS","M","?","M","?","?","E","M","R","T","E","$","R","?","E","R","BOSS","R","$","E","BOSS"],"build_version":"2019-01-23","purchased_purges":3,"victory":true,"max_hp_per_floor":[60,60,60,60,60,60,60,60,60,60,60,60,60,60,60,60,60,60,60,60,60,60,60,60,60,60,60,60,60,60,67,67,67,67,67,67,67,67,67,67,67,67,67,67,67,67,67,67,67,67,67,67,67,67,67],"card_choices":[{"not_picked":["Choke","Underhanded Strike"],"picked":"Backflip","floor":1.0},{"not_picked":["Catalyst","Dagger Throw"],"picked":"Deadly Poison","floor":5.0},{"not_picked":["Distraction","Underhanded Strike","Finisher"],"picked":"SKIP","floor":7.0},{"not_picked":["Backflip","Riddle With Holes"],"picked":"Bullet Time","floor":8.0},{"not_picked":["Sucker Punch","Cloak And Dagger"],"picked":"Footwork","floor":10.0},{"not_picked":["Well Laid Plans","Heel Hook"],"picked":"Noxious Fumes","floor":12.0},{"not_picked":["Dagger Throw","Slice"],"picked":"Cloak And Dagger","floor":14.0},{"not_picked":["Phantasmal Killer","Venomology"],"picked":"Adrenaline","floor":16.0},{"not_picked":["Riddle With Holes","Dagger Spray"],"picked":"Well Laid Plans","floor":18.0},{"not_picked":["Prepared","Leg Sweep"],"picked":"Footwork","floor":20.0},{"not_picked":["Infinite Blades","Cloak And Dagger+1"],"picked":"Escape Plan+1","floor":21.0},{"not_picked":["Backstab","Blur"],"picked":"Backflip","floor":23.0},{"not_picked":["Dagger Spray","Dash"],"picked":"Flechettes","floor":24.0},{"not_picked":["Concentrate","Caltrops","Prepared"],"picked":"SKIP","floor":27.0},{"not_picked":["Blade Dance","Deadly Poison"],"picked":"Footwork","floor":28.0},{"not_picked":["Sucker Punch","Bouncing Flask"],"picked":"Escape Plan+1","floor":30.0},{"not_picked":["Cloak And Dagger","Dash","Bane"],"picked":"SKIP","floor":31.0},{"not_picked":["Blade Dance","Choke"],"picked":"Backflip","floor":32.0},{"not_picked":["Die Die Die","Doppelganger"],"picked":"Tools of the Trade","floor":33.0},{"not_picked":["Dagger Throw","Slice","Backstab"],"picked":"SKIP","floor":35.0},{"not_picked":["Choke","Adrenaline"],"picked":"Dodge and Roll","floor":37.0},{"not_picked":["Dagger Throw","Infinite Blades+1"],"picked":"Crippling Poison+1","floor":38.0},{"not_picked":["Grand Finale","Slice","Underhanded Strike+1"],"picked":"SKIP","floor":40},{"not_picked":["Blade Dance","Reflex","Underhanded Strike"],"picked":"SKIP","floor":41},{"not_picked":["Outmaneuver","Backstab"],"picked":"Noxious Fumes","floor":44},{"not_picked":["Quick Slash","Masterful Stab+1","Dash"],"picked":"SKIP","floor":47},{"not_picked":["Outmaneuver","Prepared"],"picked":"Escape Plan+1","floor":48},{"not_picked":["Choke+1","Cloak And Dagger"],"picked":"Catalyst","floor":49},{"not_picked":["Cloak And Dagger","Choke+1"],"picked":"Footwork+1","floor":52},{"not_picked":["Accuracy","Terror"],"picked":"PiercingWail","floor":54}],"player_experience":519834,"relics_obtained":[{"floor":7.0,"key":"Lantern"},{"floor":8.0,"key":"Odd Mushroom"},{"floor":9.0,"key":"Dream Catcher"},{"floor":12.0,"key":"Boot"},{"floor":24.0,"key":"Centennial Puzzle"},{"floor":26.0,"key":"Blue Candle"},{"floor":29.0,"key":"Nilry\u0027s Codex"},{"floor":31.0,"key":"Strawberry"},{"floor":40,"key":"Potion Belt"},{"floor":44,"key":"Tough Bandages"},{"floor":48,"key":"Orichalcum"},{"floor":54,"key":"Pocketwatch"}],"event_choices":[{"damage_healed":0.0,"max_hp_gain":0.0,"max_hp_loss":0.0,"gold_gain":75.0,"event_name":"World of Goop","player_choice":"Gather Gold","floor":2.0,"gold_loss":0.0,"damage_taken":11.0},{"damage_healed":15.0,"max_hp_gain":0.0,"max_hp_loss":0.0,"gold_gain":0.0,"event_name":"The Cleric","player_choice":"Healed","floor":3.0,"gold_loss":35.0,"damage_taken":0.0},{"damage_healed":0.0,"max_hp_gain":0.0,"max_hp_loss":0.0,"gold_gain":0.0,"event_name":"Living Wall","player_choice":"Grow","floor":4.0,"gold_loss":0.0,"damage_taken":0.0,"cards_upgraded":["Neutralize"]},{"damage_healed":0.0,"max_hp_gain":0.0,"max_hp_loss":0.0,"gold_gain":0.0,"event_name":"Mushrooms","player_choice":"Fought Mushrooms","floor":8.0,"gold_loss":0.0,"damage_taken":0.0},{"cards_removed":["Strike_G"],"damage_healed":0.0,"max_hp_gain":0.0,"max_hp_loss":0.0,"gold_gain":0.0,"event_name":"Beggar","player_choice":"Gave Gold","floor":19.0,"gold_loss":75.0,"damage_taken":0.0},{"damage_healed":0.0,"max_hp_gain":0.0,"max_hp_loss":0.0,"gold_gain":0.0,"event_name":"Vampires","player_choice":"Ignored","floor":22.0,"gold_loss":0.0,"damage_taken":0.0},{"damage_healed":0.0,"max_hp_gain":0.0,"max_hp_loss":0.0,"gold_gain":0.0,"event_name":"Cursed Tome","player_choice":"Obtained Book","floor":29.0,"gold_loss":0.0,"damage_taken":21.0},{"damage_healed":0.0,"max_hp_gain":0.0,"max_hp_loss":0.0,"gold_gain":275.0,"event_name":"Golden Shrine","player_choice":"Desecrate","floor":36.0,"gold_loss":0.0,"damage_taken":0.0,"cards_obtained":["Regret"]},{"damage_healed":0.0,"max_hp_gain":0.0,"max_hp_loss":0.0,"gold_gain":0.0,"cards_transformed":["Strike_G"],"event_name":"Transmorgrifier","player_choice":"Transformed","floor":39.0,"gold_loss":0.0,"damage_taken":0.0,"cards_obtained":["Crippling Poison"]}],"is_beta":false,"boss_relics":[{"not_picked":["White Beast Statue","Eternal Feather"],"picked":"Fusion Hammer"},{"not_picked":["Velvet Choker","Philosopher\u0027s Stone"],"picked":"Sozu"}],"items_purged_floors":[13,25,45],"is_endless":false,"potions_floor_spawned":[1,10,14,16,18,21,30,31,33,35,37,41],"ascension_level":16}