{"gold_per_floor":[112,122,139,154,75,75,92,111,111,111,53,12,24,39,39,39],"floor_reached":16,"playtime":453,"items_purged":[],"score":192,"play_id":"df9f3d14-821a-416c-99f4-2c272ffde97d","local_time":"20190702091117","is_ascension_mode":true,"campfire_choices":[{"data":"Pommel Strike","floor":6,"key":"SMITH"},{"floor":15,"key":"REST"}],"neow_cost":"PERCENT_DAMAGE","seed_source_timestamp":337714548406700,"circlet_count":0,"master_deck":["AscendersBane","Strike_R","Strike_R","Strike_R","Strike_R","Strike_R","Defend_R","Defend_R","Defend_R","Defend_R","Bash","Wild Strike","Shrug It Off","Power Through","Pommel Strike+1","Pommel Strike+1","Flame Barrier","Wild Strike","Corruption","Shockwave"],"relics":["Burning Blood","Ginger","Singing Bowl","Orichalcum"],"potions_floor_usage":[16,16],"damage_taken":[{"damage":11,"enemies":"Jaw Worm","floor":1,"turns":4},{"damage":1,"enemies":"Small Slimes","floor":2,"turns":3},{"damage":0,"enemies":"Cultist","floor":3,"turns":3},{"damage":6,"enemies":"3 Louse","floor":4,"turns":5},{"damage":55,"enemies":"Exordium Thugs","floor":7,"turns":7},{"damage":1,"enemies":"2 Fungi Beasts","floor":8,"turns":3},{"damage":5,"enemies":"Looter","floor":13,"turns":3},{"damage":9,"enemies":"Blue Slaver","floor":14,"turns":3},{"damage":40,"enemies":"Hexaghost","floor":16,"turns":9}],"seed_played":"4887120847652879379","potions_obtained":[{"floor":1,"key":"EssenceOfSteel"}],"is_trial":false,"path_per_floor":["M","M","M","M","$","R","M","M","T","?","?","$","M","M","R","B"],"character_chosen":"IRONCLAD","items_purchased":["Pommel Strike","PowerPotion","Corruption"],"campfire_rested":1,"item_purchase_floors":[5,5,12],"current_hp_per_floor":[45,50,56,56,56,56,7,12,12,12,12,12,15,12,35,0],"gold":39,"neow_bonus":"ONE_RARE_RELIC","is_prod":false,"is_daily":false,"chose_seed":false,"campfire_upgraded":1,"win_rate":0,"timestamp":1562073077,"path_taken":["M","M","M","M","$","R","M","M","T","?","?","$","M","M","R","BOSS"],"build_version":"2019-07-01","purchased_purges":0,"victory":false,"max_hp_per_floor":[75,75,75,75,75,75,75,75,75,75,75,75,77,77,77,77],"card_choices":[{"not_picked":["Intimidate","Warcry"],"picked":"Wild Strike","floor":1},{"not_picked":["Juggernaut","Flex"],"picked":"Shrug It Off","floor":2},{"not_picked":["Armaments","True Grit"],"picked":"Power Through","floor":3},{"not_picked":["Anger","Twin Strike"],"picked":"Pommel Strike","floor":4},{"not_picked":["Flex","Uppercut"],"picked":"Flame Barrier","floor":7},{"not_picked":["Sentinel","Juggernaut"],"picked":"Wild Strike","floor":8},{"not_picked":["Twin Strike","Pommel Strike","Thunderclap"],"picked":"Singing Bowl","floor":13},{"not_picked":["Seeing Red","True Grit"],"picked":"Shockwave","floor":14}],"player_experience":1643981,"relics_obtained":[{"floor":9,"key":"Singing Bowl"}],"event_choices":[{"damage_healed":0,"gold_gain":0,"player_choice":"Grow","damage_taken":0,"max_hp_gain":0,"max_hp_loss":0,"event_name":"Living Wall","floor":10,"gold_loss":0,"cards_upgraded":["Pommel Strike"]},{"damage_healed":0,"gold_gain":0,"player_choice":"Paid Gold","damage_taken":0,"relics_obtained":["Orichalcum"],"max_hp_gain":0,"max_hp_loss":0,"event_name":"WeMeetAgain","floor":11,"gold_loss":58}],"is_beta":false,"boss_relics":[],"items_purged_floors":[],"is_endless":false,"potions_floor_spawned":[1,7,8,14],"killed_by":"Hexaghost","ascension_level":20}