{"gold_per_floor":[113,128,145,145,164,164,198,198,198,2,2,17,17,45,45,121,121,133,26,46,46,64,89,105,20,20,0,0,25,25,35,35,109,109,124,124,138,156,172,172,200,215,238,18,51,51,76,76,76,76,76],"floor_reached":52,"playtime":2810,"items_purged":["Writhe"],"score":2009,"play_id":"7d6cd63d-bfe8-4018-a3a9-27afe043e283","local_time":"20190702152605","is_ascension_mode":true,"campfire_choices":[{"data":"Blood for Blood","floor":6,"key":"SMITH"},{"data":"Inflame","floor":8,"key":"SMITH"},{"floor":11,"key":"REST"},{"floor":15,"key":"REST"},{"floor":28,"key":"REST"},{"floor":30,"key":"REST"},{"floor":32,"key":"REST"},{"data":"Dual Wield","floor":40,"key":"SMITH"},{"data":"Juggernaut","floor":46,"key":"SMITH"},{"floor":49,"key":"REST"}],"neow_cost":"CURSE","seed_source_timestamp":357827948889300,"circlet_count":0,"master_deck":["AscendersBane","Strike_R+1","Strike_R+1","Strike_R+1","Strike_R+1","Strike_R+1","Defend_R+1","Defend_R+1","Defend_R+1","Defend_R+1","Bash+1","Secret Weapon+1","Violence+1","Blood for Blood+1","Clothesline+1","Armaments+1","Inflame+1","Headbutt+1","Metallicize+1","Impervious+1","Pommel Strike+1","Fiend Fire+1","Immolate+1","Shrug It Off+1","Shrug It Off+1","Shockwave+1","Hemokinesis+1","Corruption+1","Perfected Strike+1","Dual Wield+1","Fiend Fire+1","Flame Barrier+1","Uppercut+1","Shrug It Off+1","Juggernaut+1","Shrug It Off+1","Juggernaut+1","Inflame+1","Feel No Pain+1","Evolve+1","Armaments+1","Corruption+1","Pommel Strike+1","Rupture+1","Feel No Pain+1","Disarm+1"],"relics":["Burning Blood","Dream Catcher","Omamori","Happy Flower","Kunai","Snecko Eye","Potion Belt","Mummified Hand","Torii","Boot","Mark of Pain","Mercury Hourglass","Juzu Bracelet","Bag of Marbles","The Courier","Mark of the Bloom"],"potions_floor_usage":[13,24,29,33,47,51],"damage_taken":[{"damage":12,"enemies":"Cultist","floor":1,"turns":4},{"damage":12,"enemies":"Jaw Worm","floor":2,"turns":3},{"damage":6,"enemies":"Small Slimes","floor":3,"turns":4},{"damage":16,"enemies":"Exordium Wildlife","floor":5,"turns":5},{"damage":24,"enemies":"Gremlin Nob","floor":7,"turns":4},{"damage":13,"enemies":"Red Slaver","floor":12,"turns":4},{"damage":0,"enemies":"Lots of Slimes","floor":13,"turns":1},{"damage":27,"enemies":"3 Sentries","floor":14,"turns":6},{"damage":18,"enemies":"The Guardian","floor":16,"turns":13},{"damage":18,"enemies":"Shell Parasite","floor":18,"turns":4},{"damage":13,"enemies":"3 Byrds","floor":20,"turns":3},{"damage":0,"enemies":"Snecko","floor":22,"turns":2},{"damage":26,"enemies":"Slavers","floor":23,"turns":6},{"damage":27,"enemies":"Shelled Parasite and Fungi","floor":24,"turns":3},{"damage":22,"enemies":"Gremlin Leader","floor":29,"turns":4},{"damage":7,"enemies":"Snake Plant","floor":31,"turns":4},{"damage":11,"enemies":"Automaton","floor":33,"turns":9},{"damage":0,"enemies":"Orb Walker","floor":35,"turns":2},{"damage":3,"enemies":"3 Shapes","floor":37,"turns":3},{"damage":0,"enemies":"Transient","floor":38,"turns":6},{"damage":7,"enemies":"Writhing Mass","floor":39,"turns":3},{"damage":3,"enemies":"Giant Head","floor":41,"turns":5},{"damage":0,"enemies":"3 Darklings","floor":42,"turns":3},{"damage":16,"enemies":"Nemesis","floor":45,"turns":3},{"damage":2,"enemies":"Reptomancer","floor":47,"turns":3},{"damage":19,"enemies":"Donu and Deca","floor":50,"turns":6},{"damage":14,"enemies":"Time Eater","floor":51,"turns":9}],"seed_played":"33835236370667021","potions_obtained":[{"floor":2,"key":"FairyPotion"},{"floor":3,"key":"SmokeBomb"},{"floor":24,"key":"Explosive Potion"},{"floor":29,"key":"PowerPotion"},{"floor":33,"key":"SmokeBomb"},{"floor":38,"key":"Swift Potion"},{"floor":39,"key":"SteroidPotion"},{"floor":47,"key":"Explosive Potion"}],"is_trial":false,"path_per_floor":["M","M","M","$","M","R","E","R","T","$","R","M","M","E","R","B",null,"M","$","M","?","M","E","M","?","T","?","R","E","R","M","R","B",null,"M","?","M","M","M","R","E","M","T","$","E","R","E","?","R","B","B",null],"character_chosen":"IRONCLAD","items_purchased":["Happy Flower","Metallicize","Shrug It Off","Strength Potion","Corruption","Pommel Strike"],"campfire_rested":6,"item_purchase_floors":[10,10,19,19,44,44],"current_hp_per_floor":[62,56,56,56,46,46,28,28,28,28,50,43,49,28,50,38,66,54,54,47,47,53,33,12,12,12,12,34,18,40,39,61,56,70,75,75,75,75,74,74,75,75,75,75,65,65,69,69,69,50,36],"gold":76,"neow_bonus":"RANDOM_COLORLESS_2","is_prod":false,"is_daily":false,"chose_seed":false,"campfire_upgraded":4,"win_rate":0,"timestamp":1562095565,"path_taken":["M","M","?","$","M","R","E","R","T","?","R","M","M","E","R","BOSS","M","$","?","?","M","E","M","?","T","?","R","E","R","?","R","BOSS","M","?","M","M","M","R","E","M","T","$","E","R","E","?","R","BOSS","BOSS"],"build_version":"2019-07-01","purchased_purges":1,"victory":true,"max_hp_per_floor":[75,75,75,75,75,75,75,75,75,75,75,75,75,75,75,75,75,75,75,75,75,75,75,75,75,75,75,75,75,75,75,75,75,75,75,75,75,75,75,75,75,75,75,75,75,75,75,75,75,75,75],"card_choices":[{"not_picked":["Clothesline","Battle Trance"],"picked":"Blood for Blood","floor":1},{"not_picked":["Wild Strike","Shrug It Off"],"picked":"Clothesline","floor":2},{"not_picked":["Combust","Havoc"],"picked":"Armaments","floor":3},{"not_picked":["Clothesline","Armaments"],"picked":"Inflame","floor":5},{"not_picked":["Infernal Blade","Body Slam"],"picked":"Headbutt","floor":7},{"not_picked":["Iron Wave","Havoc"],"picked":"Impervious","floor":11},{"not_picked":["Perfected Strike","Armaments"],"picked":"Pommel Strike","floor":12},{"not_picked":["Seeing Red","Iron Wave"],"picked":"Fiend Fire","floor":14},{"not_picked":["Juggernaut","Exhume"],"picked":"Immolate","floor":16},{"not_picked":["Battle Trance","Body Slam"],"picked":"Shrug It Off","floor":18},{"not_picked":["Pommel Strike","Power Through"],"picked":"Shockwave","floor":20},{"not_picked":["Body Slam+1","Heavy Blade+1"],"picked":"Hemokinesis+1","floor":22},{"not_picked":["Uppercut","Hemokinesis"],"picked":"Corruption","floor":23},{"not_picked":["Armaments","Wild Strike"],"picked":"Perfected Strike","floor":24},{"not_picked":["True Grit","Clothesline"],"picked":"Dual Wield","floor":28},{"not_picked":["Dropkick","True Grit"],"picked":"Fiend Fire","floor":29},{"not_picked":["Thunderclap+1","Warcry"],"picked":"Flame Barrier","floor":30},{"not_picked":["Havoc","Anger"],"picked":"Uppercut","floor":31},{"not_picked":["Perfected Strike","True Grit"],"picked":"Shrug It Off+1","floor":32},{"not_picked":["Feed","Fiend Fire"],"picked":"Juggernaut","floor":33},{"not_picked":["Searing Blow+1","Perfected Strike"],"picked":"Shrug It Off","floor":35},{"not_picked":["Headbutt","Hemokinesis","Cleave"],"picked":"SKIP","floor":37},{"not_picked":["Cleave","Anger"],"picked":"Inflame","floor":38},{"not_picked":["Seeing Red","Thunderclap+1"],"picked":"Feel No Pain+1","floor":39},{"not_picked":["Infernal Blade","Twin Strike"],"picked":"Evolve","floor":41},{"not_picked":["Clothesline+1","Heavy Blade+1"],"picked":"Armaments+1","floor":42},{"not_picked":["Whirlwind","Feed"],"picked":"Rupture","floor":45},{"not_picked":["Fire Breathing","Spot Weakness+1"],"picked":"Feel No Pain+1","floor":47},{"not_picked":["Combust","Flex"],"picked":"Disarm+1","floor":49}],"player_experience":1661070,"relics_obtained":[{"floor":7,"key":"Dream Catcher"},{"floor":9,"key":"Omamori"},{"floor":14,"key":"Kunai"},{"floor":23,"key":"Potion Belt"},{"floor":26,"key":"Torii"},{"floor":29,"key":"Boot"},{"floor":41,"key":"Mercury Hourglass"},{"floor":43,"key":"Juzu Bracelet"},{"floor":45,"key":"Bag of Marbles"},{"floor":47,"key":"The Courier"}],"event_choices":[{"damage_healed":0,"gold_gain":0,"player_choice":"Simplicity","damage_taken":0,"max_hp_gain":0,"max_hp_loss":0,"event_name":"Back to Basics","floor":21,"gold_loss":0,"cards_upgraded":["Strike_R","Strike_R","Strike_R","Strike_R","Strike_R","Defend_R","Defend_R","Defend_R","Defend_R"]},{"damage_healed":0,"gold_gain":0,"player_choice":"Obtained Relic","damage_taken":0,"relics_obtained":["Mummified Hand"],"max_hp_gain":0,"max_hp_loss":0,"event_name":"Addict","floor":25,"gold_loss":85},{"damage_healed":0,"gold_gain":0,"player_choice":"Paid Fearfully","damage_taken":0,"max_hp_gain":0,"max_hp_loss":0,"event_name":"Masked Bandits","floor":27,"gold_loss":20},{"damage_healed":0,"gold_gain":0,"player_choice":"1 cards matched","damage_taken":0,"max_hp_gain":0,"max_hp_loss":0,"event_name":"Match and Keep!","floor":36,"gold_loss":0,"cards_obtained":["Juggernaut"]},{"damage_healed":0,"gold_gain":0,"player_choice":"Upgrade","damage_taken":0,"relics_obtained":["Mark of the Bloom"],"max_hp_gain":0,"max_hp_loss":0,"event_name":"MindBloom","floor":48,"gold_loss":0,"cards_upgraded":["Bash","Secret Weapon","Violence","Clothesline","Armaments","Headbutt","Metallicize","Impervious","Pommel Strike","Fiend Fire","Immolate","Shrug It Off","Shrug It Off","Shockwave","Corruption","Perfected Strike","Fiend Fire","Flame Barrier","Uppercut","Shrug It Off","Juggernaut","Inflame","Evolve","Corruption","Pommel Strike","Rupture"]}],"is_beta":false,"boss_relics":[{"not_picked":["Orrery","Eternal Feather"],"picked":"Snecko Eye"},{"not_picked":["Empty Cage","Busted Crown"],"picked":"Mark of Pain"}],"items_purged_floors":[44],"is_endless":false,"potions_floor_spawned":[2,3,13,20,24,29,33,38,39,47],"ascension_level":20}