{"gold_per_floor":[109,127,142,142,152,152,180,25,25,38,38,38,73,84,84,163,163,174,17,33,33,50,81,81,115,115,115,127,143,175,193,193,269,269,279,334,346,365,379,407,307,307,334,365,382,482,482,511,511,511,511,511,90,118,118],"floor_reached":56,"playtime":10092,"items_purged":["Strike_R","Strike_R","Strike_R"],"score":2066,"play_id":"e05d87fd-6161-42e0-b389-65da90271a16","local_time":"20190626200404","is_ascension_mode":true,"campfire_choices":[{"data":"Bash","floor":6.0,"key":"SMITH"},{"data":"Clothesline","floor":12.0,"key":"SMITH"},{"data":"Shockwave","floor":15.0,"key":"SMITH"},{"data":"Corruption","floor":24.0,"key":"SMITH"},{"data":"Warcry","floor":27.0,"key":"SMITH"},{"data":"Demon Form","floor":32.0,"key":"SMITH"},{"data":"Feel No Pain","floor":42.0,"key":"SMITH"},{"floor":49.0,"key":"RECALL"},{"data":"Warcry","floor":52,"key":"SMITH"}],"neow_cost":"NONE","seed_source_timestamp":0,"circlet_count":0,"master_deck":["AscendersBane","Strike_R","Defend_R","Defend_R","Defend_R","Defend_R","Bash+1","Twin Strike","Shrug It Off","Clothesline+1","Reaper","Uppercut","Inflame+1","Havoc","Sword Boomerang","Shockwave+1","Reaper","Corruption+1","Writhe","Warcry+1","Spot Weakness","Seeing Red","Armaments","Shockwave","Feel No Pain+1","Demon Form+1","Feed","Disarm","Spot Weakness","Havoc","Warcry+1","Warcry+1","Flame Barrier","Warcry","Brutality"],"special_seed":0,"relics":["Burning Blood","Ancient Tea Set","Incense Burner","Mango","Meat on the Bone","Sozu","Bag of Preparation","Centennial Puzzle","Potion Belt","Du-Vu Doll","Happy Flower","Oddly Smooth Stone","Velvet Choker","Pocketwatch","Mummified Hand","Orichalcum","FossilizedHelix","Turnip","Kunai","Bag of Marbles"],"potions_floor_usage":[55],"damage_taken":[{"damage":5.0,"enemies":"2 Louse","floor":1.0,"turns":4.0},{"damage":1.0,"enemies":"Cultist","floor":2.0,"turns":4.0},{"damage":7.0,"enemies":"Small Slimes","floor":3.0,"turns":4.0},{"damage":2.0,"enemies":"Gremlin Gang","floor":5.0,"turns":8.0},{"damage":49.0,"enemies":"3 Sentries","floor":7.0,"turns":15.0},{"damage":28.0,"enemies":"Exordium Thugs","floor":10.0,"turns":6.0},{"damage":12.0,"enemies":"Gremlin Nob","floor":13.0,"turns":3.0},{"damage":1.0,"enemies":"Blue Slaver","floor":14.0,"turns":5.0},{"damage":24.0,"enemies":"Hexaghost","floor":16.0,"turns":9.0},{"damage":10.0,"enemies":"2 Thieves","floor":18.0,"turns":3.0},{"damage":9.0,"enemies":"Shell Parasite","floor":20.0,"turns":5.0},{"damage":15.0,"enemies":"Centurion and Healer","floor":22.0,"turns":6.0},{"damage":22.0,"enemies":"Gremlin Leader","floor":23.0,"turns":7.0},{"damage":27.0,"enemies":"Book of Stabbing","floor":25.0,"turns":5.0},{"damage":0.0,"enemies":"Cultist and Chosen","floor":28.0,"turns":4.0},{"damage":8.0,"enemies":"Snecko","floor":29.0,"turns":3.0},{"damage":8.0,"enemies":"Gremlin Leader","floor":30.0,"turns":6.0},{"damage":12.0,"enemies":"Snake Plant","floor":31.0,"turns":3.0},{"damage":40.0,"enemies":"Automaton","floor":33.0,"turns":8.0},{"damage":12.0,"enemies":"Orb Walker","floor":35.0,"turns":4.0},{"damage":43.0,"enemies":"2 Orb Walkers","floor":36.0,"turns":5.0},{"damage":18.0,"enemies":"3 Darklings","floor":37.0,"turns":6.0},{"damage":17.0,"enemies":"Jaw Worm Horde","floor":38.0,"turns":4.0},{"damage":12.0,"enemies":"Sphere and 2 Shapes","floor":39.0,"turns":4.0},{"damage":27.0,"enemies":"Nemesis","floor":40.0,"turns":5.0},{"damage":14.0,"enemies":"Reptomancer","floor":44.0,"turns":6.0},{"damage":2.0,"enemies":"Maw","floor":45.0,"turns":6.0},{"damage":0.0,"enemies":"Mind Bloom Boss Battle","floor":46.0,"turns":4.0},{"damage":0.0,"enemies":"Giant Head","floor":48.0,"turns":5.0},{"damage":18,"enemies":"Time Eater","floor":50,"turns":8},{"damage":37,"enemies":"Shield and Spear","floor":54,"turns":7},{"damage":58,"enemies":"The Heart","floor":55,"turns":8}],"seed_played":"-3864432868637950659","potions_obtained":[{"floor":5.0,"key":"Poison Potion"},{"floor":7.0,"key":"Regen Potion"},{"floor":13.0,"key":"LiquidBronze"},{"floor":14.0,"key":"Strength Potion"},{"floor":16.0,"key":"SteroidPotion"}],"is_trial":false,"path_per_floor":["M","M","M","?","M","R","E","$","T","M","?","R","E","M","R","B",null,"M","$","M","?","M","E","R","E","T","R","M","M","E","M","R","B",null,"M","?","M","M","M","E","$","R","T","E","M","?","?","E","R","B",null,"R","$","E","B",null],"character_chosen":"IRONCLAD","items_purchased":["Inflame","Havoc","Bag of Preparation","Warcry","Kunai"],"campfire_rested":0,"item_purchase_floors":[8,8,19,53,53],"current_hp_per_floor":[69,74,73,73,75,75,32,32,46,39,39,39,33,56,56,50,79,75,75,88,88,89,79,79,79,79,79,89,89,89,83,83,70,84,89,72,89,89,89,86,86,86,86,89,92,92,87,87,87,90,90,90,90,90,90],"gold":118,"neow_bonus":"RANDOM_COMMON_RELIC","is_prod":false,"is_daily":false,"chose_seed":false,"campfire_upgraded":8,"win_rate":0,"timestamp":1561568644,"path_taken":["M","M","M","?","M","R","E","$","T","?","?","R","E","M","R","BOSS","M","$","?","?","M","E","R","E","T","R","M","M","E","M","R","BOSS","M","?","M","M","M","E","$","R","T","E","M","?","?","E","R","BOSS","R","$","E","BOSS"],"build_version":"2019-01-23","purchased_purges":3,"victory":true,"max_hp_per_floor":[75,75,75,75,75,75,75,75,89,89,89,89,89,89,89,89,89,89,89,89,89,89,89,89,89,89,89,89,89,89,89,89,89,89,89,89,89,89,89,89,89,89,89,89,92,92,87,87,87,90,90,90,90,90,90],"card_choices":[{"not_picked":["Anger","Metallicize"],"picked":"Twin Strike","floor":1.0},{"not_picked":["Warcry","Flex"],"picked":"Shrug It Off","floor":2.0},{"not_picked":["Thunderclap","Havoc"],"picked":"Clothesline","floor":3.0},{"not_picked":["Seeing Red","Rupture"],"picked":"Reaper","floor":5.0},{"not_picked":["Whirlwind","Sentinel"],"picked":"Uppercut","floor":7.0},{"not_picked":["Twin Strike","Searing Blow"],"picked":"Sword Boomerang","floor":10.0},{"not_picked":["Twin Strike","Blood for Blood","Anger"],"picked":"SKIP","floor":13.0},{"not_picked":["Combust","Inflame"],"picked":"Shockwave","floor":14.0},{"not_picked":["Bludgeon","Berserk"],"picked":"Reaper","floor":16.0},{"not_picked":["Body Slam","Clash"],"picked":"Corruption","floor":18.0},{"not_picked":["Sword Boomerang","Reckless Charge","Twin Strike"],"picked":"SKIP","floor":20.0},{"not_picked":["Whirlwind","Rage"],"picked":"Warcry","floor":22.0},{"not_picked":["Twin Strike","Rupture"],"picked":"Spot Weakness","floor":23.0},{"not_picked":["Second Wind","Sever Soul"],"picked":"Seeing Red","floor":25.0},{"not_picked":["Anger+1","Twin Strike"],"picked":"Armaments","floor":28.0},{"not_picked":["Iron Wave+1","Corruption"],"picked":"Shockwave","floor":29.0},{"not_picked":["True Grit","Rage"],"picked":"Feel No Pain","floor":30.0},{"not_picked":["Wild Strike","Havoc+1"],"picked":"Demon Form","floor":31.0},{"not_picked":["Berserk","Brutality"],"picked":"Feed","floor":33.0},{"not_picked":["Iron Wave+1","Headbutt+1"],"picked":"Disarm","floor":35.0},{"not_picked":["Clash+1","True Grit+1"],"picked":"Spot Weakness","floor":37.0},{"not_picked":["Perfected Strike","True Grit","Headbutt+1"],"picked":"SKIP","floor":38.0},{"not_picked":["Perfected Strike","True Grit","Headbutt+1"],"picked":"SKIP","floor":38.0},{"not_picked":["Perfected Strike","True Grit","Headbutt+1"],"picked":"SKIP","floor":38.0},{"not_picked":["Iron Wave","Wild Strike+1"],"picked":"Havoc","floor":39.0},{"not_picked":["Dropkick","Clash","Power Through"],"picked":"SKIP","floor":40.0},{"not_picked":["Dropkick+1","Seeing Red","Cleave+1"],"picked":"SKIP","floor":44.0},{"not_picked":["Impervious","Uppercut"],"picked":"Warcry","floor":45.0},{"not_picked":["Pommel Strike","Clothesline"],"picked":"Warcry+1","floor":46.0},{"not_picked":["Anger","Seeing Red"],"picked":"Flame Barrier","floor":48.0},{"not_picked":["Infernal Blade","Spot Weakness"],"picked":"Brutality","floor":54}],"player_experience":580009,"relics_obtained":[{"floor":7.0,"key":"Incense Burner"},{"floor":9.0,"key":"Mango"},{"floor":13.0,"key":"Meat on the Bone"},{"floor":23.0,"key":"Potion Belt"},{"floor":25.0,"key":"Du-Vu Doll"},{"floor":26.0,"key":"Happy Flower"},{"floor":30.0,"key":"Oddly Smooth Stone"},{"floor":36.0,"key":"Pocketwatch"},{"floor":40.0,"key":"Mummified Hand"},{"floor":44.0,"key":"Orichalcum"},{"floor":46.0,"key":"FossilizedHelix"},{"floor":48.0,"key":"Turnip"},{"floor":54,"key":"Bag of Marbles"}],"event_choices":[{"cards_removed":["Strike_R"],"damage_healed":0.0,"max_hp_gain":0.0,"max_hp_loss":0.0,"gold_gain":0.0,"event_name":"Bonfire Elementals","player_choice":"Offered Basic","floor":4.0,"gold_loss":0.0,"damage_taken":0.0},{"damage_healed":0.0,"max_hp_gain":0.0,"max_hp_loss":0.0,"gold_gain":0.0,"event_name":"Upgrade Shrine","player_choice":"Upgraded","floor":11.0,"gold_loss":0.0,"damage_taken":0.0,"cards_upgraded":["Inflame"]},{"damage_healed":0.0,"max_hp_gain":0.0,"max_hp_loss":0.0,"gold_gain":0.0,"event_name":"The Mausoleum","player_choice":"Opened","floor":21.0,"gold_loss":0.0,"damage_taken":0.0,"relics_obtained":["Centennial Puzzle"],"cards_obtained":["Writhe"]},{"damage_healed":0.0,"max_hp_gain":0.0,"max_hp_loss":0.0,"gold_gain":0.0,"event_name":"Mysterious Sphere","player_choice":"Fight","floor":36.0,"gold_loss":0.0,"damage_taken":0.0},{"damage_healed":0.0,"max_hp_gain":0.0,"max_hp_loss":0.0,"gold_gain":0.0,"event_name":"MindBloom","player_choice":"Fight","floor":46.0,"gold_loss":0.0,"damage_taken":0.0},{"damage_healed":0.0,"max_hp_gain":0.0,"max_hp_loss":5.0,"gold_gain":0.0,"event_name":"Winding Halls","player_choice":"Max HP","floor":47.0,"gold_loss":0.0,"damage_taken":0.0}],"is_beta":false,"boss_relics":[{"not_picked":["Astrolabe","Empty Cage"],"picked":"Sozu"},{"not_picked":["Lizard Tail","Runic Cube"],"picked":"Velvet Choker"}],"items_purged_floors":[8,41,53],"is_endless":false,"potions_floor_spawned":[5,7,13,14,16,22,25,28,29,37,40,46],"ascension_level":15}