{"gold_per_floor":[117,292,19,34,54,54,79,79,79,37,70,70,35,46,46,46],"floor_reached":16,"playtime":5619,"items_purged":["Doubt"],"score":108,"play_id":"f6568d89-7f1d-4833-ac02-e12a967b114d","local_time":"20190725152431","is_ascension_mode":false,"campfire_choices":[{"floor":6,"key":"RECALL"},{"floor":12,"key":"REST"},{"floor":15,"key":"REST"}],"neow_cost":"NONE","seed_source_timestamp":511994129501600,"circlet_count":0,"master_deck":["Strike_R","Strike_R","Strike_R","Strike_R","Strike_R","Defend_R","Defend_R","Defend_R","Defend_R","Bash","Headbutt","Seeing Red","Corruption","Disarm","Intimidate"],"relics":["Burning Blood","Toolbox","Prayer Wheel","Shuriken","Bag of Preparation"],"potions_floor_usage":[7,7,7,16],"damage_taken":[{"damage":8,"enemies":"Jaw Worm","floor":1,"turns":3},{"damage":8,"enemies":"2 Louse","floor":4,"turns":2},{"damage":16,"enemies":"Small Slimes","floor":5,"turns":3},{"damage":35,"enemies":"3 Sentries","floor":7,"turns":9},{"damage":33,"enemies":"Lagavulin","floor":11,"turns":6},{"damage":9,"enemies":"3 Louse","floor":14,"turns":3},{"damage":77,"enemies":"Slime Boss","floor":16,"turns":11}],"seed_played":"-6853636497923492886","potions_obtained":[{"floor":1,"key":"Swift Potion"},{"floor":4,"key":"LiquidBronze"},{"floor":5,"key":"Explosive Potion"},{"floor":11,"key":"Dexterity Potion"}],"is_trial":false,"path_per_floor":["M","?","$","M","M","R","E","?","T","?","E","R","?","M","R","B"],"character_chosen":"IRONCLAD","items_purchased":["Toolbox"],"campfire_rested":2,"item_purchase_floors":[3],"current_hp_per_floor":[78,78,78,76,66,66,37,37,37,37,10,34,54,51,75,0],"gold":46,"neow_bonus":"THREE_CARDS","is_prod":false,"is_daily":false,"chose_seed":false,"campfire_upgraded":0,"win_rate":0,"timestamp":1564064671,"path_taken":["M","?","$","M","M","R","E","?","T","?","E","R","?","M","R","BOSS"],"build_version":"2019-07-17","purchased_purges":1,"victory":false,"max_hp_per_floor":[80,80,80,80,80,80,80,80,80,80,80,80,80,80,80,80],"card_choices":[{"not_picked":["Wild Strike","Warcry"],"picked":"Headbutt","floor":0},{"not_picked":["Thunderclap","Body Slam"],"picked":"Seeing Red","floor":1},{"not_picked":["Havoc","Shrug It Off"],"picked":"Corruption","floor":4},{"not_picked":["Rampage","Dropkick","Cleave"],"picked":"SKIP","floor":5},{"not_picked":["Warcry","Heavy Blade"],"picked":"Disarm","floor":7},{"not_picked":["Anger","Perfected Strike","Dual Wield"],"picked":"SKIP","floor":11},{"not_picked":["Clothesline","Whirlwind"],"picked":"Intimidate","floor":14},{"not_picked":["Dual Wield","Warcry","Dropkick"],"picked":"SKIP","floor":14}],"player_experience":420424,"relics_obtained":[{"floor":7,"key":"Prayer Wheel"},{"floor":9,"key":"Shuriken"},{"floor":11,"key":"Bag of Preparation"}],"event_choices":[{"damage_healed":0,"gold_gain":175,"player_choice":"AGREE","damage_taken":0,"max_hp_gain":0,"max_hp_loss":0,"event_name":"Liars Game","floor":2,"gold_loss":0,"cards_obtained":["Doubt"]},{"damage_healed":0,"gold_gain":0,"player_choice":"Ignored","damage_taken":0,"max_hp_gain":0,"max_hp_loss":0,"event_name":"Shining Light","floor":8,"gold_loss":0},{"damage_healed":0,"gold_gain":0,"player_choice":"Left Gold","damage_taken":0,"max_hp_gain":0,"max_hp_loss":0,"event_name":"World of Goop","floor":10,"gold_loss":42},{"damage_healed":20,"gold_gain":0,"player_choice":"Healed","damage_taken":0,"max_hp_gain":0,"max_hp_loss":0,"event_name":"The Cleric","floor":13,"gold_loss":35}],"is_beta":false,"boss_relics":[],"items_purged_floors":[3],"is_endless":false,"potions_floor_spawned":[1,4,5,11],"killed_by":"Slime Boss","ascension_level":0}