{"gold_per_floor":[116,127,127,140,40,67,86,121,172,172,198,198,25,57,57,162,162,182,8,27,127,139,170,190,220,220,294,324,338,369,389,389,484,484,496,511,511,261,271,305,317,346,346,371,371,385,418,418,418,418,418,418,37,70,70],"floor_reached":56,"playtime":11263,"items_purged":["Strike_B","Strike_B"],"score":1910,"play_id":"47579811-27c9-433c-9c3d-d22d8f85dc83","local_time":"20190620232946","is_ascension_mode":true,"campfire_choices":[{"data":"Defragment","floor":10.0,"key":"SMITH"},{"data":"Zap","floor":12.0,"key":"SMITH"},{"data":"Turbo","floor":15.0,"key":"SMITH"},{"data":"Chill","floor":32.0,"key":"SMITH"},{"floor":45.0,"key":"RECALL"},{"data":"Consume","floor":49.0,"key":"SMITH"},{"data":"Coolheaded","floor":52.0,"key":"SMITH"}],"neow_cost":"NONE","seed_source_timestamp":0,"circlet_count":0,"master_deck":["Defend_B","Defend_B","Defend_B","Defend_B","Zap+1","Dualcast","Ball Lightning","Compile Driver","Genetic Algorithm","Defragment+1","Cold Snap","Undo","Barrage+1","Buffer+1","Force Field","Self Repair+1","Turbo+1","Defragment+1","Echo Form+1","Heatsinks+1","Reinforced Body","Chill+1","Coolheaded+1","Creative AI+1","Consume+1","Recycle","Biased Cognition+1","Hologram+1","Reinforced Body","Electrodynamics+1","Skim+1","Capacitor+1","Glacier","Coolheaded","Enlightenment","Consume+1","BootSequence+1","Turbo","Recycle+1","Madness","Madness","Defragment+1","Turbo","Hologram+1"],"special_seed":0,"relics":["Cracked Core","NeowsBlessing","Pocketwatch","Frozen Egg 2","Art of War","Whetstone","Prayer Wheel","Eternal Feather","Girya","Symbiotic Virus","Ice Cream","Orichalcum","Blue Candle","Bottled Lightning","Boot","Mango","Coffee Dripper","Centennial Puzzle","Pen Nib","The Courier","Turnip","DataDisk","Oddly Smooth Stone"],"potions_floor_usage":[55,55,55],"damage_taken":[{"damage":0.0,"enemies":"Small Slimes","floor":1.0,"turns":1.0},{"damage":0.0,"enemies":"Cultist","floor":2.0,"turns":1.0},{"damage":0.0,"enemies":"Jaw Worm","floor":4.0,"turns":1.0},{"damage":9.0,"enemies":"Gremlin Nob","floor":6.0,"turns":5.0},{"damage":0.0,"enemies":"Large Slime","floor":7.0,"turns":4.0},{"damage":6.0,"enemies":"3 Sentries","floor":8.0,"turns":8.0},{"damage":0.0,"enemies":"Lagavulin","floor":11.0,"turns":5.0},{"damage":3.0,"enemies":"Gremlin Nob","floor":14.0,"turns":4.0},{"damage":25.0,"enemies":"Hexaghost","floor":16.0,"turns":7.0},{"damage":6.0,"enemies":"3 Byrds","floor":18.0,"turns":5.0},{"damage":2.0,"enemies":"Shell Parasite","floor":20.0,"turns":5.0},{"damage":9.0,"enemies":"Colosseum Slavers","floor":21.0,"turns":5.0},{"damage":17.0,"enemies":"Colosseum Nobs","floor":21.0,"turns":6.0},{"damage":3.0,"enemies":"Cultist and Chosen","floor":22.0,"turns":8.0},{"damage":0.0,"enemies":"Gremlin Leader","floor":23.0,"turns":8.0},{"damage":8.0,"enemies":"Snake Plant","floor":24.0,"turns":4.0},{"damage":22.0,"enemies":"Slavers","floor":25.0,"turns":12.0},{"damage":13.0,"enemies":"Book of Stabbing","floor":28.0,"turns":6.0},{"damage":7.0,"enemies":"Sentry and Sphere","floor":29.0,"turns":6.0},{"damage":18.0,"enemies":"Slavers","floor":30.0,"turns":10.0},{"damage":7.0,"enemies":"Chosen and Byrds","floor":31.0,"turns":5.0},{"damage":7.0,"enemies":"Collector","floor":33.0,"turns":8.0},{"damage":22.0,"enemies":"3 Darklings","floor":35.0,"turns":4.0},{"damage":0.0,"enemies":"Orb Walker","floor":36.0,"turns":4.0},{"damage":11.0,"enemies":"4 Shapes","floor":39.0,"turns":4.0},{"damage":3.0,"enemies":"Nemesis","floor":40.0,"turns":7.0},{"damage":0.0,"enemies":"Maw","floor":41.0,"turns":6.0},{"damage":0.0,"enemies":"Reptomancer","floor":42.0,"turns":7.0},{"damage":0.0,"enemies":"Giant Head","floor":44.0,"turns":10.0},{"damage":0.0,"enemies":"Jaw Worm Horde","floor":46.0,"turns":3.0},{"damage":10.0,"enemies":"Reptomancer","floor":47.0,"turns":7.0},{"damage":2.0,"enemies":"Awakened One","floor":50.0,"turns":16.0},{"damage":34.0,"enemies":"Shield and Spear","floor":54.0,"turns":6.0},{"damage":18,"enemies":"The Heart","floor":55,"turns":12}],"seed_played":"6646027277408988065","potions_obtained":[{"floor":1.0,"key":"Weak Potion"},{"floor":2.0,"key":"EssenceOfSteel"},{"floor":4.0,"key":"Ancient Potion"},{"floor":14.0,"key":"FearPotion"},{"floor":16.0,"key":"Poison Potion"},{"floor":20.0,"key":"SkillPotion"},{"floor":21.0,"key":"Block Potion"},{"floor":28.0,"key":"Regen Potion"},{"floor":30.0,"key":"LiquidBronze"},{"floor":31.0,"key":"SpeedPotion"},{"floor":41.0,"key":"Swift Potion"},{"floor":47.0,"key":"SkillPotion"}],"is_trial":false,"path_per_floor":["M","M","?","M","$","E","M","E","T","R","E","R","$","E","R","B",null,"M","$","M","?","M","E","M","E","T","T","E","M","E","M","R","B",null,"M","M","?","$","M","E","M","E","T","E","R","M","E","?","R","B",null,"R","$","E","B",null],"character_chosen":"DEFECT","items_purchased":["Defragment","Cold Snap","Self Repair+1","Turbo","Reinforced Body","Capacitor+1","Glacier","Coolheaded","Enlightenment","Defragment+1","DataDisk","Oddly Smooth Stone","Dexterity Potion","Turbo"],"campfire_rested":0,"item_purchase_floors":[5,5,13,13,19,38,38,38,38,53,53,53,53,53],"current_hp_per_floor":[68,68,68,68,68,59,59,53,53,53,53,53,53,60,60,45,68,72,72,75,75,75,75,75,73,73,73,70,73,89,89,89,89,89,87,89,89,89,88,89,89,89,89,89,89,89,89,78,89,87,89,89,89,65,47],"gold":70,"neow_bonus":"THREE_ENEMY_KILL","is_prod":false,"is_daily":false,"chose_seed":false,"campfire_upgraded":6,"win_rate":0,"timestamp":1561062586,"path_taken":["M","M","?","?","$","E","M","E","T","R","E","R","$","E","R","BOSS","M","$","M","?","M","E","M","E","T","?","E","M","E","M","R","BOSS","M","M","?","$","M","E","M","E","T","E","R","?","E","?","R","BOSS","R","$","E","BOSS"],"build_version":"2019-01-23","purchased_purges":2,"victory":true,"max_hp_per_floor":[75,75,75,75,75,75,75,75,75,75,75,75,75,75,75,75,75,75,75,75,75,75,75,75,75,75,75,75,75,89,89,89,89,89,89,89,89,89,89,89,89,89,89,89,89,89,89,89,89,89,89,89,89,89,89],"card_choices":[{"not_picked":["Doom and Gloom","Conserve Battery"],"picked":"Ball Lightning","floor":1.0},{"not_picked":["White Noise","Blizzard"],"picked":"Compile Driver","floor":2.0},{"not_picked":["Ball Lightning","Hologram"],"picked":"Genetic Algorithm","floor":4.0},{"not_picked":["Creative AI","Streamline"],"picked":"Undo","floor":6.0},{"not_picked":["Hologram","Blizzard"],"picked":"Barrage","floor":7.0},{"not_picked":["Static Discharge","All For One"],"picked":"Buffer","floor":8.0},{"not_picked":["Go for the Eyes","Beam Cell"],"picked":"Force Field","floor":11.0},{"not_picked":["Compile Driver","Doom and Gloom"],"picked":"Defragment+1","floor":14.0},{"not_picked":["Machine Learning+1","Hyperbeam"],"picked":"Echo Form+1","floor":16.0},{"not_picked":["Rebound","Beam Cell"],"picked":"Heatsinks+1","floor":18.0},{"not_picked":["Streamline+1","Stack","Sweeping Beam+1"],"picked":"SKIP","floor":18.0},{"not_picked":["Stack","Loop+1"],"picked":"Chill","floor":20.0},{"not_picked":["BootSequence","Compile Driver"],"picked":"Coolheaded","floor":20.0},{"not_picked":["Compile Driver","Fusion+1"],"picked":"Creative AI+1","floor":21.0},{"not_picked":["Barrage","Sweeping Beam+1","Rebound"],"picked":"SKIP","floor":22.0},{"not_picked":["Streamline","Rebound","Go for the Eyes"],"picked":"SKIP","floor":22.0},{"not_picked":["Go for the Eyes","Aggregate+1","Leap"],"picked":"SKIP","floor":23.0},{"not_picked":["Cold Snap","Steam"],"picked":"Consume","floor":24.0},{"not_picked":["Multi-Cast","Conserve Battery"],"picked":"Recycle","floor":24.0},{"not_picked":["Conserve Battery","Barrage","Redo"],"picked":"SKIP","floor":25.0},{"not_picked":["Rebound","Steam+1","Rip and Tear"],"picked":"SKIP","floor":28.0},{"not_picked":["Cold Snap","Beam Cell"],"picked":"Biased Cognition+1","floor":29.0},{"not_picked":["Steam","Darkness"],"picked":"Hologram+1","floor":29.0},{"not_picked":["Streamline+1","Sunder","Redo+1"],"picked":"SKIP","floor":30.0},{"not_picked":["Rip and Tear","Go for the Eyes+1"],"picked":"Reinforced Body","floor":31.0},{"not_picked":["Leap","Go for the Eyes","Darkness"],"picked":"SKIP","floor":31.0},{"not_picked":["Core Surge","Hyperbeam"],"picked":"Electrodynamics+1","floor":33.0},{"not_picked":["Go for the Eyes","BootSequence"],"picked":"Skim+1","floor":35.0},{"not_picked":["Reprogram+1","Compile Driver","Aggregate+1"],"picked":"SKIP","floor":35.0},{"not_picked":["Reprogram+1","Compile Driver","Aggregate+1"],"picked":"SKIP","floor":35.0},{"not_picked":["Sweeping Beam","Go for the Eyes+1","Steam"],"picked":"SKIP","floor":36.0},{"not_picked":["Gash+1","Self Repair+1","Conserve Battery"],"picked":"SKIP","floor":36.0},{"not_picked":["Stack+1","Rebound"],"picked":"Consume+1","floor":39.0},{"not_picked":["Beam Cell","Scrape","Compile Driver+1"],"picked":"SKIP","floor":39.0},{"not_picked":["Ball Lightning+1","Hologram"],"picked":"BootSequence+1","floor":40.0},{"not_picked":["Steam","Redo","Static Discharge+1"],"picked":"SKIP","floor":41.0},{"not_picked":["Coolheaded","Steam+1","Amplify"],"picked":"SKIP","floor":41.0},{"not_picked":["Rip and Tear","Hologram","Redo+1"],"picked":"SKIP","floor":42.0},{"not_picked":["Ball Lightning+1","Gash","Beam Cell"],"picked":"SKIP","floor":44.0},{"not_picked":["Stack+1","Steam+1"],"picked":"Turbo","floor":46.0},{"not_picked":["Go for the Eyes","Streamline+1"],"picked":"Recycle+1","floor":46.0},{"not_picked":["Beam Cell+1","Scrape+1","Ball Lightning"],"picked":"SKIP","floor":47.0},{"not_picked":["Barrage","Gash"],"picked":"Hologram+1","floor":54.0}],"player_experience":354257,"relics_obtained":[{"floor":6.0,"key":"Pocketwatch"},{"floor":8.0,"key":"Frozen Egg 2"},{"floor":9.0,"key":"Art of War"},{"floor":11.0,"key":"Whetstone"},{"floor":14.0,"key":"Prayer Wheel"},{"floor":21.0,"key":"Girya"},{"floor":21.0,"key":"Symbiotic Virus"},{"floor":23.0,"key":"Ice Cream"},{"floor":25.0,"key":"Orichalcum"},{"floor":26.0,"key":"Blue Candle"},{"floor":27.0,"key":"Bottled Lightning"},{"floor":28.0,"key":"Boot"},{"floor":30.0,"key":"Mango"},{"floor":40.0,"key":"Centennial Puzzle"},{"floor":42.0,"key":"Pen Nib"},{"floor":44.0,"key":"The Courier"},{"floor":47.0,"key":"Turnip"}],"event_choices":[{"cards_removed":["Strike_B"],"damage_healed":0.0,"max_hp_gain":0.0,"max_hp_loss":0.0,"gold_gain":0.0,"event_name":"Purifier","player_choice":"Purged","floor":3.0,"gold_loss":0.0,"damage_taken":0.0},{"damage_healed":0.0,"max_hp_gain":0.0,"max_hp_loss":0.0,"gold_gain":0.0,"event_name":"Colosseum","player_choice":"Fight","floor":21.0,"gold_loss":0.0,"damage_taken":0.0},{"damage_healed":0.0,"max_hp_gain":0.0,"max_hp_loss":0.0,"gold_gain":0.0,"event_name":"Colosseum","player_choice":"Fought Nobs","floor":21.0,"gold_loss":0.0,"damage_taken":0.0},{"cards_removed":["Strike_B"],"damage_healed":0.0,"max_hp_gain":0.0,"max_hp_loss":0.0,"gold_gain":0.0,"event_name":"Purifier","player_choice":"Purged","floor":37.0,"gold_loss":0.0,"damage_taken":0.0},{"damage_healed":0.0,"max_hp_gain":0.0,"max_hp_loss":0.0,"gold_gain":0.0,"event_name":"Winding Halls","player_choice":"Embrace Madness","floor":48.0,"gold_loss":0.0,"damage_taken":11.0,"cards_obtained":["Madness","Madness"]}],"is_beta":false,"boss_relics":[{"not_picked":["Lizard Tail","Runic Dome"],"picked":"Eternal Feather"},{"not_picked":["Tiny House","Orrery"],"picked":"Coffee Dripper"}],"items_purged_floors":[13,19],"is_endless":false,"potions_floor_spawned":[1,2,4,14,16,20,21,21,28,30,31,40,41,44,47],"ascension_level":8}