{"gold_per_floor":[110,124,10,10,24,24,57,57,84,116,128,147,40,55,55,132,132,143,155,155,155,24,50,50,81,81,108,118,129,155,225,225,298,298,312,328,378,392,408,435,435,464,541,541,555,555,555,105,105,105,105,105,105,4,35,35],"floor_reached":57,"playtime":6771,"items_purged":["Strike_R","Strike_R"],"score":3175,"play_id":"c172264d-84a3-4d2a-9704-78f7790bf1d7","local_time":"20190717223719","is_ascension_mode":true,"campfire_choices":[{"data":"Bash","floor":6.0,"key":"SMITH"},{"data":"Flame Barrier","floor":8.0,"key":"SMITH"},{"data":"Offering","floor":15.0,"key":"SMITH"},{"data":"Spot Weakness","floor":24.0,"key":"SMITH"},{"data":"Seeing Red","floor":32.0,"key":"SMITH"},{"data":"1","floor":41,"key":"LIFT"},{"floor":47,"key":"RECALL"},{"data":"2","floor":49,"key":"LIFT"},{"data":"3","floor":53,"key":"LIFT"}],"neow_cost":"NONE","seed_source_timestamp":319816321169710,"circlet_count":0,"master_deck":["AscendersBane","Defend_R","Defend_R","Defend_R","Bash+1","Flame Barrier+1","Carnage+1","Limit Break+1","Sword Boomerang","Offering+1","Berserk+1","Dark Embrace+1","Sever Soul+1","Dropkick+1","Corruption+1","Ghostly Armor","Ghostly","Ghostly","Ghostly","Feel No Pain+1","Spot Weakness+1","Shockwave+1","Seeing Red+1","Ghostly Armor+1","Shockwave+1","Feel No Pain+1","Reaper","Ghostly Armor+1","Sentinel","Inflame+1","Power Through","Uppercut+1","Pommel Strike+1","Spot Weakness","Dark Shackles","Pommel Strike+1","Dual Wield"],"special_seed":0,"relics":["Burning Blood","Orichalcum","Smiling Mask","Frozen Egg 2","Astrolabe","Self Forming Clay","Omamori","Dodecahedron","Centennial Puzzle","Letter Opener","Mark of Pain","Girya","Molten Egg 2","War Paint","Medical Kit","Mercury Hourglass"],"potions_floor_usage":[33,56,56],"damage_taken":[{"damage":1.0,"enemies":"Cultist","floor":1.0,"turns":3.0},{"damage":2.0,"enemies":"Jaw Worm","floor":2.0,"turns":5.0},{"damage":3.0,"enemies":"2 Louse","floor":5.0,"turns":3.0},{"damage":8.0,"enemies":"Gremlin Nob","floor":7.0,"turns":3.0},{"damage":8.0,"enemies":"3 Sentries","floor":10.0,"turns":7.0},{"damage":6.0,"enemies":"Gremlin Gang","floor":11.0,"turns":3.0},{"damage":24.0,"enemies":"Exordium Thugs","floor":12.0,"turns":4.0},{"damage":6.0,"enemies":"3 Louse","floor":14.0,"turns":2.0},{"damage":24.0,"enemies":"Slime Boss","floor":16.0,"turns":7.0},{"damage":0.0,"enemies":"3 Byrds","floor":18.0,"turns":1.0},{"damage":28.0,"enemies":"Shell Parasite","floor":19.0,"turns":5.0},{"damage":10.0,"enemies":"Gremlin Leader","floor":23.0,"turns":6.0},{"damage":19.0,"enemies":"Book of Stabbing","floor":25.0,"turns":5.0},{"damage":6.0,"enemies":"Gremlin Leader","floor":27.0,"turns":5.0},{"damage":3.0,"enemies":"Chosen and Byrds","floor":28.0,"turns":6.0},{"damage":0.0,"enemies":"Centurion and Healer","floor":29.0,"turns":6.0},{"damage":6.0,"enemies":"Book of Stabbing","floor":30.0,"turns":4.0},{"damage":28,"enemies":"Automaton","floor":33,"turns":8},{"damage":10,"enemies":"Orb Walker","floor":35,"turns":3},{"damage":4,"enemies":"3 Shapes","floor":36,"turns":6},{"damage":6,"enemies":"2 Orb Walkers","floor":37,"turns":4},{"damage":6,"enemies":"Sphere and 2 Shapes","floor":38,"turns":4},{"damage":15,"enemies":"3 Darklings","floor":39,"turns":5},{"damage":1,"enemies":"Giant Head","floor":40,"turns":6},{"damage":24,"enemies":"Reptomancer","floor":42,"turns":4},{"damage":6,"enemies":"Maw","floor":45,"turns":5},{"damage":8,"enemies":"Awakened One","floor":50,"turns":5},{"damage":1,"enemies":"Time Eater","floor":51,"turns":6},{"damage":6,"enemies":"Shield and Spear","floor":55,"turns":4},{"damage":6,"enemies":"The Heart","floor":56,"turns":8}],"seed_played":"2926284741252640750","potions_obtained":[{"floor":1.0,"key":"Fire Potion"},{"floor":2.0,"key":"AttackPotion"},{"floor":11.0,"key":"EssenceOfSteel"},{"floor":21.0,"key":"SkillPotion"},{"floor":25.0,"key":"SmokeBomb"},{"floor":28.0,"key":"Explosive Potion"},{"floor":30.0,"key":"Dexterity Potion"},{"floor":33,"key":"SmokeBomb"},{"floor":35,"key":"PowerPotion"}],"is_trial":false,"path_per_floor":["M","M","$","?","M","R","E","R","T","E","M","M","$","M","R","B",null,"M","M","?","?","$","E","R","E","T","E","M","M","E","T","R","B",null,"M","M","?","M","M","E","R","E","T","?","M","$","R","$","R","B","B",null,"R","$","E","B",null],"character_chosen":"IRONCLAD","items_purchased":["Carnage","PowerPotion","Feel No Pain+1","Spot Weakness","Spot Weakness","Medical Kit","Dark Shackles","Pommel Strike+1","Dual Wield","Swift Potion"],"campfire_rested":0,"item_purchase_floors":[3,13,22,22,48,48,48,48,54,54],"current_hp_per_floor":[73,75,75,75,75,75,73,73,73,71,71,53,53,53,53,35,65,71,49,37,37,37,33,33,20,20,20,23,29,29,29,29,7,30,37,37,37,37,37,37,37,37,37,37,37,37,37,37,37,37,37,37,37,37,37,37],"gold":35,"neow_bonus":"REMOVE_CARD","is_prod":false,"is_daily":false,"chose_seed":false,"campfire_upgraded":5,"win_rate":0,"timestamp":1563392239,"path_taken":["M","M","$","?","?","R","E","R","T","E","M","M","$","M","R","BOSS","M","M","?","?","$","E","R","E","T","E","M","?","E","?","R","BOSS","M","M","?","M","M","E","R","E","T","?","M","$","R","$","R","BOSS","BOSS","R","$","E","BOSS"],"build_version":"2019-07-05","purchased_purges":2,"victory":true,"max_hp_per_floor":[75,75,75,75,75,75,75,75,75,75,75,75,75,75,75,75,75,75,75,37,37,37,37,37,37,37,37,37,37,37,37,37,37,37,37,37,37,37,37,37,37,37,37,37,37,37,37,37,37,37,37,37,37,37,37,37],"card_choices":[{"not_picked":["Cleave","Carnage"],"picked":"Flame Barrier","floor":1.0},{"not_picked":["Dual Wield","Warcry"],"picked":"Thunderclap","floor":2.0},{"not_picked":["Perfected Strike","Cleave"],"picked":"Limit Break","floor":5.0},{"not_picked":["Thunderclap","Body Slam"],"picked":"Sword Boomerang","floor":7.0},{"not_picked":["Iron Wave","Sword Boomerang"],"picked":"Offering","floor":10.0},{"not_picked":["Perfected Strike","True Grit","Iron Wave"],"picked":"SKIP","floor":11.0},{"not_picked":["Blood for Blood","Thunderclap","True Grit"],"picked":"SKIP","floor":12.0},{"not_picked":["Intimidate","True Grit","Fire Breathing+1"],"picked":"SKIP","floor":14.0},{"not_picked":["Bludgeon","Impervious"],"picked":"Berserk+1","floor":16.0},{"not_picked":["Body Slam","Uppercut"],"picked":"Corruption+1","floor":18.0},{"not_picked":["Uppercut","Body Slam"],"picked":"Ghostly Armor","floor":19.0},{"not_picked":["Heavy Blade+1","Twin Strike+1"],"picked":"Shockwave+1","floor":23.0},{"not_picked":["Iron Wave","True Grit","Carnage"],"picked":"SKIP","floor":25.0},{"not_picked":["Flex","Evolve+1"],"picked":"Seeing Red","floor":27.0},{"not_picked":["Intimidate","Clash"],"picked":"Ghostly Armor","floor":28.0},{"not_picked":["Heavy Blade","Perfected Strike"],"picked":"Shockwave+1","floor":29.0},{"not_picked":["Bludgeon","Body Slam"],"picked":"Feel No Pain+1","floor":30.0},{"not_picked":["Exhume","Immolate"],"picked":"Reaper","floor":33},{"not_picked":["Inflame+1","Heavy Blade"],"picked":"Ghostly Armor+1","floor":35},{"not_picked":["Inflame+1","Clash"],"picked":"Sentinel","floor":36},{"not_picked":["Warcry","Infernal Blade"],"picked":"Inflame+1","floor":37},{"not_picked":["Rupture+1","Sword Boomerang","Iron Wave"],"picked":"SKIP","floor":38},{"not_picked":["Twin Strike","Combust+1","Wild Strike"],"picked":"SKIP","floor":39},{"not_picked":["Fiend Fire","Twin Strike"],"picked":"Power Through","floor":40},{"not_picked":["Armaments","Perfected Strike+1"],"picked":"Uppercut+1","floor":42},{"not_picked":["Juggernaut+1","Intimidate+1"],"picked":"Pommel Strike+1","floor":45},{"not_picked":["Combust+1","Perfected Strike+1","Clash+1"],"picked":"SKIP","floor":55}],"player_experience":755997,"relics_obtained":[{"floor":7.0,"key":"Orichalcum"},{"floor":9.0,"key":"Smiling Mask"},{"floor":10.0,"key":"Frozen Egg 2"},{"floor":23.0,"key":"Self Forming Clay"},{"floor":25.0,"key":"Omamori"},{"floor":26.0,"key":"Dodecahedron"},{"floor":27.0,"key":"Centennial Puzzle"},{"floor":31.0,"key":"Letter Opener"},{"floor":37,"key":"Girya"},{"floor":40,"key":"Molten Egg 2"},{"floor":42,"key":"War Paint"},{"floor":55,"key":"Mercury Hourglass"}],"event_choices":[{"damage_healed":0.0,"max_hp_gain":0.0,"max_hp_loss":0.0,"gold_gain":0.0,"event_name":"Upgrade Shrine","player_choice":"Upgraded","floor":4.0,"gold_loss":0.0,"damage_taken":0.0,"cards_upgraded":["Carnage"]},{"damage_healed":0.0,"max_hp_gain":0.0,"max_hp_loss":38.0,"gold_gain":0.0,"event_name":"Ghosts","player_choice":"Became a Ghost","floor":20.0,"gold_loss":0.0,"damage_taken":0.0,"cards_obtained":["Ghostly","Ghostly","Ghostly"]},{"damage_healed":0.0,"max_hp_gain":0.0,"max_hp_loss":0.0,"gold_gain":0.0,"event_name":"Lab","player_choice":"Got Potions","floor":21.0,"gold_loss":0.0,"damage_taken":0.0},{"damage_healed":0,"gold_gain":0,"player_choice":"Fight","damage_taken":0,"max_hp_gain":0,"max_hp_loss":0,"event_name":"Mysterious Sphere","floor":37,"gold_loss":0},{"cards_removed":["Defend_R"],"damage_healed":0,"gold_gain":0,"player_choice":"Removed Skill","damage_taken":0,"max_hp_gain":0,"max_hp_loss":0,"event_name":"Falling","floor":44,"gold_loss":0}],"is_beta":false,"boss_relics":[{"not_picked":["Snecko Eye","Velvet Choker"],"picked":"Astrolabe"},{"not_picked":["White Beast Statue","Eternal Feather"],"picked":"Mark of Pain"}],"items_purged_floors":[3,13],"is_endless":false,"potions_floor_spawned":[1,2,5,11,14,25,28,30,33,35,36,42,55],"ascension_level":20}