{"gold_per_floor":[117,136,151,77,95,127,145,145,215,246,263,263,289,306,306,410,410,425,438,438,453,453,453,453],"floor_reached":24,"playtime":2126,"items_purged":[],"score":220,"play_id":"3931a266-8713-4ef7-adfe-0a44f2b191b2","local_time":"20190720204138","is_ascension_mode":false,"campfire_choices":[{"data":"Doom and Gloom","floor":8,"key":"SMITH"},{"floor":12,"key":"REST"},{"floor":15,"key":"REST"},{"floor":23,"key":"REST"}],"neow_cost":"NONE","seed_source_timestamp":102542323908700,"circlet_count":0,"master_deck":["Strike_B","Strike_B","Strike_B","Strike_B","Defend_B","Defend_B","Defend_B","Defend_B","Zap","Dualcast","Ball Lightning","Sweeping Beam","Sweeping Beam","Chill","Coolheaded","Doom and Gloom+1","Melter","Defragment","Creative AI","Streamline+1","Static Discharge","Seek","Defragment","Conserve Battery","Loop","RitualDagger+1"],"relics":["Cracked Core","Gremlin Horn","Molten Egg 2","FossilizedHelix","Bag of Preparation","Sozu"],"potions_floor_usage":[10,16,16,16,16],"damage_taken":[{"damage":1,"enemies":"Cultist","floor":1,"turns":3},{"damage":11,"enemies":"Jaw Worm","floor":2,"turns":3},{"damage":7,"enemies":"2 Louse","floor":3,"turns":3},{"damage":1,"enemies":"2 Fungi Beasts","floor":5,"turns":2},{"damage":18,"enemies":"Gremlin Nob","floor":6,"turns":4},{"damage":2,"enemies":"Blue Slaver","floor":7,"turns":2},{"damage":9,"enemies":"Lagavulin","floor":10,"turns":5},{"damage":0,"enemies":"Red Slaver","floor":11,"turns":3},{"damage":13,"enemies":"3 Sentries","floor":13,"turns":3},{"damage":8,"enemies":"Looter","floor":14,"turns":3},{"damage":27,"enemies":"The Guardian","floor":16,"turns":8},{"damage":10,"enemies":"2 Thieves","floor":18,"turns":3},{"damage":12,"enemies":"3 Byrds","floor":19,"turns":4},{"damage":0,"enemies":"Sentry and Sphere","floor":21,"turns":4},{"damage":68,"enemies":"Slavers","floor":24,"turns":3}],"seed_played":"-6630059456808578055","potions_obtained":[{"floor":3,"key":"Weak Potion"},{"floor":5,"key":"Explosive Potion"},{"floor":11,"key":"EntropicBrew"},{"floor":16,"key":"Poison Potion"}],"is_trial":false,"path_per_floor":["M","M","M","$","M","E","M","R","T","E","M","R","E","M","R","B",null,"M","M","?","M","?","R","E"],"character_chosen":"DEFECT","items_purchased":["Chill"],"campfire_rested":3,"item_purchase_floors":[4],"current_hp_per_floor":[81,70,63,63,62,44,42,42,42,33,33,57,44,36,60,33,82,72,60,44,44,38,64,0],"gold":453,"neow_bonus":"TEN_PERCENT_HP_BONUS","is_prod":false,"is_daily":false,"chose_seed":false,"campfire_upgraded":1,"win_rate":0.0,"timestamp":1563651698,"path_taken":["M","M","M","?","M","E","M","R","T","E","M","R","E","M","R","BOSS","M","M","?","M","?","R","E"],"build_version":"2019-07-17","purchased_purges":0,"victory":false,"max_hp_per_floor":[82,82,82,82,82,82,82,82,82,82,82,82,82,82,82,82,82,82,82,87,87,87,87,87],"card_choices":[{"not_picked":["Redo","Capacitor"],"picked":"Ball Lightning","floor":1},{"not_picked":["White Noise","Leap"],"picked":"Sweeping Beam","floor":2},{"not_picked":["Redo","Steam Power"],"picked":"Sweeping Beam","floor":3},{"not_picked":["Barrage","Reprogram"],"picked":"Coolheaded","floor":5},{"not_picked":["Chaos","Hologram"],"picked":"Doom and Gloom","floor":6},{"not_picked":["Hologram","Genetic Algorithm"],"picked":"Melter","floor":7},{"not_picked":["Blizzard+1","Sweeping Beam+1"],"picked":"Defragment","floor":10},{"not_picked":["Redo","Coolheaded"],"picked":"Creative AI","floor":11},{"not_picked":["Reinforced Body","Coolheaded"],"picked":"Streamline+1","floor":13},{"not_picked":["Capacitor","Cold Snap+1"],"picked":"Static Discharge","floor":14},{"not_picked":["Rainbow","Multi-Cast"],"picked":"Seek","floor":16},{"not_picked":["Stack+1","Redo"],"picked":"Defragment","floor":18},{"not_picked":["Blizzard+1","Steam Power+1"],"picked":"Conserve Battery","floor":19},{"not_picked":["Cold Snap+1","Stack"],"picked":"Loop","floor":21}],"player_experience":352762,"relics_obtained":[{"floor":6,"key":"Gremlin Horn"},{"floor":9,"key":"Molten Egg 2"},{"floor":10,"key":"FossilizedHelix"},{"floor":13,"key":"Bag of Preparation"}],"event_choices":[{"damage_healed":0,"gold_gain":0,"player_choice":"Shed Blood","damage_taken":21,"max_hp_gain":5,"max_hp_loss":0,"event_name":"Forgotten Altar","floor":20,"gold_loss":0},{"damage_healed":0,"gold_gain":0,"player_choice":"Joined the Cult","damage_taken":6,"max_hp_gain":0,"max_hp_loss":0,"event_name":"Nest","floor":22,"gold_loss":0,"cards_obtained":["RitualDagger"]}],"is_beta":false,"boss_relics":[{"not_picked":["Nuclear Battery","Philosopher\u0027s Stone"],"picked":"Sozu"}],"items_purged_floors":[],"is_endless":false,"potions_floor_spawned":[3,5,11,16,18],"killed_by":"Slavers","ascension_level":0}