{"gold_per_floor":[19,31,31,31,51,51,83,83,83,114,39,39,39,39,39,117,117,129,140,55,73,34,34,61,61,129,147,147,147,178,201,201,275,275,286,305,110,125,139,139,154,154,179,179,190,22,35,35],"floor_reached":48,"playtime":5766,"items_purged":["Strike_R","Strike_R+1"],"score":1056,"play_id":"590312ad-f037-42cc-babc-79f4ad759a75","local_time":"20190701145731","is_ascension_mode":true,"campfire_choices":[{"data":"Uppercut","floor":6,"key":"SMITH"},{"data":"True Grit","floor":8,"key":"SMITH"},{"data":"True Grit","floor":12,"key":"SMITH"},{"data":"Iron Wave","floor":13,"key":"SMITH"},{"data":"Defend_R","floor":15,"key":"SMITH"},{"floor":23,"key":"REST"},{"floor":25,"key":"REST"},{"floor":29,"key":"REST"},{"floor":32,"key":"REST"},{"data":"Dark Embrace","floor":40,"key":"SMITH"},{"floor":42,"key":"REST"},{"data":"Corruption","floor":44,"key":"SMITH"}],"neow_cost":"NO_GOLD","seed_source_timestamp":266764076486699,"circlet_count":0,"master_deck":["AscendersBane","Defend_R+1","Defend_R","Defend_R","Bash","True Grit+1","Wild Strike+1","Uppercut+1","Disarm","True Grit+1","Body Slam+1","Iron Wave+1","Spot Weakness+1","Dark Embrace+1","Corruption+1","Wild Strike","Warcry","Warcry","Infernal Blade","Inflame","Metallicize","Intimidate","True Grit+1","Whirlwind+1","Shockwave","Double Tap+1","Body Slam","Infernal Blade","Ghostly Armor","Juggernaut","Blood for Blood+1","Bloodletting+1","Impervious+1","Corruption","Disarm+1","True Grit","Infernal Blade","Iron Wave+1","Parasite","Evolve","Pommel Strike","Sentinel+1","Pommel Strike+1","Shockwave+1","Impervious","Power Through","Armaments","True Grit","Shrug It Off+1"],"relics":["Burning Blood","Prayer Wheel","WingedGreaves","Pocketwatch","Dream Catcher","Sozu","Strawberry","Champion Belt","The Courier","War Paint","Oddly Smooth Stone","Astrolabe","Lee\u0027s Waffle","Omamori"],"potions_floor_usage":[7,16,24],"damage_taken":[{"damage":7,"enemies":"Small Slimes","floor":1,"turns":3},{"damage":5,"enemies":"Cultist","floor":2,"turns":4},{"damage":1,"enemies":"2 Louse","floor":5,"turns":3},{"damage":6,"enemies":"Gremlin Nob","floor":7,"turns":3},{"damage":16,"enemies":"Lagavulin","floor":10,"turns":7},{"damage":32,"enemies":"Slime Boss","floor":16,"turns":9},{"damage":8,"enemies":"Chosen","floor":18,"turns":5},{"damage":29,"enemies":"Shell Parasite","floor":19,"turns":5},{"damage":19,"enemies":"Sentry and Sphere","floor":21,"turns":5},{"damage":21,"enemies":"Book of Stabbing","floor":24,"turns":5},{"damage":12,"enemies":"Snake Plant","floor":27,"turns":4},{"damage":24,"enemies":"Gremlin Leader","floor":30,"turns":4},{"damage":18,"enemies":"Automaton","floor":33,"turns":4},{"damage":15,"enemies":"3 Darklings","floor":35,"turns":4},{"damage":16,"enemies":"Orb Walker","floor":36,"turns":5},{"damage":28,"enemies":"Sphere and 2 Shapes","floor":38,"turns":9},{"damage":6,"enemies":"Writhing Mass","floor":39,"turns":6},{"damage":11,"enemies":"4 Shapes","floor":41,"turns":5},{"damage":60,"enemies":"Sphere and 2 Shapes","floor":45,"turns":7},{"damage":22,"enemies":"Maw","floor":47,"turns":5},{"damage":27,"enemies":"Jaw Worm Horde","floor":48,"turns":2}],"seed_played":"-3896471675935182329","potions_obtained":[{"floor":1,"key":"Fire Potion"},{"floor":10,"key":"PowerPotion"},{"floor":16,"key":"Energy Potion"}],"is_trial":false,"path_per_floor":["M","M","?","?","M","R","E","R","T","E","$","R","R","?","R","B",null,"M","M","?","M","$","R","E","R","T","M","?","R","E","T","R","B",null,"M","M","$","M","M","R","M","R","T","R","M","$","M","M"],"character_chosen":"IRONCLAD","items_purchased":["Metallicize","Lee\u0027s Waffle","True Grit","Armaments","True Grit"],"campfire_rested":5,"item_purchase_floors":[22,37,37,46,46],"current_hp_per_floor":[67,68,45,45,50,50,50,50,50,40,40,40,40,40,40,14,60,58,35,42,29,29,53,38,62,62,56,32,58,40,40,66,54,79,70,60,94,72,72,72,67,94,94,94,40,40,24,0],"gold":35,"neow_bonus":"ONE_RARE_RELIC","is_prod":false,"is_daily":false,"chose_seed":false,"campfire_upgraded":7,"win_rate":0,"timestamp":1562007451,"path_taken":["M","M","?","?","?","R","E","R","T","E","?","R","R","?","R","BOSS","M","?","?","M","$","R","E","R","T","M","?","R","E","?","R","BOSS","M","M","$","M","?","R","M","R","T","R","M","$","?","M"],"build_version":"2019-01-23","purchased_purges":2,"victory":false,"max_hp_per_floor":[75,75,75,75,75,75,75,75,75,75,75,75,75,75,75,75,75,75,75,82,82,82,82,82,82,82,82,87,87,87,87,87,87,87,87,87,94,94,94,94,94,94,94,94,94,94,94,94],"card_choices":[{"not_picked":["Shrug It Off","Heavy Blade"],"picked":"True Grit","floor":1},{"not_picked":["Twin Strike","Perfected Strike"],"picked":"Wild Strike","floor":1},{"not_picked":["Warcry","Iron Wave"],"picked":"Uppercut","floor":2},{"not_picked":["Combust","Carnage"],"picked":"Disarm","floor":2},{"not_picked":["Iron Wave","Havoc"],"picked":"True Grit","floor":5},{"not_picked":["Anger","Headbutt"],"picked":"Body Slam","floor":5},{"not_picked":["Sword Boomerang","Twin Strike"],"picked":"Iron Wave","floor":7},{"not_picked":["Intimidate","Pommel Strike"],"picked":"Spot Weakness","floor":10},{"not_picked":["Limit Break","Barricade"],"picked":"Dark Embrace","floor":16},{"not_picked":["Body Slam","Iron Wave"],"picked":"Corruption","floor":18},{"not_picked":["Perfected Strike","Heavy Blade"],"picked":"Wild Strike","floor":18},{"not_picked":["Clothesline","Clash+1"],"picked":"Warcry","floor":19},{"not_picked":["True Grit","Fire Breathing"],"picked":"Warcry","floor":19},{"not_picked":["Double Tap","Clash"],"picked":"Infernal Blade","floor":21},{"not_picked":["Body Slam","True Grit"],"picked":"Inflame","floor":21},{"not_picked":["True Grit","Fire Breathing"],"picked":"Intimidate","floor":23},{"not_picked":["Combust","Disarm"],"picked":"True Grit+1","floor":24},{"not_picked":["Thunderclap","Body Slam"],"picked":"Whirlwind+1","floor":25},{"not_picked":["Anger+1","Warcry"],"picked":"Shockwave","floor":27},{"not_picked":["Blood for Blood","Combust"],"picked":"Double Tap","floor":27},{"not_picked":["Inflame","Fire Breathing"],"picked":"Body Slam","floor":29},{"not_picked":["Rampage","Searing Blow"],"picked":"Infernal Blade","floor":30},{"not_picked":["Dropkick","Anger"],"picked":"Ghostly Armor","floor":32},{"not_picked":["Demon Form","Impervious"],"picked":"Juggernaut","floor":33},{"not_picked":["Sword Boomerang+1","Pummel"],"picked":"Corruption","floor":35},{"not_picked":["Thunderclap+1","Clash","Warcry"],"picked":"SKIP","floor":35},{"not_picked":["Second Wind+1","Metallicize"],"picked":"Disarm+1","floor":36},{"not_picked":["Combust+1","Pummel","Sever Soul+1"],"picked":"SKIP","floor":36},{"not_picked":["Combust","Heavy Blade"],"picked":"Infernal Blade","floor":38},{"not_picked":["Armaments","Cleave"],"picked":"Iron Wave+1","floor":38},{"not_picked":["True Grit","Heavy Blade"],"picked":"Evolve","floor":39},{"not_picked":["Body Slam","Uppercut"],"picked":"Pommel Strike","floor":39},{"not_picked":["Shockwave","Sword Boomerang"],"picked":"Sentinel+1","floor":41},{"not_picked":["Armaments","Thunderclap"],"picked":"Pommel Strike+1","floor":41},{"not_picked":["Wild Strike","Heavy Blade"],"picked":"Shockwave+1","floor":42},{"not_picked":["Twin Strike","Wild Strike+1"],"picked":"Impervious","floor":45},{"not_picked":["Armaments","Anger+1"],"picked":"Power Through","floor":45},{"not_picked":["Twin Strike","Thunderclap"],"picked":"Shrug It Off+1","floor":47},{"not_picked":["Shockwave","Inflame","Perfected Strike"],"picked":"SKIP","floor":47}],"player_experience":1616827,"relics_obtained":[{"floor":7,"key":"WingedGreaves"},{"floor":9,"key":"Pocketwatch"},{"floor":10,"key":"Dream Catcher"},{"floor":24,"key":"Champion Belt"},{"floor":26,"key":"The Courier"},{"floor":30,"key":"War Paint"},{"floor":31,"key":"Oddly Smooth Stone"},{"floor":43,"key":"Omamori"}],"event_choices":[{"damage_healed":0,"gold_gain":0,"player_choice":"Entered Light","damage_taken":23,"max_hp_gain":0,"max_hp_loss":0,"event_name":"Shining Light","floor":3,"gold_loss":0,"cards_upgraded":["Strike_R","Wild Strike"]},{"cards_removed":["Strike_R"],"damage_healed":0,"gold_gain":0,"player_choice":"Offered Basic","damage_taken":0,"max_hp_gain":0,"max_hp_loss":0,"event_name":"Bonfire Elementals","floor":4,"gold_loss":0},{"damage_healed":0,"gold_gain":0,"player_choice":"Forge","damage_taken":0,"max_hp_gain":0,"max_hp_loss":0,"event_name":"Accursed Blacksmith","floor":14,"gold_loss":0,"cards_upgraded":["Body Slam"]},{"damage_healed":0,"gold_gain":0,"player_choice":"Obtained Relic","damage_taken":0,"relics_obtained":["Strawberry"],"max_hp_gain":0,"max_hp_loss":0,"event_name":"Addict","floor":20,"gold_loss":85},{"damage_healed":0,"gold_gain":0,"player_choice":"Shed Blood","damage_taken":29,"max_hp_gain":5,"max_hp_loss":0,"event_name":"Forgotten Altar","floor":28,"gold_loss":0}],"is_beta":false,"boss_relics":[{"not_picked":["Cursed Key","Black Star"],"picked":"Sozu"},{"not_picked":["Tiny House","Coffee Dripper"],"picked":"Astrolabe"}],"items_purged_floors":[11,46],"is_endless":false,"potions_floor_spawned":[1,10,16,18,21,24,27,36,45],"killed_by":"Jaw Worm Horde","ascension_level":20}