{"gold_per_floor":[117,131,206,219,232,232,232,232,259,275,275,200,200,215,215,345,345,363,21,40,40,0,0,0,0,0,19,32,52,70,89,89,89],"floor_reached":33,"playtime":1065,"items_purged":["Parasite","Defend_R"],"score":266,"play_id":"6441965c-6abd-4d8e-9abf-9d5c24c6bc64","local_time":"20190623203552","is_ascension_mode":false,"campfire_choices":[{"data":"Inflame","floor":6,"key":"SMITH"},{"data":"Bash","floor":8,"key":"SMITH"},{"data":"Inflame","floor":13,"key":"SMITH"},{"data":"Double Tap","floor":15,"key":"SMITH"},{"data":"Whirlwind","floor":23,"key":"SMITH"},{"data":"Heavy Blade","floor":32,"key":"SMITH"}],"neow_cost":"NONE","seed_source_timestamp":923518909608362,"circlet_count":0,"master_deck":["Strike_R","Strike_R","Strike_R","Strike_R","Strike_R","Defend_R","Defend_R","Defend_R","Bash+1","Flex","Inflame+1","Heavy Blade+1","Double Tap+1","Inflame+1","Offering","Clothesline","Flex","Ghostly","Ghostly","Ghostly","Ghostly","Ghostly","Whirlwind+1","Injury","Uppercut","Cleave","Battle Trance","Twin Strike","Heavy Blade+1"],"relics":["Burning Blood","Bag of Preparation","Golden Idol","Dream Catcher","Cursed Key","MealTicket","Darkstone Periapt"],"potions_floor_usage":[5,25,33],"damage_taken":[{"damage":0,"enemies":"Small Slimes","floor":1,"turns":3},{"damage":10,"enemies":"2 Louse","floor":2,"turns":3},{"damage":9,"enemies":"Jaw Worm","floor":4,"turns":5},{"damage":4,"enemies":"Gremlin Gang","floor":5,"turns":4},{"damage":14,"enemies":"3 Louse","floor":10,"turns":4},{"damage":10,"enemies":"Looter","floor":14,"turns":2},{"damage":37,"enemies":"The Guardian","floor":16,"turns":7},{"damage":20,"enemies":"2 Thieves","floor":18,"turns":3},{"damage":31,"enemies":"3 Byrds","floor":20,"turns":6},{"damage":23,"enemies":"Colosseum Slavers","floor":25,"turns":4},{"damage":4,"enemies":"Snake Plant","floor":27,"turns":3},{"damage":3,"enemies":"Snecko","floor":28,"turns":5},{"damage":7,"enemies":"Chosen and Byrds","floor":29,"turns":4},{"damage":6,"enemies":"Cultist and Chosen","floor":30,"turns":5},{"damage":5,"enemies":"Shelled Parasite and Fungi","floor":31,"turns":4},{"damage":39,"enemies":"Champ","floor":33,"turns":8}],"seed_played":"-2790318482477799562","potions_obtained":[{"floor":1,"key":"Fire Potion"},{"floor":2,"key":"Strength Potion"},{"floor":5,"key":"Fire Potion"},{"floor":18,"key":"Fire Potion"}],"is_trial":false,"path_per_floor":["M","M","?","M","M","R","?","R","T","M","?","$","R","M","R","B",null,"M","$","M","?","$","R","?","?","T","M","M","M","M","M","R","B"],"character_chosen":"IRONCLAD","items_purchased":["Flex","MealTicket","Whirlwind"],"campfire_rested":0,"item_purchase_floors":[19,19,22],"current_hp_per_floor":[80,76,65,62,64,64,64,64,64,56,56,56,56,52,52,21,71,57,57,32,32,35,35,35,18,18,20,23,22,22,23,23,0],"gold":89,"neow_bonus":"RANDOM_COMMON_RELIC","is_prod":false,"is_daily":false,"chose_seed":false,"campfire_upgraded":6,"win_rate":0,"timestamp":1561311352,"path_taken":["M","M","?","M","M","R","?","R","T","M","?","$","R","M","R","BOSS","M","$","?","?","$","R","?","?","T","M","M","M","M","?","R","BOSS"],"build_version":"2019-01-23","purchased_purges":2,"victory":false,"max_hp_per_floor":[80,80,80,80,80,80,74,74,74,74,74,71,71,71,71,71,71,71,71,71,35,35,35,35,35,35,35,35,35,35,35,35,35],"card_choices":[{"not_picked":["Metallicize","Feel No Pain"],"picked":"Flex","floor":1},{"not_picked":["True Grit","Burning Pact","Rupture"],"picked":"SKIP","floor":2},{"not_picked":["Twin Strike","Cleave"],"picked":"Inflame","floor":4},{"not_picked":["Shrug It Off","Twin Strike"],"picked":"Heavy Blade","floor":5},{"not_picked":["Shrug It Off","Bloodletting"],"picked":"Double Tap","floor":10},{"not_picked":["Rage","Shrug It Off","Body Slam"],"picked":"SKIP","floor":14},{"not_picked":["Dark Embrace","Barricade"],"picked":"Offering","floor":16},{"not_picked":["Sever Soul","Pommel Strike"],"picked":"Clothesline","floor":18},{"not_picked":["Dual Wield","Body Slam","Fire Breathing"],"picked":"SKIP","floor":20},{"not_picked":["Warcry+1","Perfected Strike"],"picked":"Uppercut","floor":27},{"not_picked":["Body Slam","Feel No Pain"],"picked":"Cleave","floor":28},{"not_picked":["Cleave","Fire Breathing"],"picked":"Battle Trance","floor":29},{"not_picked":["Burning Pact","Armaments"],"picked":"Twin Strike","floor":30},{"not_picked":["Offering","Pummel"],"picked":"Heavy Blade+1","floor":31}],"player_experience":459311,"relics_obtained":[{"floor":9,"key":"Dream Catcher"},{"floor":26,"key":"Darkstone Periapt"}],"event_choices":[{"damage_healed":0,"gold_gain":75,"player_choice":"Gather Gold","damage_taken":11,"max_hp_gain":0,"max_hp_loss":0,"event_name":"World of Goop","floor":3,"gold_loss":0},{"damage_healed":0,"gold_gain":0,"player_choice":"Lose Max HP","damage_taken":0,"relics_obtained":["Golden Idol"],"max_hp_gain":0,"max_hp_loss":6,"event_name":"Golden Idol","floor":7,"gold_loss":0},{"damage_healed":0,"gold_gain":0,"player_choice":"2 cards matched","damage_taken":0,"max_hp_gain":0,"max_hp_loss":0,"event_name":"Match and Keep!","floor":11,"gold_loss":0,"cards_obtained":["Parasite","Inflame"]},{"damage_healed":0,"gold_gain":0,"player_choice":"Became a Ghost","damage_taken":0,"max_hp_gain":0,"max_hp_loss":36,"event_name":"Ghosts","floor":21,"gold_loss":0,"cards_obtained":["Ghostly","Ghostly","Ghostly","Ghostly","Ghostly"]},{"damage_healed":0,"gold_gain":0,"player_choice":"Ignored","damage_taken":0,"max_hp_gain":0,"max_hp_loss":0,"event_name":"Beggar","floor":24,"gold_loss":0},{"damage_healed":0,"gold_gain":0,"player_choice":"Fight","damage_taken":0,"max_hp_gain":0,"max_hp_loss":0,"event_name":"Colosseum","floor":25,"gold_loss":0},{"damage_healed":0,"gold_gain":0,"player_choice":"Fled From Nobs","damage_taken":0,"max_hp_gain":0,"max_hp_loss":0,"event_name":"Colosseum","floor":25,"gold_loss":0}],"is_beta":false,"boss_relics":[{"not_picked":["Busted Crown","Empty Cage"],"picked":"Cursed Key"}],"items_purged_floors":[12,19],"is_endless":false,"potions_floor_spawned":[1,2,5,18,20,28,29],"killed_by":"Champ","ascension_level":0}