{"gold_per_floor":[109,284,297,66,121,149,161,173,212,124,138,138,138,13,13,109,109,128,141,160,93,113,113,147,162,244,261,261,274,288,387,387,387],"floor_reached":33,"playtime":4596,"items_purged":["Doubt","Pain","Defend_R"],"score":267,"play_id":"3a01187b-8dfc-4f19-a99d-dc779a3a03bb","local_time":"20190712144216","is_ascension_mode":false,"campfire_choices":[{"floor":8,"key":"REST"},{"data":"Metallicize","floor":13,"key":"SMITH"},{"data":"Thunderclap","floor":15,"key":"SMITH"},{"floor":23,"key":"REST"},{"floor":28,"key":"REST"},{"floor":32,"key":"REST"}],"neow_cost":"NONE","seed_source_timestamp":0,"circlet_count":0,"master_deck":["Strike_R","Strike_R","Defend_R","Defend_R","Defend_R","Bash+1","Metallicize+1","Shockwave","Thunderclap+1","Double Tap","Wild Strike+1","Blood for Blood+1","Berserk+1","Shrug It Off","Thunderclap","Battle Trance","Battle Trance","Carnage","Twin Strike","Disarm+1","Clothesline","Iron Wave","Armaments+1"],"special_seed":0,"relics":["Burning Blood","Happy Flower","MawBank","WarpedTongs","Potion Belt","Strawberry","Astrolabe","Bird Faced Urn","Mummified Hand"],"potions_floor_usage":[16,20,22,24,27,30,33],"damage_taken":[{"damage":1.0,"enemies":"2 Louse","floor":1.0,"turns":2.0},{"damage":11.0,"enemies":"Jaw Worm","floor":3.0,"turns":2.0},{"damage":40,"enemies":"3 Sentries","floor":6,"turns":12},{"damage":0,"enemies":"Cultist","floor":11,"turns":3},{"damage":50,"enemies":"Slime Boss","floor":16,"turns":18},{"damage":4,"enemies":"Chosen","floor":18,"turns":3},{"damage":36,"enemies":"2 Thieves","floor":19,"turns":3},{"damage":26,"enemies":"Snake Plant","floor":20,"turns":4},{"damage":4,"enemies":"Snecko","floor":22,"turns":5},{"damage":59,"enemies":"Slavers","floor":24,"turns":6},{"damage":14,"enemies":"Centurion and Healer","floor":25,"turns":6},{"damage":14,"enemies":"Snake Plant","floor":27,"turns":3},{"damage":16,"enemies":"3 Cultists","floor":29,"turns":4},{"damage":21,"enemies":"Shelled Parasite and Fungi","floor":30,"turns":5},{"damage":62,"enemies":"Automaton","floor":33,"turns":6}],"seed_played":"-7636719606299841323","potions_obtained":[{"floor":6,"key":"FearPotion"},{"floor":11,"key":"GamblersBrew"},{"floor":19,"key":"Swift Potion"},{"floor":22,"key":"Regen Potion"},{"floor":25,"key":"PowerPotion"},{"floor":27,"key":"Explosive Potion"},{"floor":30,"key":"AttackPotion"}],"is_trial":false,"path_per_floor":["M","?","M","$","?","E","?","R","T","$","M","?","R","$","R","B",null,"M","M","M","$","M","R","E","M","T","M","R","M","M","?","R","B"],"character_chosen":"IRONCLAD","items_purchased":["Happy Flower","Battle Trance"],"campfire_rested":4,"item_purchase_floors":[4,21],"current_hp_per_floor":[80,80,75,75,75,41,41,65,65,65,71,71,71,71,71,27,87,87,57,37,37,39,65,27,23,23,17,43,35,22,22,48,0],"gold":387,"neow_bonus":"UPGRADE_CARD","is_prod":false,"is_daily":false,"chose_seed":false,"campfire_upgraded":2,"win_rate":0.0,"timestamp":1562938936,"path_taken":["M","?","M","$","?","E","?","R","T","$","?","?","R","$","R","BOSS","M","M","M","$","M","R","E","M","T","M","R","M","M","?","R","BOSS"],"build_version":"2019-07-05","purchased_purges":3,"victory":false,"max_hp_per_floor":[80,80,80,80,80,80,80,80,80,80,80,87,87,87,87,87,87,87,87,87,87,87,87,87,87,87,87,87,87,87,87,87,87],"card_choices":[{"not_picked":["Warcry","Sword Boomerang","Spot Weakness"],"picked":"SKIP","floor":1.0},{"not_picked":["Heavy Blade","Anger"],"picked":"Metallicize","floor":3.0},{"not_picked":["Second Wind","Spot Weakness"],"picked":"Shockwave","floor":6},{"not_picked":["Sword Boomerang","Impervious"],"picked":"Thunderclap","floor":11},{"not_picked":["Brutality","Juggernaut"],"picked":"Double Tap","floor":16},{"not_picked":["Ghostly Armor+1","Perfected Strike"],"picked":"Shrug It Off","floor":18},{"not_picked":["Anger","Sword Boomerang"],"picked":"Thunderclap","floor":19},{"not_picked":["Spot Weakness","Metallicize+1"],"picked":"Battle Trance","floor":20},{"not_picked":["Metallicize+1","Flame Barrier"],"picked":"Carnage","floor":22},{"not_picked":["Power Through","Barricade"],"picked":"Twin Strike","floor":24},{"not_picked":["Reckless Charge+1","Shrug It Off"],"picked":"Disarm+1","floor":25},{"not_picked":["Twin Strike","Combust"],"picked":"Clothesline","floor":27},{"not_picked":["Hemokinesis","Warcry"],"picked":"Iron Wave","floor":29},{"not_picked":["Perfected Strike+1","Heavy Blade"],"picked":"Armaments+1","floor":30}],"player_experience":227388,"relics_obtained":[{"floor":6,"key":"MawBank"},{"floor":9,"key":"Potion Belt"},{"floor":24,"key":"Bird Faced Urn"},{"floor":26,"key":"Mummified Hand"}],"event_choices":[{"damage_healed":0.0,"max_hp_gain":0.0,"max_hp_loss":0.0,"gold_gain":175.0,"event_name":"Liars Game","player_choice":"AGREE","floor":2.0,"gold_loss":0.0,"damage_taken":0.0,"cards_obtained":["Doubt"]},{"damage_healed":0.0,"max_hp_gain":0.0,"max_hp_loss":0.0,"gold_gain":55.0,"event_name":"Golden Wing","player_choice":"Gained Gold","floor":5.0,"gold_loss":0.0,"damage_taken":0.0},{"damage_healed":0,"gold_gain":0,"player_choice":"Rummage","damage_taken":0,"relics_obtained":["WarpedTongs"],"max_hp_gain":0,"max_hp_loss":0,"event_name":"Accursed Blacksmith","floor":7,"gold_loss":0,"cards_obtained":["Pain"]},{"damage_healed":0,"gold_gain":0,"player_choice":"Success","damage_taken":7,"relics_obtained":["Strawberry"],"max_hp_gain":0,"max_hp_loss":0,"event_name":"Scrap Ooze","floor":12,"gold_loss":0},{"damage_healed":0,"gold_gain":99,"player_choice":"Stole From Cult","damage_taken":0,"max_hp_gain":0,"max_hp_loss":0,"event_name":"Nest","floor":31,"gold_loss":0}],"is_beta":false,"boss_relics":[{"not_picked":["Runic Dome","Philosopher\u0027s Stone"],"picked":"Astrolabe"}],"items_purged_floors":[4,10,14],"is_endless":false,"potions_floor_spawned":[6,11,19,22,25,27,30],"killed_by":"Automaton","ascension_level":0}