{"gold_per_floor":[113,263,282,301,18,63,63,43,43,123,123,163,195,239,239,315,315,326,326,326,51,110,110,162,162,162,240,276,317,317,346,346,423,423,466,526,581,264,281,281,312,312,312,534,561,661,47,67,67,92,117,117,117,13,72,72],"floor_reached":56,"playtime":9076,"items_purged":["Doubt"],"score":2158,"play_id":"b2aeb838-3343-4b6d-8b8d-68a82036003a","local_time":"20190628194857","is_ascension_mode":true,"campfire_choices":[{"data":"HandOfGreed","floor":7.0,"key":"SMITH"},{"floor":11.0,"key":"DIG"},{"data":"1","floor":15.0,"key":"LIFT"},{"floor":23.0,"key":"REST"},{"floor":25.0,"key":"DIG"},{"data":"2","floor":30.0,"key":"LIFT"},{"data":"3","floor":32.0,"key":"LIFT"},{"floor":40.0,"key":"DIG"},{"floor":42.0,"key":"REST"},{"floor":49.0,"key":"RECALL"},{"data":"Battle Trance","floor":53.0,"key":"SMITH"}],"neow_cost":"NONE","seed_source_timestamp":1342976472148381,"circlet_count":0,"master_deck":["AscendersBane","Bash+1","Sword Boomerang","Pommel Strike","Armaments","HandOfGreed+1","Anger","Pommel Strike","Battle Trance+1","Shrug It Off","Body Slam","Limit Break","True Grit","Disarm","Exhume","Seeing Red","Second Wind","Heavy Blade","Blood for Blood","Offering","Inflame","Shrug It Off","Flame Barrier","Warcry","Shockwave","Battle Trance","Headbutt","Headbutt","Armaments","Headbutt","Limit Break","Demon Form","Havoc+1","Armaments+1","Spot Weakness","Second Wind","Disarm","Feel No Pain","Seeing Red+1","Dual Wield+1","Warcry+1","Spot Weakness+1","Finesse+1","Finesse+1","Flex+1","Battle Trance+1","Power Through+1","Impervious+1","Havoc+1","Havoc+1","Disarm+1","Havoc+1","Shockwave+1"],"special_seed":0,"relics":["Burning Blood","Shovel","Torii","Ancient Tea Set","Girya","The Courier","Pandora\u0027s Box","Red Mask","Oddly Smooth Stone","PreservedInsect","Bottled Lightning","Omamori","Mango","Mark of Pain","Unceasing Top","ClockworkSouvenir","Toxic Egg 2","Nunchaku","Happy Flower","FossilizedHelix","Kunai"],"potions_floor_usage":[56],"damage_taken":[{"damage":19.0,"enemies":"Small Slimes","floor":1.0,"turns":6.0},{"damage":7.0,"enemies":"Cultist","floor":3.0,"turns":4.0},{"damage":7.0,"enemies":"Jaw Worm","floor":4.0,"turns":3.0},{"damage":6.0,"enemies":"Gremlin Nob","floor":6.0,"turns":3.0},{"damage":23.0,"enemies":"3 Sentries","floor":10.0,"turns":7.0},{"damage":1.0,"enemies":"3 Louse","floor":12.0,"turns":3.0},{"damage":36.0,"enemies":"Lagavulin","floor":13.0,"turns":6.0},{"damage":2.0,"enemies":"Blue Slaver","floor":14.0,"turns":6.0},{"damage":10.0,"enemies":"Hexaghost","floor":16.0,"turns":7.0},{"damage":23.0,"enemies":"Spheric Guardian","floor":18.0,"turns":4.0},{"damage":18.0,"enemies":"Masked Bandits","floor":22.0,"turns":3.0},{"damage":9.0,"enemies":"Book of Stabbing","floor":24.0,"turns":5.0},{"damage":10.0,"enemies":"Slavers","floor":27.0,"turns":5.0},{"damage":5.0,"enemies":"Shell Parasite","floor":28.0,"turns":6.0},{"damage":14.0,"enemies":"3 Cultists","floor":29.0,"turns":5.0},{"damage":3.0,"enemies":"Gremlin Leader","floor":31.0,"turns":4.0},{"damage":20.0,"enemies":"Collector","floor":33.0,"turns":6.0},{"damage":12.0,"enemies":"Orb Walker","floor":35.0,"turns":2.0},{"damage":2.0,"enemies":"3 Shapes","floor":36.0,"turns":7.0},{"damage":16.0,"enemies":"2 Orb Walkers","floor":37.0,"turns":4.0},{"damage":19.0,"enemies":"Jaw Worm Horde","floor":39.0,"turns":3.0},{"damage":32.0,"enemies":"Nemesis","floor":41.0,"turns":3.0},{"damage":7.0,"enemies":"Giant Head","floor":45.0,"turns":4.0},{"damage":0.0,"enemies":"Mind Bloom Boss Battle","floor":46.0,"turns":5.0},{"damage":0.0,"enemies":"Maw","floor":48.0,"turns":5.0},{"damage":38.0,"enemies":"Time Eater","floor":50.0,"turns":8.0},{"damage":6.0,"enemies":"Donu and Deca","floor":51.0,"turns":7.0},{"damage":42.0,"enemies":"Shield and Spear","floor":55.0,"turns":5.0},{"damage":64,"enemies":"The Heart","floor":56,"turns":2}],"seed_played":"-1812678400758029128","potions_obtained":[{"floor":1.0,"key":"Energy Potion"},{"floor":6.0,"key":"Swift Potion"},{"floor":8.0,"key":"Weak Potion"},{"floor":13.0,"key":"Poison Potion"},{"floor":14.0,"key":"EntropicBrew"},{"floor":16.0,"key":"Swift Potion"},{"floor":24.0,"key":"SneckoOil"},{"floor":27.0,"key":"PowerPotion"},{"floor":36.0,"key":"PowerPotion"}],"is_trial":false,"path_per_floor":["M","?","M","M","$","E","R","?","T","E","R","M","E","M","R","B",null,"M","?","?","$","?","R","E","R","T","E","M","M","R","E","R","B",null,"M","M","?","$","M","R","E","R","T","?","E","?","$","M","R","B","B",null,"R","$","E","B"],"character_chosen":"IRONCLAD","items_purchased":["HandOfGreed","Shrug It Off","Flame Barrier","Warcry","Shockwave","Battle Trance","ClockworkSouvenir","Second Wind","Disarm","Strength Potion","Warcry+1","Spot Weakness+1","Finesse+1","Finesse+1","PowerPotion","Flex+1","Battle Trance+1","Power Through+1","Impervious+1","Havoc+1","Disarm+1","Havoc+1"],"campfire_rested":2,"item_purchase_floors":[5,21,21,21,21,21,38,38,38,38,47,47,47,47,47,47,47,47,47,47,54,54],"current_hp_per_floor":[55,55,54,53,53,53,53,53,53,36,36,41,11,15,15,11,59,42,21,21,21,9,33,30,30,30,26,27,19,19,36,36,22,76,70,74,64,64,51,51,25,53,53,53,52,58,58,64,64,32,32,79,79,79,43,0],"gold":72,"neow_bonus":"UPGRADE_CARD","is_prod":false,"is_daily":false,"chose_seed":false,"campfire_upgraded":2,"win_rate":0,"timestamp":1561740537,"path_taken":["M","?","M","M","$","E","R","?","T","E","R","?","E","M","R","BOSS","M","?","?","?","?","R","E","R","T","E","M","?","R","E","R","BOSS","M","M","?","$","M","R","E","R","T","?","E","?","$","?","R","BOSS","BOSS","R","$","E","BOSS"],"build_version":"2019-01-23","purchased_purges":1,"victory":false,"max_hp_per_floor":[75,75,75,75,75,75,75,75,75,75,75,75,75,75,75,75,75,75,80,80,80,80,80,80,80,80,80,80,80,80,94,94,94,94,94,94,94,94,94,94,94,94,94,94,94,94,94,94,94,94,94,94,94,94,94,94],"card_choices":[{"not_picked":["Metallicize","Perfected Strike"],"picked":"Sword Boomerang","floor":1.0},{"not_picked":["Thunderclap","Twin Strike"],"picked":"Pommel Strike","floor":3.0},{"not_picked":["Warcry","Dual Wield"],"picked":"Armaments","floor":4.0},{"not_picked":["Reckless Charge","Wild Strike"],"picked":"Anger","floor":6.0},{"not_picked":["Rampage","Flex"],"picked":"Pommel Strike","floor":10.0},{"not_picked":["Headbutt","Perfected Strike"],"picked":"Battle Trance","floor":12.0},{"not_picked":["Blood for Blood","Dual Wield"],"picked":"Shrug It Off","floor":13.0},{"not_picked":["Sword Boomerang","Searing Blow"],"picked":"Body Slam","floor":14.0},{"not_picked":["Exhume","Feed"],"picked":"Limit Break","floor":16.0},{"not_picked":["Iron Wave","Twin Strike","Sword Boomerang"],"picked":"SKIP","floor":18.0},{"not_picked":["Clash+1","Thunderclap"],"picked":"Headbutt","floor":22.0},{"not_picked":["Clash","Flex"],"picked":"Headbutt","floor":24.0},{"not_picked":["Dark Embrace","Warcry"],"picked":"Armaments","floor":27.0},{"not_picked":["Perfected Strike","Pommel Strike+1"],"picked":"Headbutt","floor":28.0},{"not_picked":["Warcry","Twin Strike"],"picked":"Limit Break","floor":29.0},{"not_picked":["Carnage","Cleave","Bludgeon"],"picked":"SKIP","floor":31.0},{"not_picked":["Bludgeon","Berserk"],"picked":"Demon Form","floor":33.0},{"not_picked":["Headbutt","Armaments"],"picked":"Havoc+1","floor":35.0},{"not_picked":["Flex","Clothesline"],"picked":"Armaments+1","floor":36.0},{"not_picked":["Thunderclap","Shockwave"],"picked":"Spot Weakness","floor":37.0},{"not_picked":["Flex","Anger"],"picked":"Feel No Pain","floor":39.0},{"not_picked":["Rampage","Evolve"],"picked":"Seeing Red+1","floor":41.0},{"not_picked":["Sever Soul","Carnage"],"picked":"Dual Wield+1","floor":45.0},{"not_picked":["Offering+1","Evolve"],"picked":"Havoc+1","floor":48.0},{"not_picked":["True Grit+1","Heavy Blade"],"picked":"Shockwave+1","floor":55.0}],"player_experience":638999,"relics_obtained":[{"floor":6.0,"key":"Shovel"},{"floor":9.0,"key":"Torii"},{"floor":10.0,"key":"Ancient Tea Set"},{"floor":11.0,"key":"Girya"},{"floor":13.0,"key":"The Courier"},{"floor":22.0,"key":"Red Mask"},{"floor":24.0,"key":"Oddly Smooth Stone"},{"floor":25.0,"key":"PreservedInsect"},{"floor":26.0,"key":"Bottled Lightning"},{"floor":27.0,"key":"Omamori"},{"floor":31.0,"key":"Mango"},{"floor":37.0,"key":"Unceasing Top"},{"floor":40.0,"key":"Toxic Egg 2"},{"floor":41.0,"key":"Nunchaku"},{"floor":45.0,"key":"Happy Flower"},{"floor":46.0,"key":"FossilizedHelix"},{"floor":55.0,"key":"Kunai"}],"event_choices":[{"damage_healed":0.0,"max_hp_gain":0.0,"max_hp_loss":0.0,"gold_gain":150.0,"event_name":"Liars Game","player_choice":"AGREE","floor":2.0,"gold_loss":0.0,"damage_taken":0.0,"cards_obtained":["Doubt"]},{"damage_healed":0.0,"max_hp_gain":0.0,"max_hp_loss":0.0,"gold_gain":0.0,"event_name":"The Woman in Blue","player_choice":"Bought 1 Potion","floor":8.0,"gold_loss":0.0,"damage_taken":0.0},{"damage_healed":0.0,"max_hp_gain":5.0,"max_hp_loss":0.0,"gold_gain":0.0,"event_name":"Forgotten Altar","player_choice":"Shed Blood","floor":19.0,"gold_loss":0.0,"damage_taken":26.0},{"damage_healed":0.0,"max_hp_gain":0.0,"max_hp_loss":0.0,"gold_gain":0.0,"event_name":"The Mausoleum","player_choice":"Ignored","floor":20.0,"gold_loss":0.0,"damage_taken":0.0},{"damage_healed":0.0,"max_hp_gain":0.0,"max_hp_loss":0.0,"gold_gain":0.0,"event_name":"Masked Bandits","player_choice":"Fought Bandits","floor":22.0,"gold_loss":0.0,"damage_taken":0.0},{"damage_healed":0.0,"max_hp_gain":0.0,"max_hp_loss":0.0,"gold_gain":0.0,"event_name":"Mysterious Sphere","player_choice":"Fight","floor":37.0,"gold_loss":0.0,"damage_taken":0.0},{"damage_healed":0.0,"max_hp_gain":0.0,"max_hp_loss":0.0,"gold_gain":222.0,"event_name":"Tomb of Lord Red Mask","player_choice":"Wore Mask","floor":44.0,"gold_loss":0.0,"damage_taken":0.0},{"damage_healed":0.0,"max_hp_gain":0.0,"max_hp_loss":0.0,"gold_gain":0.0,"event_name":"MindBloom","player_choice":"Fight","floor":46.0,"gold_loss":0.0,"damage_taken":0.0}],"is_beta":false,"boss_relics":[{"not_picked":["Black Star","White Beast Statue"],"picked":"Pandora\u0027s Box"},{"not_picked":["Eternal Feather","Calling Bell"],"picked":"Mark of Pain"}],"items_purged_floors":[5],"is_endless":false,"potions_floor_spawned":[1,6,13,14,16,24,27,28,31,36,39,45],"killed_by":"The Heart","ascension_level":20}