{"gold_per_floor":[116,135,37,50,14,32,42,42,42,42,42,42,62,76,76,176,176,196,216,97,115,115,115,115,132,159,159,173,102,102,118,118,118],"floor_reached":33,"playtime":965,"items_purged":["Perfected Strike"],"score":241,"play_id":"4e5c4004-044b-43cb-bb9a-3d156067352d","local_time":"20190712191251","is_ascension_mode":false,"campfire_choices":[{"data":"Whirlwind","floor":10,"key":"SMITH"},{"data":"Whirlwind","floor":12,"key":"SMITH"},{"data":"Demon Form","floor":15,"key":"SMITH"},{"data":"True Grit","floor":23,"key":"SMITH"},{"data":"Wild Strike","floor":27,"key":"SMITH"},{"floor":32,"key":"REST"}],"neow_cost":"NONE","seed_source_timestamp":30010270968400,"circlet_count":0,"master_deck":["Bash","Sword Boomerang","Whirlwind+1","Warcry","True Grit+1","Carnage","Impervious","Whirlwind+1","Shockwave","Wild Strike+1","Body Slam","Metallicize","Flame Barrier","Demon Form+1","Evolve","Double Tap","Power Through","Disarm","Havoc","Headbutt+1","Heavy Blade","Metallicize","Clothesline+1"],"relics":["Pandora\u0027s Box"],"potions_floor_usage":[21,21,31,33],"damage_taken":[{"damage":6,"enemies":"Cultist","floor":1,"turns":3},{"damage":4,"enemies":"Jaw Worm","floor":2,"turns":3},{"damage":0,"enemies":"Small Slimes","floor":4,"turns":2},{"damage":4,"enemies":"Blue Slaver","floor":6,"turns":4},{"damage":1,"enemies":"Exordium Thugs","floor":7,"turns":3},{"damage":0,"enemies":"3 Louse","floor":13,"turns":2},{"damage":11,"enemies":"Exordium Wildlife","floor":14,"turns":4},{"damage":25,"enemies":"Hexaghost","floor":16,"turns":8},{"damage":0,"enemies":"3 Byrds","floor":18,"turns":3},{"damage":3,"enemies":"Chosen","floor":19,"turns":6},{"damage":18,"enemies":"Shelled Parasite and Fungi","floor":21,"turns":4},{"damage":28,"enemies":"Cultist and Chosen","floor":25,"turns":6},{"damage":14,"enemies":"Snecko","floor":28,"turns":5},{"damage":18,"enemies":"3 Cultists","floor":31,"turns":5},{"damage":45,"enemies":"Champ","floor":33,"turns":6}],"seed_played":"7154484968803136339","potions_obtained":[{"floor":1,"key":"Fire Potion"},{"floor":7,"key":"Ancient Potion"},{"floor":14,"key":"Block Potion"},{"floor":21,"key":"SpeedPotion"},{"floor":25,"key":"Explosive Potion"},{"floor":28,"key":"SkillPotion"},{"floor":31,"key":"FearPotion"}],"is_trial":false,"path_per_floor":["M","M","$","M","$","M","M","T","T","R","?","R","M","M","R","B",null,"M","M","$","M","?","R","?","M","T","R","M","$","?","M","R","B"],"character_chosen":"IRONCLAD","items_purchased":["Body Slam","Metallicize","Disarm","Havoc","Metallicize"],"campfire_rested":1,"item_purchase_floors":[3,5,20,20,29],"current_hp_per_floor":[74,70,70,70,70,66,65,65,65,65,80,80,80,69,69,44,80,80,77,77,59,59,59,80,52,52,52,38,38,38,20,44,0],"gold":118,"neow_bonus":"BOSS_RELIC","is_prod":false,"is_daily":false,"chose_seed":false,"campfire_upgraded":5,"win_rate":0,"timestamp":1562973171,"path_taken":["M","M","$","M","?","M","M","?","T","R","?","R","M","M","R","BOSS","M","M","$","M","?","R","?","?","T","R","M","$","?","M","R","BOSS"],"build_version":"2019-07-05","purchased_purges":1,"victory":false,"max_hp_per_floor":[80,80,80,80,80,80,80,80,80,80,80,80,80,80,80,80,80,80,80,80,80,80,80,80,80,80,80,80,80,80,80,80,80],"card_choices":[{"not_picked":["Inflame","Thunderclap"],"picked":"Shockwave","floor":1},{"not_picked":["Burning Pact","Perfected Strike"],"picked":"Wild Strike","floor":2},{"not_picked":["Twin Strike","Havoc","Headbutt"],"picked":"SKIP","floor":4},{"not_picked":["Armaments","True Grit"],"picked":"Flame Barrier","floor":6},{"not_picked":["Inflame","Havoc"],"picked":"Demon Form","floor":7},{"not_picked":["Reckless Charge","Clash","Body Slam"],"picked":"SKIP","floor":13},{"not_picked":["Iron Wave","Sword Boomerang"],"picked":"Evolve","floor":14},{"not_picked":["Dark Embrace","Immolate"],"picked":"Double Tap","floor":16},{"not_picked":["Second Wind","Searing Blow+1"],"picked":"Power Through","floor":18},{"not_picked":["Thunderclap+1","Body Slam","Flex"],"picked":"SKIP","floor":19},{"not_picked":["Thunderclap","Twin Strike"],"picked":"Headbutt+1","floor":21},{"not_picked":["Wild Strike","Perfected Strike","Brutality"],"picked":"SKIP","floor":25},{"not_picked":["Rampage","Thunderclap"],"picked":"Heavy Blade","floor":28},{"not_picked":["Sword Boomerang","Twin Strike+1"],"picked":"Clothesline+1","floor":31}],"player_experience":1862587,"relics_obtained":[],"event_choices":[{"damage_healed":26,"gold_gain":0,"player_choice":"Banana","damage_taken":0,"max_hp_gain":0,"max_hp_loss":0,"event_name":"Big Fish","floor":11,"gold_loss":0},{"cards_removed":["True Grit"],"damage_healed":0,"gold_gain":0,"player_choice":"Elegance","damage_taken":0,"max_hp_gain":0,"max_hp_loss":0,"event_name":"Back to Basics","floor":22,"gold_loss":0},{"damage_healed":21,"gold_gain":0,"player_choice":"Full Heal","damage_taken":0,"max_hp_gain":0,"max_hp_loss":0,"event_name":"Wheel of Change","floor":24,"gold_loss":0}],"is_beta":false,"boss_relics":[{"not_picked":["Runic Pyramid","Runic Dome","Mark of Pain"]}],"items_purged_floors":[3],"is_endless":false,"potions_floor_spawned":[1,7,14,19,21,25,28,31],"killed_by":"Champ","ascension_level":0}