{"gold_per_floor":[116,266,30,30,46,73,83,83,83,83,104,135,156,177,177,272,272,296,296,33,33,33,33,53,66,116,116,135,135,176,26,26,26],"floor_reached":33,"playtime":1451,"items_purged":["Doubt","Normality"],"score":575,"play_id":"469ec640-8f91-45d7-9a8a-6d9b8244ef92","local_time":"20190701175016","is_ascension_mode":true,"campfire_choices":[{"floor":10,"key":"REST"},{"data":"Armaments","floor":15,"key":"SMITH"},{"data":"Bite","floor":23,"key":"SMITH"},{"data":"Uppercut","floor":27,"key":"SMITH"},{"data":"Bludgeon","floor":32,"key":"SMITH"}],"neow_cost":"CURSE","seed_source_timestamp":281455970244400,"circlet_count":0,"master_deck":["AscendersBane","Defend_R","Defend_R","Defend_R","Defend_R","Bash","Power Through","Armaments+1","Sword Boomerang","Reaper","Shrug It Off","Immolate","Uppercut+1","Shrug It Off","Exhume","True Grit","Bite+1","Bite","Bite","Bite","Bite","Immolate","Power Through+1","Pommel Strike","Bludgeon+1","Ghostly Armor","Shrug It Off"],"relics":["Burning Blood","Pocketwatch","PreservedInsect","Darkstone Periapt","Golden Idol","Art of War","Mark of Pain","Paper Frog","MutagenicStrength","Happy Flower","Meat on the Bone"],"potions_floor_usage":[11,16,16,18,33,33],"damage_taken":[{"damage":5,"enemies":"Small Slimes","floor":1,"turns":3},{"damage":7,"enemies":"Jaw Worm","floor":5,"turns":5},{"damage":27,"enemies":"3 Sentries","floor":6,"turns":11},{"damage":3,"enemies":"2 Louse","floor":7,"turns":3},{"damage":16,"enemies":"Exordium Wildlife","floor":11,"turns":6},{"damage":20,"enemies":"Lagavulin","floor":12,"turns":7},{"damage":11,"enemies":"Blue Slaver","floor":13,"turns":7},{"damage":11,"enemies":"Looter","floor":14,"turns":4},{"damage":24,"enemies":"The Guardian","floor":16,"turns":16},{"damage":20,"enemies":"3 Byrds","floor":18,"turns":5},{"damage":43,"enemies":"Shell Parasite","floor":24,"turns":6},{"damage":24,"enemies":"Chosen and Byrds","floor":25,"turns":5},{"damage":5,"enemies":"Centurion and Healer","floor":28,"turns":12},{"damage":15,"enemies":"Gremlin Leader","floor":30,"turns":5},{"damage":123,"enemies":"Champ","floor":33,"turns":13}],"seed_played":"-2553024918871392320","potions_obtained":[{"floor":6,"key":"Weak Potion"},{"floor":12,"key":"PowerPotion"},{"floor":13,"key":"Fire Potion"},{"floor":16,"key":"SteroidPotion"},{"floor":24,"key":"BloodPotion"},{"floor":25,"key":"EssenceOfSteel"}],"is_trial":false,"path_per_floor":["M","?","$","?","M","E","M","?","T","R","M","E","M","M","R","B",null,"M","?","$","?","?","R","M","M","T","R","M","?","E","$","R","B"],"character_chosen":"IRONCLAD","items_purchased":["PreservedInsect","Paper Frog","Shrug It Off"],"campfire_rested":1,"item_purchase_floors":[3,20,31],"current_hp_per_floor":[69,69,69,74,73,52,55,27,27,51,50,38,41,44,44,35,69,61,61,61,61,61,61,49,45,45,45,80,80,76,76,76,0],"gold":26,"neow_bonus":"ONE_RARE_RELIC","is_prod":false,"is_daily":false,"chose_seed":false,"campfire_upgraded":4,"win_rate":0,"timestamp":1562017816,"path_taken":["M","?","$","?","M","E","M","?","T","R","M","E","?","M","R","BOSS","M","?","$","?","?","R","?","M","T","R","M","?","E","$","R","BOSS"],"build_version":"2019-01-23","purchased_purges":2,"victory":false,"max_hp_per_floor":[75,75,75,80,80,80,80,80,80,80,80,80,80,80,80,80,80,80,80,80,80,80,80,80,80,80,80,80,80,80,80,80,80],"card_choices":[{"not_picked":["True Grit","Iron Wave"],"picked":"Power Through","floor":1},{"not_picked":["Battle Trance","Reckless Charge"],"picked":"Armaments","floor":5},{"not_picked":["Pommel Strike","Battle Trance"],"picked":"Sword Boomerang","floor":6},{"not_picked":["Iron Wave","Sword Boomerang"],"picked":"Reaper","floor":7},{"not_picked":["Intimidate","Sentinel"],"picked":"Shrug It Off","floor":11},{"not_picked":["Anger","Pummel"],"picked":"Immolate","floor":12},{"not_picked":["Clash","Inflame"],"picked":"Uppercut","floor":13},{"not_picked":["Headbutt","Wild Strike"],"picked":"Shrug It Off","floor":14},{"not_picked":["Double Tap","Immolate"],"picked":"Exhume","floor":16},{"not_picked":["Rupture+1","Infernal Blade"],"picked":"True Grit","floor":18},{"not_picked":["Body Slam","Pommel Strike+1"],"picked":"Power Through+1","floor":24},{"not_picked":["Body Slam","Perfected Strike","Iron Wave"],"picked":"SKIP","floor":25},{"not_picked":["Body Slam","Sentinel"],"picked":"Pommel Strike","floor":28},{"not_picked":["Berserk","Fire Breathing"],"picked":"Ghostly Armor","floor":30}],"player_experience":1627823,"relics_obtained":[{"floor":6,"key":"Darkstone Periapt"},{"floor":9,"key":"Blood Vial"},{"floor":12,"key":"Art of War"},{"floor":26,"key":"Happy Flower"},{"floor":30,"key":"Meat on the Bone"}],"event_choices":[{"damage_healed":0,"gold_gain":150,"player_choice":"AGREE","damage_taken":0,"max_hp_gain":0,"max_hp_loss":0,"event_name":"Liars Game","floor":2,"gold_loss":0,"cards_obtained":["Doubt"]},{"damage_healed":0,"gold_gain":0,"player_choice":"Donut","damage_taken":0,"max_hp_gain":5,"max_hp_loss":0,"event_name":"Big Fish","floor":4,"gold_loss":0},{"damage_healed":0,"gold_gain":0,"player_choice":"Take Damage","damage_taken":28,"relics_obtained":["Golden Idol"],"max_hp_gain":0,"max_hp_loss":0,"event_name":"Golden Idol","floor":8,"gold_loss":0},{"damage_healed":0,"gold_gain":0,"player_choice":"Became a vampire (Vial)","damage_taken":0,"max_hp_gain":0,"max_hp_loss":0,"event_name":"Vampires","floor":19,"relics_lost":["Blood Vial"],"gold_loss":0,"cards_obtained":["Bite","Bite","Bite","Bite","Bite"]},{"damage_healed":0,"gold_gain":0,"player_choice":"Inject Mutagens","damage_taken":0,"relics_obtained":["MutagenicStrength"],"max_hp_gain":0,"max_hp_loss":0,"event_name":"Drug Dealer","floor":21,"gold_loss":0},{"damage_healed":0,"gold_gain":0,"player_choice":"1 cards matched","damage_taken":0,"max_hp_gain":0,"max_hp_loss":0,"event_name":"Match and Keep!","floor":22,"gold_loss":0,"cards_obtained":["Immolate"]},{"damage_healed":0,"gold_gain":0,"player_choice":"Read","damage_taken":0,"max_hp_gain":0,"max_hp_loss":0,"event_name":"The Library","floor":29,"gold_loss":0,"cards_obtained":["Bludgeon"]}],"is_beta":false,"boss_relics":[{"not_picked":["Orrery","Fusion Hammer"],"picked":"Mark of Pain"}],"items_purged_floors":[3,31],"is_endless":false,"potions_floor_spawned":[6,12,13,14,16,24,25,28],"killed_by":"Champ","ascension_level":20}