{"gold_per_floor":[111,186,196,216,233,233,260,280,280,297,315,315,329,329,329,428,428,440,460,473,473,102,102,130,144,144,158,158],"floor_reached":28,"playtime":3095,"items_purged":[],"score":248,"play_id":"fecbe5aa-0325-4cf4-9473-9722d54e94ca","local_time":"20190714202932","is_ascension_mode":false,"campfire_choices":[{"data":"Inflame","floor":6,"key":"SMITH"},{"floor":15,"key":"REST"},{"floor":23,"key":"REST"}],"neow_cost":"NONE","seed_source_timestamp":0,"circlet_count":0,"master_deck":["Strike_R+1","Strike_R+1","Strike_R+1","Strike_R+1","Defend_R+1","Defend_R+1","Defend_R+1","Defend_R+1","Bash+1","Inflame+1","Cleave","Headbutt","Battle Trance","Clothesline","Battle Trance","Ghostly Armor","Heavy Blade","Iron Wave","Offering","Anger","Entrench","Flex","Feed","Inflame+1","Carnage","Entrench+1","Iron Wave+1"],"special_seed":0,"relics":["Burning Blood","Calipers","Paper Frog","Mark of Pain","DollysMirror","Bottled Lightning","Centennial Puzzle"],"potions_floor_usage":[8,14,16,16,20,27],"damage_taken":[{"damage":0.0,"enemies":"Small Slimes","floor":1.0,"turns":3.0},{"damage":1.0,"enemies":"Cultist","floor":3.0,"turns":3.0},{"damage":11,"enemies":"Jaw Worm","floor":4,"turns":2},{"damage":10,"enemies":"Looter","floor":5,"turns":3},{"damage":31,"enemies":"Lagavulin","floor":7,"turns":5},{"damage":15,"enemies":"Blue Slaver","floor":8,"turns":4},{"damage":6,"enemies":"2 Fungi Beasts","floor":10,"turns":4},{"damage":16,"enemies":"Large Slime","floor":11,"turns":4},{"damage":2,"enemies":"Blue Slaver","floor":13,"turns":5},{"damage":0,"enemies":"2 Fungi Beasts","floor":14,"turns":1},{"damage":53,"enemies":"The Guardian","floor":16,"turns":9},{"damage":10,"enemies":"Shell Parasite","floor":18,"turns":5},{"damage":5,"enemies":"Chosen","floor":19,"turns":4},{"damage":26,"enemies":"Sentry and Sphere","floor":20,"turns":5},{"damage":39,"enemies":"Slavers","floor":24,"turns":5},{"damage":27,"enemies":"Shelled Parasite and Fungi","floor":25,"turns":4},{"damage":15,"enemies":"Snake Plant","floor":27,"turns":4},{"damage":23,"enemies":"Cultist and Chosen","floor":28,"turns":4}],"seed_played":"-3747625111393771009","potions_obtained":[{"floor":1.0,"key":"Regen Potion"},{"floor":3.0,"key":"SmokeBomb"},{"floor":7,"key":"Swift Potion"},{"floor":10,"key":"SneckoOil"},{"floor":18,"key":"Swift Potion"},{"floor":20,"key":"FearPotion"}],"is_trial":false,"path_per_floor":["M","?","M","M","M","R","E","M","T","M","M","?","M","M","R","B",null,"M","M","M","?","$","R","E","M","T","M","M"],"character_chosen":"IRONCLAD","items_purchased":["Feed","DollysMirror"],"campfire_rested":2,"item_purchase_floors":[22,22],"current_hp_per_floor":[80,69,74,69,65,65,40,43,43,43,33,33,37,43,67,20,80,76,77,57,57,57,80,50,32,32,23,0],"gold":158,"neow_bonus":"UPGRADE_CARD","is_prod":false,"is_daily":false,"chose_seed":false,"campfire_upgraded":1,"win_rate":0.0,"timestamp":1563132572,"path_taken":["M","?","M","M","M","R","E","M","T","M","M","?","M","?","R","BOSS","M","M","M","?","$","R","E","M","T","M","M"],"build_version":"2019-07-05","purchased_purges":0,"victory":false,"max_hp_per_floor":[80,80,80,80,80,80,80,80,80,80,80,80,80,80,80,80,80,80,80,80,80,80,80,83,86,86,86,86],"card_choices":[{"not_picked":["Pommel Strike","Searing Blow"],"picked":"Inflame","floor":1.0},{"not_picked":["Armaments","Blood for Blood"],"picked":"Cleave","floor":3.0},{"not_picked":["Body Slam","Combust"],"picked":"Headbutt","floor":4},{"not_picked":["Thunderclap","Shrug It Off"],"picked":"Battle Trance","floor":5},{"not_picked":["Rupture","Blood for Blood"],"picked":"Clothesline","floor":7},{"not_picked":["Heavy Blade","Bloodletting"],"picked":"Battle Trance","floor":8},{"not_picked":["Feel No Pain","Sword Boomerang"],"picked":"Ghostly Armor","floor":10},{"not_picked":["Cleave","Fire Breathing"],"picked":"Heavy Blade","floor":11},{"not_picked":["Blood for Blood","Sword Boomerang"],"picked":"Iron Wave","floor":13},{"not_picked":["Barricade","Reaper"],"picked":"Offering","floor":16},{"not_picked":["Body Slam","Feel No Pain+1"],"picked":"Anger","floor":18},{"not_picked":["Dual Wield","Uppercut"],"picked":"Entrench","floor":19},{"not_picked":["Iron Wave","Twin Strike"],"picked":"Flex","floor":20},{"not_picked":["Armaments","Intimidate"],"picked":"Carnage","floor":24},{"not_picked":["Feel No Pain","Bludgeon"],"picked":"Entrench+1","floor":25},{"not_picked":["Thunderclap","Anger"],"picked":"Iron Wave+1","floor":27}],"player_experience":314814,"relics_obtained":[{"floor":7,"key":"Calipers"},{"floor":9,"key":"Paper Frog"},{"floor":24,"key":"Bottled Lightning"},{"floor":26,"key":"Centennial Puzzle"}],"event_choices":[{"damage_healed":0.0,"max_hp_gain":0.0,"max_hp_loss":0.0,"gold_gain":75.0,"event_name":"World of Goop","player_choice":"Gather Gold","floor":2.0,"gold_loss":0.0,"damage_taken":11.0},{"cards_removed":["Strike_R"],"damage_healed":0,"gold_gain":0,"player_choice":"Purged","damage_taken":0,"max_hp_gain":0,"max_hp_loss":0,"event_name":"Purifier","floor":12,"gold_loss":0},{"damage_healed":0,"gold_gain":0,"player_choice":"Simplicity","damage_taken":0,"max_hp_gain":0,"max_hp_loss":0,"event_name":"Back to Basics","floor":21,"gold_loss":0,"cards_upgraded":["Strike_R","Strike_R","Strike_R","Strike_R","Defend_R","Defend_R","Defend_R","Defend_R"]}],"is_beta":false,"boss_relics":[{"not_picked":["Runic Pyramid","Orrery"],"picked":"Mark of Pain"}],"items_purged_floors":[],"is_endless":false,"potions_floor_spawned":[1,3,7,10,13,18,20],"killed_by":"Cultist and Chosen","ascension_level":0}