{"gold_per_floor":[110,66,132,34,47,73,73,173,173,173,207,217,246,256,256,256],"floor_reached":16,"playtime":766,"items_purged":[],"score":236,"play_id":"14ba5bdc-ae69-49de-9610-8ee7ef60b185","local_time":"20190701123812","is_ascension_mode":true,"campfire_choices":[{"data":"Uppercut","floor":10,"key":"SMITH"},{"data":"Inflame","floor":15,"key":"SMITH"}],"neow_cost":"NONE","seed_source_timestamp":263416957434900,"circlet_count":0,"master_deck":["AscendersBane","Strike_R","Strike_R","Strike_R","Strike_R","Strike_R","Defend_R","Defend_R","Defend_R","Defend_R","Bash","Pommel Strike","Uppercut+1","Dark Shackles","Spot Weakness","Power Through+1","Havoc+1","Shrug It Off+1","Exhume+1","Inflame+1"],"relics":["Lizard Tail","Happy Flower","Ice Cream","Toxic Egg 2","Vajra"],"potions_floor_usage":[6,11,13,16],"damage_taken":[{"damage":6,"enemies":"Small Slimes","floor":1,"turns":4},{"damage":2,"enemies":"2 Louse","floor":5,"turns":4},{"damage":23,"enemies":"Lagavulin","floor":6,"turns":5},{"damage":6,"enemies":"3 Sentries","floor":11,"turns":7},{"damage":0,"enemies":"Cultist","floor":12,"turns":2},{"damage":59,"enemies":"Gremlin Nob","floor":13,"turns":5},{"damage":9,"enemies":"Red Slaver","floor":14,"turns":2},{"damage":36,"enemies":"Slime Boss","floor":16,"turns":7}],"seed_played":"-4924600455037064141","potions_obtained":[{"floor":5,"key":"Strength Potion"},{"floor":6,"key":"AttackPotion"},{"floor":12,"key":"Strength Potion"},{"floor":14,"key":"Strength Potion"}],"is_trial":false,"path_per_floor":["M","$","?","$","M","E","?","?","T","R","E","M","E","M","R","B"],"character_chosen":"IRONCLAD","items_purchased":["Uppercut","Dark Shackles"],"campfire_rested":0,"item_purchase_floors":[2,4],"current_hp_per_floor":[62,62,62,62,60,37,37,37,37,37,31,31,37,28,28,0],"gold":256,"neow_bonus":"BOSS_RELIC","is_prod":false,"is_daily":false,"chose_seed":false,"campfire_upgraded":2,"win_rate":0,"timestamp":1561999092,"path_taken":["M","$","?","$","M","E","?","?","T","R","E","M","E","M","R","BOSS"],"build_version":"2019-01-23","purchased_purges":0,"victory":false,"max_hp_per_floor":[75,75,75,75,75,75,75,75,75,75,75,75,75,75,75,75],"card_choices":[{"not_picked":["Body Slam","True Grit"],"picked":"Pommel Strike","floor":1},{"not_picked":["Carnage","Whirlwind"],"picked":"Spot Weakness","floor":5},{"not_picked":["Berserk","Body Slam"],"picked":"Power Through","floor":6},{"not_picked":["Warcry","Hemokinesis"],"picked":"Havoc","floor":11},{"not_picked":["Combust","Dual Wield+1"],"picked":"Shrug It Off+1","floor":12},{"not_picked":["Warcry+1","Armaments+1"],"picked":"Exhume+1","floor":13},{"not_picked":["Headbutt","Pummel"],"picked":"Inflame","floor":14}],"player_experience":1613525,"relics_obtained":[{"floor":6,"key":"Happy Flower"},{"floor":9,"key":"Ice Cream"},{"floor":11,"key":"Toxic Egg 2"},{"floor":13,"key":"Vajra"}],"event_choices":[{"damage_healed":0,"gold_gain":66,"player_choice":"Gained Gold","damage_taken":0,"max_hp_gain":0,"max_hp_loss":0,"event_name":"Golden Wing","floor":3,"gold_loss":0},{"damage_healed":0,"gold_gain":0,"player_choice":"Grow","damage_taken":0,"max_hp_gain":0,"max_hp_loss":0,"event_name":"Living Wall","floor":7,"gold_loss":0,"cards_upgraded":["Power Through"]},{"damage_healed":0,"gold_gain":100,"player_choice":"Gold","damage_taken":0,"max_hp_gain":0,"max_hp_loss":0,"event_name":"Wheel of Change","floor":8,"gold_loss":0}],"is_beta":false,"boss_relics":[],"items_purged_floors":[],"is_endless":false,"potions_floor_spawned":[5,6,12,14],"killed_by":"Slime Boss","ascension_level":20}