{"gold_per_floor":[112,128,27,38,55,55,75,87,87,119,84,102,102,117,117,195,195,205,216,244,244,254,254],"floor_reached":23,"playtime":1218,"items_purged":["Doubt"],"score":419,"play_id":"7c31b4bd-f278-4a58-af72-b53881de45ad","local_time":"20190702142500","is_ascension_mode":true,"campfire_choices":[{"data":"Feed","floor":6,"key":"SMITH"},{"data":"Rampage","floor":13,"key":"SMITH"},{"data":"Shockwave","floor":15,"key":"SMITH"}],"neow_cost":"CURSE","seed_source_timestamp":355771683607000,"circlet_count":0,"master_deck":["AscendersBane","Defend_R","Defend_R","Defend_R","Defend_R","Bash","Feed+1","Rampage+1","Iron Wave","Flex","Headbutt","Sever Soul","Shrug It Off","Dual Wield","Shockwave+1","Double Tap","Brutality","Whirlwind","Iron Wave+1","Bite","Bite","Bite","Bite","Bite","Blood for Blood"],"relics":["Burning Blood","Kunai","Lantern","Mark of Pain","Red Mask"],"potions_floor_usage":[7,10,14,19,22,23],"damage_taken":[{"damage":16,"enemies":"Small Slimes","floor":1,"turns":5},{"damage":4,"enemies":"2 Louse","floor":2,"turns":3},{"damage":7,"enemies":"Jaw Worm","floor":4,"turns":2},{"damage":1,"enemies":"2 Fungi Beasts","floor":5,"turns":4},{"damage":19,"enemies":"Blue Slaver","floor":7,"turns":6},{"damage":6,"enemies":"Lots of Slimes","floor":8,"turns":4},{"damage":32,"enemies":"Gremlin Nob","floor":10,"turns":4},{"damage":12,"enemies":"Looter","floor":12,"turns":4},{"damage":11,"enemies":"Exordium Thugs","floor":14,"turns":3},{"damage":81,"enemies":"Hexaghost","floor":16,"turns":10},{"damage":6,"enemies":"3 Byrds","floor":18,"turns":5},{"damage":4,"enemies":"Spheric Guardian","floor":19,"turns":3},{"damage":45,"enemies":"Masked Bandits","floor":20,"turns":6},{"damage":41,"enemies":"Snake Plant","floor":22,"turns":5},{"damage":40,"enemies":"Gremlin Leader","floor":23,"turns":6}],"seed_played":"-183269886452922175","potions_obtained":[{"floor":1,"key":"Swift Potion"},{"floor":7,"key":"Regen Potion"},{"floor":10,"key":"Weak Potion"},{"floor":12,"key":"FairyPotion"},{"floor":18,"key":"Strength Potion"},{"floor":19,"key":"FearPotion"},{"floor":22,"key":"EssenceOfSteel"}],"is_trial":false,"path_per_floor":["M","M","$","M","M","R","M","M","T","E","?","M","R","M","R","B",null,"M","M","?","?","M","E"],"character_chosen":"IRONCLAD","items_purchased":["Flex"],"campfire_rested":0,"item_purchase_floors":[3],"current_hp_per_floor":[61,66,66,68,76,76,67,71,71,57,80,74,74,73,73,9,77,81,83,44,44,19,0],"gold":254,"neow_bonus":"THREE_RARE_CARDS","is_prod":false,"is_daily":false,"chose_seed":false,"campfire_upgraded":3,"win_rate":0,"timestamp":1562091900,"path_taken":["M","M","$","M","M","R","M","M","T","E","?","M","R","M","R","BOSS","M","M","?","?","M","E"],"build_version":"2019-07-01","purchased_purges":1,"victory":false,"max_hp_per_floor":[78,81,81,84,87,87,91,95,95,95,95,95,95,99,99,99,99,103,103,103,72,72,72],"card_choices":[{"not_picked":["Bludgeon","Immolate"],"picked":"Feed","floor":0},{"not_picked":["Twin Strike","Heavy Blade"],"picked":"Rampage","floor":1},{"not_picked":["Heavy Blade","Evolve"],"picked":"Iron Wave","floor":2},{"not_picked":["Heavy Blade","Infernal Blade","Dropkick"],"picked":"SKIP","floor":4},{"not_picked":["Seeing Red","True Grit"],"picked":"Headbutt","floor":5},{"not_picked":["Brutality","Body Slam"],"picked":"Sever Soul","floor":7},{"not_picked":["Perfected Strike","Flex"],"picked":"Shrug It Off","floor":8},{"not_picked":["Havoc","Twin Strike"],"picked":"Dual Wield","floor":10},{"not_picked":["Flex","Cleave"],"picked":"Shockwave","floor":12},{"not_picked":["Thunderclap","True Grit"],"picked":"Double Tap","floor":14},{"not_picked":["Demon Form","Impervious"],"picked":"Brutality","floor":16},{"not_picked":["Shrug It Off","Inflame"],"picked":"Whirlwind","floor":18},{"not_picked":["Power Through","Warcry"],"picked":"Iron Wave+1","floor":19},{"not_picked":["Clash","Searing Blow"],"picked":"Blood for Blood","floor":22}],"player_experience":1659030,"relics_obtained":[{"floor":9,"key":"Kunai"},{"floor":10,"key":"Lantern"},{"floor":20,"key":"Red Mask"}],"event_choices":[{"damage_healed":23,"gold_gain":0,"player_choice":"Healed","damage_taken":0,"max_hp_gain":0,"max_hp_loss":0,"event_name":"The Cleric","floor":11,"gold_loss":35},{"damage_healed":0,"gold_gain":0,"player_choice":"Fought Bandits","damage_taken":0,"max_hp_gain":0,"max_hp_loss":0,"event_name":"Masked Bandits","floor":20,"gold_loss":0},{"damage_healed":0,"gold_gain":0,"player_choice":"Became a vampire","damage_taken":0,"max_hp_gain":0,"max_hp_loss":31,"event_name":"Vampires","floor":21,"gold_loss":0,"cards_obtained":["Bite","Bite","Bite","Bite","Bite"]}],"is_beta":false,"boss_relics":[{"not_picked":["Coffee Dripper","Tiny House"],"picked":"Mark of Pain"}],"items_purged_floors":[3],"is_endless":false,"potions_floor_spawned":[1,7,10,12,18,19,22],"killed_by":"Gremlin Leader","ascension_level":20}