{"gold_per_floor":[110,123,139,157,173,206,223,248,248,259,259,259,274,288,288,393,393,408,408,421,371,387,412,424,424,451,451,484,496,507,26,26,131,131,147,0,25,70,3,34,34,49,102,115,115,133,15,44,44,44],"floor_reached":51,"playtime":8800,"items_purged":["Parasite"],"score":938,"play_id":"d54322d7-e658-4156-bee1-47552091835e","local_time":"20190611165303","is_ascension_mode":false,"campfire_choices":[{"data":"Defragment","floor":15,"key":"SMITH"},{"floor":25,"key":"REST"},{"data":"Echo Form","floor":27,"key":"SMITH"},{"data":"Defragment","floor":32,"key":"SMITH"},{"data":"Buffer","floor":41,"key":"SMITH"},{"data":"Loop","floor":49,"key":"SMITH"}],"neow_cost":"NONE","seed_source_timestamp":248501529183386,"circlet_count":0,"master_deck":["Strike_B+1","Strike_B","Strike_B","Defend_B","Defend_B","Defend_B","Defend_B","Zap","Dualcast","Electrodynamics","Consume","Go for the Eyes+1","Rebound","Echo Form+1","Sunder","Ball Lightning","Defragment+1","Cold Snap","Double Energy","Glacier","Double Energy","Echo Form","Self Repair","Force Field+1","Cold Snap+1","Force Field+1","BootSequence+1","Buffer","Defragment+1","Chill+1","Self Repair","Multi-Cast+1","Buffer+1","Conserve Battery+1","Defragment","Loop+1","Skim+1","Beam Cell","Machine Learning","Coolheaded+1","Loop","Trip+1","Loop+1"],"relics":["Cracked Core","Torii","Dodecahedron","Unceasing Top","Question Card","Sozu","Toxic Egg 2","Bronze Scales","Ginger","Chemical X","Nuclear Battery","Red Mask","Whetstone","Thread and Needle","StoneCalendar","Centennial Puzzle","Regal Pillow"],"potions_floor_usage":[5,10,14,22],"damage_taken":[{"damage":1,"enemies":"Cultist","floor":1,"turns":3},{"damage":1,"enemies":"2 Louse","floor":2,"turns":3},{"damage":0,"enemies":"Small Slimes","floor":3,"turns":3},{"damage":7,"enemies":"Looter","floor":4,"turns":3},{"damage":6,"enemies":"Large Slime","floor":5,"turns":5},{"damage":21,"enemies":"3 Sentries","floor":6,"turns":5},{"damage":2,"enemies":"Gremlin Gang","floor":7,"turns":4},{"damage":11,"enemies":"Gremlin Nob","floor":8,"turns":4},{"damage":0,"enemies":"Exordium Thugs","floor":10,"turns":3},{"damage":10,"enemies":"Looter","floor":13,"turns":2},{"damage":7,"enemies":"Blue Slaver","floor":14,"turns":3},{"damage":0,"enemies":"Slime Boss","floor":16,"turns":8},{"damage":1,"enemies":"Spheric Guardian","floor":18,"turns":3},{"damage":1,"enemies":"3 Byrds","floor":20,"turns":3},{"damage":23,"enemies":"Centurion and Healer","floor":22,"turns":7},{"damage":20,"enemies":"Gremlin Leader","floor":23,"turns":6},{"damage":14,"enemies":"Snake Plant","floor":24,"turns":6},{"damage":26,"enemies":"Slavers","floor":28,"turns":4},{"damage":11,"enemies":"Sentry and Sphere","floor":29,"turns":5},{"damage":0,"enemies":"Cultist and Chosen","floor":30,"turns":5},{"damage":0,"enemies":"Champ","floor":33,"turns":8},{"damage":0,"enemies":"3 Darklings","floor":35,"turns":6},{"damage":0,"enemies":"2 Orb Walkers","floor":38,"turns":6},{"damage":0,"enemies":"Giant Head","floor":40,"turns":11},{"damage":0,"enemies":"3 Shapes","floor":42,"turns":3},{"damage":0,"enemies":"Maw","floor":44,"turns":6},{"damage":0,"enemies":"Transient","floor":46,"turns":5},{"damage":0,"enemies":"Nemesis","floor":48,"turns":7},{"damage":12,"enemies":"Donu and Deca","floor":50,"turns":7}],"seed_played":"-3170983769894576521","potions_obtained":[{"floor":3,"key":"Swift Potion"},{"floor":8,"key":"Block Potion"},{"floor":10,"key":"Ancient Potion"},{"floor":13,"key":"SkillPotion"},{"floor":16,"key":"SkillPotion"}],"is_trial":false,"path_per_floor":["M","M","M","M","M","E","M","E","T","M","?","?","M","M","R","B",null,"M","?","M","?","M","E","M","R","T","R","E","M","M","$","R","B",null,"M","?","T","?","$","E","R","M","T","M","?","M","$","E","R","B",null],"character_chosen":"DEFECT","items_purchased":["Self Repair","Multi-Cast+1","Chemical X","Defragment","Loop","Trip+1"],"campfire_rested":1,"item_purchase_floors":[31,31,31,39,47,47],"current_hp_per_floor":[74,73,73,66,60,39,37,26,26,26,44,44,34,27,27,27,75,74,60,59,59,43,37,30,54,54,54,35,38,45,45,45,59,77,77,77,77,77,77,77,77,77,77,77,77,77,77,77,77,77],"gold":44,"neow_bonus":"TRANSFORM_CARD","is_prod":false,"is_daily":false,"chose_seed":false,"campfire_upgraded":5,"win_rate":0.0,"timestamp":1560261183,"path_taken":["M","M","?","M","M","E","M","E","T","M","?","?","M","?","R","BOSS","M","?","M","?","M","E","?","R","T","R","E","M","M","$","R","BOSS","M","?","?","?","?","E","R","M","T","?","?","?","?","E","R","BOSS"],"build_version":"2019-01-23","purchased_purges":1,"victory":true,"max_hp_per_floor":[75,75,75,75,75,75,75,75,75,75,75,75,75,75,75,75,75,75,80,80,80,80,80,80,80,80,80,80,80,80,77,77,77,77,77,77,77,77,77,77,77,77,77,77,77,77,77,77,77,77],"card_choices":[{"not_picked":["Gash","Ball Lightning"],"picked":"Consume","floor":1},{"not_picked":["Rebound","Rip and Tear"],"picked":"Go for the Eyes","floor":2},{"not_picked":["Heatsinks","Turbo"],"picked":"Rebound","floor":3},{"not_picked":["Go for the Eyes","Chill"],"picked":"Echo Form","floor":4},{"not_picked":["Melter","Heatsinks"],"picked":"Sunder","floor":5},{"not_picked":["Blizzard","Aggregate"],"picked":"Ball Lightning","floor":6},{"not_picked":["Melter","Sweeping Beam"],"picked":"Defragment","floor":7},{"not_picked":["Static Discharge","Barrage"],"picked":"Cold Snap","floor":8},{"not_picked":["Rebound","Go for the Eyes"],"picked":"Double Energy","floor":10},{"not_picked":["Reinforced Body","Go for the Eyes","Stack"],"picked":"Glacier","floor":13},{"not_picked":["Rebound","Go for the Eyes","FTL"],"picked":"Double Energy","floor":14},{"not_picked":["All For One","Multi-Cast","Machine Learning"],"picked":"Echo Form","floor":16},{"not_picked":["Leap","Turbo","Gash+1"],"picked":"Self Repair","floor":18},{"not_picked":["Redo","Streamline","Cold Snap"],"picked":"Force Field+1","floor":20},{"not_picked":["Ball Lightning+1","Streamline","Hologram"],"picked":"Cold Snap+1","floor":22},{"not_picked":["Consume","Leap","Ball Lightning"],"picked":"Force Field+1","floor":23},{"not_picked":["Melter","Beam Cell","Redo+1"],"picked":"BootSequence+1","floor":24},{"not_picked":["Streamline","Double Energy+1","Redo+1"],"picked":"Buffer","floor":28},{"not_picked":["Conserve Battery+1","Stack+1","Redo+1"],"picked":"Defragment","floor":29},{"not_picked":["Hologram+1","Compile Driver","Beam Cell+1"],"picked":"Chill+1","floor":30},{"not_picked":["Fission+1","All For One","Thunder Strike"],"picked":"Buffer","floor":33},{"not_picked":["Compile Driver","Barrage","Sweeping Beam+1","Streamline+1"],"picked":"SKIP","floor":35},{"not_picked":["Go for the Eyes+1","Gash+1","Turbo+1"],"picked":"Conserve Battery+1","floor":38},{"not_picked":["White Noise+1","Seek+1","Redo+1"],"picked":"Loop+1","floor":40},{"not_picked":["Cold Snap","Sweeping Beam+1","BootSequence+1"],"picked":"Skim+1","floor":42},{"not_picked":["Ball Lightning+1","Doom and Gloom","Sweeping Beam+1"],"picked":"Beam Cell","floor":44},{"not_picked":["Compile Driver+1","Ball Lightning+1","Steam+1"],"picked":"Coolheaded+1","floor":46},{"not_picked":["Sweeping Beam+1","Redo+1","Barrage"],"picked":"Loop","floor":48}],"player_experience":71045,"relics_obtained":[{"floor":6,"key":"Torii"},{"floor":8,"key":"Dodecahedron"},{"floor":9,"key":"Unceasing Top"},{"floor":12,"key":"Question Card"},{"floor":23,"key":"Toxic Egg 2"},{"floor":26,"key":"Bronze Scales"},{"floor":28,"key":"Ginger"},{"floor":37,"key":"Whetstone"},{"floor":38,"key":"Thread and Needle"},{"floor":40,"key":"StoneCalendar"},{"floor":43,"key":"Centennial Puzzle"},{"floor":48,"key":"Regal Pillow"}],"event_choices":[{"damage_healed":18,"gold_gain":0,"player_choice":"Healed and dodged fight","damage_taken":0,"max_hp_gain":0,"max_hp_loss":0,"event_name":"Mushrooms","floor":11,"gold_loss":0,"cards_obtained":["Parasite"]},{"damage_healed":0,"gold_gain":0,"player_choice":"Relic","damage_taken":0,"max_hp_gain":0,"max_hp_loss":0,"event_name":"Wheel of Change","floor":12,"gold_loss":0},{"damage_healed":0,"gold_gain":0,"player_choice":"Shed Blood","damage_taken":19,"max_hp_gain":5,"max_hp_loss":0,"event_name":"Forgotten Altar","floor":19,"gold_loss":0},{"damage_healed":0,"gold_gain":0,"player_choice":"Bet on Murderer","damage_taken":0,"max_hp_gain":0,"max_hp_loss":0,"event_name":"The Joust","floor":21,"gold_loss":50},{"damage_healed":0,"gold_gain":0,"player_choice":"Paid","damage_taken":0,"relics_obtained":["Red Mask"],"max_hp_gain":0,"max_hp_loss":0,"event_name":"Tomb of Lord Red Mask","floor":36,"gold_loss":147},{"damage_healed":0,"gold_gain":0,"player_choice":"Fight","damage_taken":0,"max_hp_gain":0,"max_hp_loss":0,"event_name":"Mysterious Sphere","floor":38,"gold_loss":0},{"damage_healed":0,"gold_gain":0,"player_choice":"1 cards matched","damage_taken":0,"max_hp_gain":0,"max_hp_loss":0,"event_name":"Match and Keep!","floor":45,"gold_loss":0,"cards_obtained":["Machine Learning"]}],"is_beta":false,"boss_relics":[{"not_picked":["Coffee Dripper","Runic Dome"],"picked":"Sozu"},{"not_picked":["Runic Pyramid","Snecko Eye"],"picked":"Nuclear Battery"}],"items_purged_floors":[31],"is_endless":false,"potions_floor_spawned":[3,8,10,13,16,20,28,29,30,38,40,42],"ascension_level":0}