{"gold_per_floor":[15,29,29,29,29,56,56,87,87,101,111,138,138,158,158,260,260,271,283,283,296,296,296],"floor_reached":23,"playtime":2014,"items_purged":[],"score":285,"play_id":"622be989-9b8a-4fef-91d0-c0814656f04f","local_time":"20190620164411","is_ascension_mode":true,"campfire_choices":[{"floor":7,"key":"REST"},{"data":"Streamline","floor":15,"key":"SMITH"}],"neow_cost":"NO_GOLD","seed_source_timestamp":649474109853900,"circlet_count":0,"master_deck":["Defend_B","Defend_B","Defend_B","Zap","Dualcast","Coolheaded","Rebound","Heatsinks","Coolheaded","Ball Lightning","Streamline+1","FTL","Doom and Gloom+1","Parasite","Compile Driver+1","Creative AI","Auto Shields+1","Conserve Battery","Ball Lightning+1","Streamline+1"],"relics":["Cracked Core","Torii","Cables","Molten Egg 2","Coffee Dripper"],"potions_floor_usage":[6,11,23,23,23],"damage_taken":[{"damage":0,"enemies":"2 Louse","floor":1,"turns":4},{"damage":0,"enemies":"Cultist","floor":2,"turns":3},{"damage":39,"enemies":"3 Sentries","floor":6,"turns":11},{"damage":24,"enemies":"Lagavulin","floor":8,"turns":14},{"damage":1,"enemies":"Small Slimes","floor":10,"turns":2},{"damage":12,"enemies":"Looter","floor":11,"turns":3},{"damage":12,"enemies":"Gremlin Nob","floor":12,"turns":4},{"damage":1,"enemies":"Red Slaver","floor":14,"turns":4},{"damage":1,"enemies":"Slime Boss","floor":16,"turns":6},{"damage":17,"enemies":"Spheric Guardian","floor":18,"turns":4},{"damage":12,"enemies":"2 Thieves","floor":19,"turns":3},{"damage":20,"enemies":"Snecko","floor":21,"turns":5},{"damage":18,"enemies":"Slavers","floor":23,"turns":1}],"seed_played":"2884485350766047222","potions_obtained":[{"floor":2,"key":"GamblersBrew"},{"floor":8,"key":"Regen Potion"},{"floor":12,"key":"Explosive Potion"},{"floor":14,"key":"Explosive Potion"},{"floor":21,"key":"Weak Potion"}],"is_trial":false,"path_per_floor":["M","M","?","$","?","E","R","E","T","M","M","E","?","M","R","B",null,"M","M","?","M","?","E"],"character_chosen":"DEFECT","items_purchased":[],"campfire_rested":1,"item_purchase_floors":[],"current_hp_per_floor":[68,68,68,68,61,22,44,20,20,19,16,4,22,21,21,20,61,44,32,32,12,12,0],"gold":296,"neow_bonus":"REMOVE_TWO","is_prod":false,"is_daily":false,"chose_seed":false,"campfire_upgraded":1,"win_rate":0,"timestamp":1561038251,"path_taken":["M","M","?","?","?","E","R","E","T","M","M","E","?","M","R","BOSS","M","M","?","?","?","E"],"build_version":"2019-01-23","purchased_purges":0,"victory":false,"max_hp_per_floor":[75,75,75,75,75,75,75,75,75,75,75,75,75,75,75,75,75,75,75,75,75,75,75],"card_choices":[{"not_picked":["Go for the Eyes","Leap"],"picked":"Coolheaded","floor":1},{"not_picked":["Beam Cell","Gash"],"picked":"Rebound","floor":2},{"not_picked":["Force Field","Redo"],"picked":"Coolheaded","floor":6},{"not_picked":["Go for the Eyes","Steam"],"picked":"Ball Lightning","floor":8},{"not_picked":["Leap","Fusion"],"picked":"Streamline","floor":10},{"not_picked":["Multi-Cast","Force Field"],"picked":"FTL","floor":11},{"not_picked":["Gash","Stack"],"picked":"Doom and Gloom","floor":12},{"not_picked":["Auto Shields","Redo"],"picked":"Compile Driver+1","floor":14},{"not_picked":["Meteor Strike+1","Thunder Strike+1"],"picked":"Creative AI","floor":16},{"not_picked":["Barrage+1","Leap"],"picked":"Auto Shields+1","floor":18},{"not_picked":["Aggregate","Go for the Eyes+1"],"picked":"Conserve Battery","floor":19},{"not_picked":["Heatsinks+1","Ball Lightning+1"],"picked":"Streamline+1","floor":21}],"player_experience":343318,"relics_obtained":[{"floor":6,"key":"Torii"},{"floor":9,"key":"Cables"},{"floor":12,"key":"Molten Egg 2"}],"event_choices":[{"damage_healed":0,"gold_gain":0,"cards_transformed":["Strike_B"],"player_choice":"Transformed","damage_taken":0,"max_hp_gain":0,"max_hp_loss":0,"event_name":"Transmorgrifier","floor":3,"gold_loss":0,"cards_obtained":["Heatsinks"]},{"cards_removed":["Strike_B"],"damage_healed":0,"gold_gain":0,"player_choice":"Card Removal","damage_taken":7,"max_hp_gain":0,"max_hp_loss":0,"event_name":"Golden Wing","floor":5,"gold_loss":0},{"damage_healed":18,"gold_gain":0,"player_choice":"Healed and dodged fight","damage_taken":0,"max_hp_gain":0,"max_hp_loss":0,"event_name":"Mushrooms","floor":13,"gold_loss":0,"cards_obtained":["Parasite"]},{"damage_healed":0,"gold_gain":0,"cards_transformed":["Defend_B"],"player_choice":"Transformed","damage_taken":0,"max_hp_gain":0,"max_hp_loss":0,"event_name":"Transmorgrifier","floor":20,"gold_loss":0,"cards_obtained":["Ball Lightning"]},{"damage_healed":0,"gold_gain":0,"player_choice":"Ignored","damage_taken":0,"max_hp_gain":0,"max_hp_loss":0,"event_name":"Vampires","floor":22,"gold_loss":0}],"is_beta":false,"boss_relics":[{"not_picked":["Orrery","Calling Bell"],"picked":"Coffee Dripper"}],"items_purged_floors":[],"is_endless":false,"potions_floor_spawned":[2,8,12,14,21],"killed_by":"Slavers","ascension_level":7}