{"gold_per_floor":[118,131,149,168,97,123,152,184,261,261,261,277,277,291,291,291],"floor_reached":16,"playtime":2166,"items_purged":[],"score":129,"play_id":"e8cf13bb-0b2b-48d9-9071-21397299c269","local_time":"20190614005033","is_ascension_mode":true,"campfire_choices":[{"floor":11.0,"key":"REST"},{"data":"Corruption","floor":13.0,"key":"SMITH"},{"data":"Armaments","floor":15.0,"key":"SMITH"}],"neow_cost":"NONE","seed_source_timestamp":72347998951922,"circlet_count":0,"master_deck":["Strike_R","Strike_R","Strike_R","Strike_R","Strike_R","Defend_R","Defend_R","Defend_R","Defend_R","Bash","Armaments+1","Sentinel","Headbutt","Corruption+1","Shockwave","Ghostly Armor","Sentinel","Pummel"],"special_seed":0,"relics":["Burning Blood","Omamori","Odd Mushroom","StoneCalendar","Matryoshka"],"potions_floor_usage":[],"damage_taken":[{"damage":6.0,"enemies":"Jaw Worm","floor":1.0,"turns":5.0},{"damage":2.0,"enemies":"Small Slimes","floor":2.0,"turns":4.0},{"damage":0.0,"enemies":"2 Louse","floor":3.0,"turns":3.0},{"damage":20.0,"enemies":"Exordium Thugs","floor":4.0,"turns":8.0},{"damage":40.0,"enemies":"3 Sentries","floor":6.0,"turns":11.0},{"damage":29.0,"enemies":"The Mushroom Lair","floor":7.0,"turns":6.0},{"damage":16.0,"enemies":"Gremlin Nob","floor":8.0,"turns":4.0},{"damage":5.0,"enemies":"Exordium Wildlife","floor":12.0,"turns":6.0},{"damage":1.0,"enemies":"Blue Slaver","floor":14.0,"turns":4.0},{"damage":37,"enemies":"The Guardian","floor":16,"turns":10}],"seed_played":"521217957752670181","potions_obtained":[{"floor":3.0,"key":"Poison Potion"},{"floor":4.0,"key":"SmokeBomb"},{"floor":7.0,"key":"GamblersBrew"}],"is_trial":false,"path_per_floor":["M","M","M","M","$","E","?","E","T","?","R","M","R","M","R","B"],"character_chosen":"IRONCLAD","items_purchased":["Corruption"],"campfire_rested":1,"item_purchase_floors":[5],"current_hp_per_floor":[88,88,88,74,74,40,17,7,7,4,30,31,31,36,36,0],"gold":291,"neow_bonus":"TEN_PERCENT_HP_BONUS","is_prod":false,"is_daily":false,"chose_seed":false,"campfire_upgraded":2,"win_rate":0,"timestamp":1560462633,"path_taken":["M","M","M","M","$","E","?","E","T","?","R","M","R","M","R","BOSS"],"build_version":"2019-01-23","purchased_purges":0,"victory":false,"max_hp_per_floor":[88,88,88,88,88,88,88,88,88,88,88,88,88,88,88,88],"card_choices":[{"not_picked":["Body Slam","Searing Blow","Clash"],"picked":"SKIP","floor":1.0},{"not_picked":["Clash","True Grit"],"picked":"Armaments","floor":2.0},{"not_picked":["Dual Wield","True Grit"],"picked":"Sentinel","floor":3.0},{"not_picked":["Wild Strike","Body Slam"],"picked":"Headbutt","floor":4.0},{"not_picked":["Evolve","Pommel Strike","Second Wind"],"picked":"SKIP","floor":6.0},{"not_picked":["Dropkick","Iron Wave"],"picked":"Shockwave","floor":7.0},{"not_picked":["Thunderclap","Perfected Strike"],"picked":"Ghostly Armor","floor":8.0},{"not_picked":["Clash","Seeing Red"],"picked":"Sentinel","floor":12.0},{"not_picked":["Anger","Pommel Strike"],"picked":"Pummel","floor":14.0}],"player_experience":169308,"relics_obtained":[{"floor":6.0,"key":"Omamori"},{"floor":7.0,"key":"Odd Mushroom"},{"floor":8.0,"key":"StoneCalendar"},{"floor":9.0,"key":"Matryoshka"}],"event_choices":[{"damage_healed":0.0,"max_hp_gain":0.0,"max_hp_loss":0.0,"gold_gain":0.0,"event_name":"Mushrooms","player_choice":"Fought Mushrooms","floor":7.0,"gold_loss":0.0,"damage_taken":0.0},{"damage_healed":0.0,"max_hp_gain":0.0,"max_hp_loss":0.0,"gold_gain":0.0,"event_name":"Scrap Ooze","player_choice":"Fled","floor":10.0,"gold_loss":0.0,"damage_taken":3.0}],"is_beta":false,"boss_relics":[],"items_purged_floors":[],"is_endless":false,"potions_floor_spawned":[3,4,7],"killed_by":"The Guardian","ascension_level":3}