{"gold_per_floor":[218,39,114,134,134,162,162,17,17,87,115,115,150,168,168,168],"floor_reached":16,"playtime":1053,"items_purged":[],"score":232,"play_id":"27e9c72a-4281-4e4f-898a-031c1d3c619f","local_time":"20190722151556","is_ascension_mode":true,"campfire_choices":[{"floor":7.0,"key":"REST"},{"floor":12,"key":"REST"},{"data":"Armaments","floor":15,"key":"SMITH"}],"neow_cost":"NONE","seed_source_timestamp":231179249310655,"circlet_count":0,"master_deck":["AscendersBane","Strike_R","Strike_R","Strike_R","Strike_R","Strike_R","Defend_R","Defend_R","Defend_R","Defend_R","Bash","Iron Wave","Carnage","Metallicize","Pommel Strike","Brutality","Armaments+1","Metallicize","Iron Wave","Warcry+1","Infernal Blade+1"],"special_seed":0,"relics":["Burning Blood","Happy Flower","Ancient Tea Set","Toxic Egg 2","Potion Belt","Mango"],"potions_floor_usage":[11,13],"damage_taken":[{"damage":11.0,"enemies":"Jaw Worm","floor":1.0,"turns":6.0},{"damage":3.0,"enemies":"Small Slimes","floor":4.0,"turns":4.0},{"damage":28.0,"enemies":"Gremlin Nob","floor":6.0,"turns":4.0},{"damage":22,"enemies":"Lagavulin","floor":11,"turns":6},{"damage":18,"enemies":"Gremlin Nob","floor":13,"turns":4},{"damage":0,"enemies":"2 Louse","floor":14,"turns":3},{"damage":43,"enemies":"The Guardian","floor":16,"turns":13}],"seed_played":"161474261337778345","potions_obtained":[{"floor":6.0,"key":"Ancient Potion"},{"floor":11,"key":"Poison Potion"}],"is_trial":false,"path_per_floor":["M","$","?","M","?","E","R","$","T","?","E","R","E","M","R","B"],"character_chosen":"IRONCLAD","items_purchased":["Carnage","Metallicize","Pommel Strike","Metallicize","SteroidPotion"],"campfire_rested":2,"item_purchase_floors":[2,2,2,8,8],"current_hp_per_floor":[63,63,52,55,29,7,29,29,29,29,13,35,37,43,43,0],"gold":168,"neow_bonus":"HUNDRED_GOLD","is_prod":false,"is_daily":false,"chose_seed":false,"campfire_upgraded":1,"win_rate":0,"timestamp":1563797756,"path_taken":["M","$","?","M","?","E","R","$","T","?","E","R","E","M","R","BOSS"],"build_version":"2019-07-17","purchased_purges":0,"victory":false,"max_hp_per_floor":[75,75,75,75,75,75,75,75,75,75,75,75,89,89,89,89],"card_choices":[{"not_picked":["Perfected Strike","Flex"],"picked":"Iron Wave","floor":1.0},{"not_picked":["Sword Boomerang","Ghostly Armor"],"picked":"Brutality","floor":4.0},{"not_picked":["Entrench","Pummel"],"picked":"Armaments","floor":6.0},{"not_picked":["Sword Boomerang","Whirlwind"],"picked":"Iron Wave","floor":11},{"not_picked":["Whirlwind","Iron Wave"],"picked":"Warcry+1","floor":13},{"not_picked":["Pummel","Headbutt"],"picked":"Infernal Blade+1","floor":14}],"player_experience":889362,"relics_obtained":[{"floor":6.0,"key":"Ancient Tea Set"},{"floor":9,"key":"Toxic Egg 2"},{"floor":11,"key":"Potion Belt"},{"floor":13,"key":"Mango"}],"event_choices":[{"damage_healed":0.0,"max_hp_gain":0.0,"max_hp_loss":0.0,"gold_gain":75.0,"event_name":"World of Goop","player_choice":"Gather Gold","floor":3.0,"gold_loss":0.0,"damage_taken":11.0},{"damage_healed":0.0,"max_hp_gain":0.0,"max_hp_loss":0.0,"gold_gain":0.0,"event_name":"Scrap Ooze","player_choice":"Success","floor":5.0,"gold_loss":0.0,"damage_taken":26.0,"relics_obtained":["Happy Flower"]},{"damage_healed":0,"gold_gain":70,"player_choice":"Gained Gold","damage_taken":0,"max_hp_gain":0,"max_hp_loss":0,"event_name":"Golden Wing","floor":10,"gold_loss":0}],"is_beta":false,"boss_relics":[],"items_purged_floors":[],"is_endless":false,"potions_floor_spawned":[6,11],"killed_by":"The Guardian","ascension_level":20}