{"gold_per_floor":[112,131,144,155,255,284,302,302,351,363,391,403,429,460,472,587,599,626,638,662,674,39,74,91,91,142,142,159,170,201,220,220,321,321,341,360,360,360,270,270,298,5,5,24,59,71,90,90,90,90],"floor_reached":50,"playtime":8946,"items_purged":["Strike_G+1"],"score":598,"play_id":"a6952ffb-256b-4831-8e02-8f1c37512d51","local_time":"20190719141227","is_ascension_mode":false,"campfire_choices":[{"floor":8,"key":"REST"},{"floor":10,"key":"REST"},{"data":"Skewer","floor":12,"key":"SMITH"},{"data":"Neutralize","floor":15,"key":"SMITH"},{"floor":27,"key":"REST"},{"floor":32,"key":"REST"},{"data":"Adrenaline","floor":40,"key":"SMITH"},{"data":"Adrenaline","floor":49,"key":"SMITH"}],"neow_cost":"NONE","seed_source_timestamp":662140870291000,"circlet_count":0,"master_deck":["Strike_G+1","Strike_G+1","Strike_G+1","Defend_G+1","Defend_G+1","Defend_G+1","Defend_G+1","Defend_G+1","Neutralize+1","Outmaneuver","Flying Knee+1","Footwork","Terror","Acrobatics","All Out Attack","Skewer+1","Underhanded Strike+1","Infinite Blades+1","Corpse Explosion","Underhanded Strike","Underhanded Strike","PiercingWail+1","Adrenaline+1","Envenom","Reflex+1","Adrenaline+1","Bane+1","Caltrops","Madness","Madness","Adrenaline","Quick Slash","Quick Slash","Backflip"],"relics":["Ring of the Snake","Orichalcum","MawBank","Snecko Eye","Meat on the Bone","StoneCalendar","Blue Candle","Nilry\u0027s Codex","Lantern","Centennial Puzzle","Sozu","Bottled Flame","Whetstone","Happy Flower","Pantograph","Omamori"],"potions_floor_usage":[6,16,16,16,24,29,30,31,36],"damage_taken":[{"damage":1,"enemies":"Cultist","floor":1,"turns":4},{"damage":1,"enemies":"Small Slimes","floor":2,"turns":4},{"damage":6,"enemies":"Jaw Worm","floor":3,"turns":4},{"damage":2,"enemies":"Blue Slaver","floor":4,"turns":5},{"damage":40,"enemies":"3 Sentries","floor":6,"turns":11},{"damage":17,"enemies":"3 Louse","floor":7,"turns":5},{"damage":5,"enemies":"Red Slaver","floor":11,"turns":4},{"damage":5,"enemies":"Exordium Wildlife","floor":13,"turns":4},{"damage":2,"enemies":"2 Fungi Beasts","floor":14,"turns":3},{"damage":19,"enemies":"Slime Boss","floor":16,"turns":9},{"damage":4,"enemies":"Spheric Guardian","floor":18,"turns":3},{"damage":2,"enemies":"Chosen","floor":20,"turns":3},{"damage":29,"enemies":"Book of Stabbing","floor":23,"turns":5},{"damage":30,"enemies":"Sentry and Sphere","floor":24,"turns":6},{"damage":6,"enemies":"Shelled Parasite and Fungi","floor":28,"turns":7},{"damage":3,"enemies":"Centurion and Healer","floor":29,"turns":4},{"damage":29,"enemies":"Gremlin Leader","floor":30,"turns":5},{"damage":0,"enemies":"3 Cultists","floor":31,"turns":2},{"damage":13,"enemies":"Champ","floor":33,"turns":7},{"damage":0,"enemies":"3 Shapes","floor":35,"turns":1},{"damage":3,"enemies":"3 Darklings","floor":36,"turns":3},{"damage":20,"enemies":"Giant Head","floor":41,"turns":7},{"damage":13,"enemies":"4 Shapes","floor":44,"turns":3},{"damage":8,"enemies":"Nemesis","floor":45,"turns":5},{"damage":10,"enemies":"Spire Growth","floor":46,"turns":4},{"damage":14,"enemies":"3 Darklings","floor":47,"turns":2},{"damage":78,"enemies":"Donu and Deca","floor":50,"turns":6}],"seed_played":"6194556349357972799","potions_obtained":[{"floor":3,"key":"GamblersBrew"},{"floor":4,"key":"Explosive Potion"},{"floor":11,"key":"Strength Potion"},{"floor":13,"key":"Weak Potion"},{"floor":16,"key":"AttackPotion"},{"floor":18,"key":"Regen Potion"},{"floor":23,"key":"EssenceOfSteel"},{"floor":30,"key":"Dexterity Potion"},{"floor":33,"key":"LiquidBronze"}],"is_trial":false,"path_per_floor":["M","M","M","M","?","E","M","R","T","R","M","R","M","M","R","B",null,"M","?","M","?","$","E","M","?","T","R","M","M","E","M","R","B",null,"M","M","?","?","?","R","E","$","T","M","E","M","M","?","R","B"],"character_chosen":"THE_SILENT","items_purchased":["Meat on the Bone","StoneCalendar","Whetstone","Happy Flower"],"campfire_rested":4,"item_purchase_floors":[22,22,42,42],"current_hp_per_floor":[76,75,69,67,67,27,10,33,33,56,51,51,46,44,44,25,77,73,73,71,57,57,40,37,21,21,45,51,48,31,43,67,54,82,82,79,79,69,69,69,49,49,49,48,52,42,40,40,40,0],"gold":90,"neow_bonus":"TEN_PERCENT_HP_BONUS","is_prod":false,"is_daily":false,"chose_seed":false,"campfire_upgraded":4,"win_rate":0.0,"timestamp":1563541947,"path_taken":["M","M","M","M","?","E","M","R","T","R","M","R","M","M","R","BOSS","M","?","M","?","$","E","M","?","T","R","M","M","E","M","R","BOSS","M","M","?","?","?","R","E","$","T","?","E","M","M","?","R","BOSS"],"build_version":"2019-07-17","purchased_purges":1,"victory":false,"max_hp_per_floor":[77,77,77,77,77,77,77,77,77,77,77,77,77,77,77,77,77,77,77,77,82,82,82,82,82,82,82,82,82,82,82,82,82,82,82,82,82,82,82,82,82,82,82,82,82,82,82,82,82,82],"card_choices":[{"not_picked":["Prepared","Poisoned Stab"],"picked":"Outmaneuver","floor":1},{"not_picked":["Eviscerate","Riddle With Holes"],"picked":"Flying Knee","floor":2},{"not_picked":["Calculated Gamble","Outmaneuver"],"picked":"Footwork","floor":3},{"not_picked":["Deflect","Sucker Punch"],"picked":"Terror","floor":4},{"not_picked":["Dash","Tactician"],"picked":"Acrobatics","floor":6},{"not_picked":["Distraction","Deadly Poison"],"picked":"All Out Attack","floor":7},{"not_picked":["Dodge and Roll","Dash"],"picked":"Skewer","floor":11},{"not_picked":["Venomology","Escape Plan"],"picked":"Underhanded Strike","floor":13},{"not_picked":["Dodge and Roll","Blade Dance"],"picked":"Infinite Blades","floor":14},{"not_picked":["After Image","Burst"],"picked":"Corpse Explosion","floor":16},{"not_picked":["Choke","Bane","Poisoned Stab+1"],"picked":"SKIP","floor":18},{"not_picked":["Dagger Throw","Footwork"],"picked":"Underhanded Strike","floor":20},{"not_picked":["Prepared","Skewer"],"picked":"Underhanded Strike","floor":23},{"not_picked":["Deflect","Deadly Poison"],"picked":"PiercingWail+1","floor":24},{"not_picked":["Terror","Sucker Punch","Eviscerate"],"picked":"SKIP","floor":28},{"not_picked":["Dodge and Roll+1","Sucker Punch+1"],"picked":"Adrenaline","floor":29},{"not_picked":["Endless Agony","Skewer"],"picked":"Envenom","floor":30},{"not_picked":["Catalyst","Masterful Stab"],"picked":"Reflex+1","floor":31},{"not_picked":["Venomology","After Image"],"picked":"Adrenaline","floor":33},{"not_picked":["Bouncing Flask+1","Flying Knee+1"],"picked":"Bane+1","floor":35},{"not_picked":["Dash","Endless Agony"],"picked":"Caltrops","floor":36},{"not_picked":["Blade Dance+1","Escape Plan+1"],"picked":"Adrenaline","floor":41},{"not_picked":["All Out Attack+1","Deflect"],"picked":"Quick Slash","floor":44},{"not_picked":["Tools of the Trade","Eviscerate"],"picked":"Quick Slash","floor":45},{"not_picked":["Dagger Throw+1","Prepared+1"],"picked":"Backflip","floor":46},{"not_picked":["Slice","Caltrops","Poisoned Stab+1"],"picked":"SKIP","floor":47}],"player_experience":333338,"relics_obtained":[{"floor":6,"key":"Orichalcum"},{"floor":9,"key":"MawBank"},{"floor":23,"key":"Blue Candle"},{"floor":25,"key":"Nilry\u0027s Codex"},{"floor":26,"key":"Lantern"},{"floor":30,"key":"Centennial Puzzle"},{"floor":41,"key":"Bottled Flame"},{"floor":43,"key":"Pantograph"},{"floor":45,"key":"Omamori"}],"event_choices":[{"damage_healed":0,"gold_gain":100,"player_choice":"Pray","damage_taken":0,"max_hp_gain":0,"max_hp_loss":0,"event_name":"Golden Shrine","floor":5,"gold_loss":0},{"damage_healed":0,"gold_gain":0,"player_choice":"Simplicity","damage_taken":0,"max_hp_gain":0,"max_hp_loss":0,"event_name":"Back to Basics","floor":19,"gold_loss":0,"cards_upgraded":["Strike_G","Strike_G","Strike_G","Strike_G","Strike_G","Defend_G","Defend_G","Defend_G","Defend_G","Defend_G"]},{"damage_healed":0,"gold_gain":0,"player_choice":"Shed Blood","damage_taken":19,"max_hp_gain":5,"max_hp_loss":0,"event_name":"Forgotten Altar","floor":21,"gold_loss":0},{"damage_healed":0,"gold_gain":0,"player_choice":"Obtained Book","damage_taken":16,"max_hp_gain":0,"max_hp_loss":0,"event_name":"Cursed Tome","floor":25,"gold_loss":0},{"damage_healed":0,"gold_gain":0,"player_choice":"Ignored","damage_taken":0,"max_hp_gain":0,"max_hp_loss":0,"event_name":"Tomb of Lord Red Mask","floor":37,"gold_loss":0},{"damage_healed":0,"gold_gain":0,"player_choice":"Embrace Madness","damage_taken":10,"max_hp_gain":0,"max_hp_loss":0,"event_name":"Winding Halls","floor":38,"gold_loss":0,"cards_obtained":["Madness","Madness"]},{"cards_removed":["Survivor"],"damage_healed":0,"gold_gain":0,"player_choice":"Upgrade and Remove","damage_taken":0,"max_hp_gain":0,"max_hp_loss":0,"event_name":"Designer","floor":39,"gold_loss":90,"cards_upgraded":["Infinite Blades"]},{"cards_removed":["Strike_G"],"damage_healed":0,"gold_gain":0,"player_choice":"Removed Attack","damage_taken":0,"max_hp_gain":0,"max_hp_loss":0,"event_name":"Falling","floor":48,"gold_loss":0}],"is_beta":false,"boss_relics":[{"not_picked":["Empty Cage","Calling Bell"],"picked":"Snecko Eye"},{"not_picked":["Eternal Feather","Runic Pyramid"],"picked":"Sozu"}],"items_purged_floors":[22],"is_endless":false,"potions_floor_spawned":[3,4,11,13,16,18,23,30,33,35,41,46],"killed_by":"Donu and Deca","ascension_level":0}