{"gold_per_floor":[118,118,137,150,166,197,197,226,249,249],"floor_reached":10,"playtime":691,"items_purged":[],"score":148,"play_id":"2966a928-b737-4064-8953-f8fca1e04fe8","local_time":"20190715131833","is_ascension_mode":true,"campfire_choices":[{"floor":7,"key":"REST"}],"neow_cost":"NONE","seed_source_timestamp":120595386840959,"circlet_count":0,"master_deck":["AscendersBane","Strike_B","Strike_B+1","Strike_B","Defend_B","Defend_B","Defend_B","Defend_B","Zap+1","Dualcast+1","Gash","Go for the Eyes","Rebound+1","Static Discharge","BootSequence","Steam"],"relics":["Cracked Core","War Paint","Potion Belt","Whetstone"],"potions_floor_usage":[6,8,10],"damage_taken":[{"damage":5,"enemies":"Small Slimes","floor":1,"turns":3},{"damage":9,"enemies":"Jaw Worm","floor":3,"turns":4},{"damage":0,"enemies":"2 Louse","floor":4,"turns":1},{"damage":16,"enemies":"Large Slime","floor":5,"turns":6},{"damage":22,"enemies":"Gremlin Nob","floor":6,"turns":4},{"damage":25,"enemies":"3 Sentries","floor":8,"turns":7},{"damage":38,"enemies":"Gremlin Nob","floor":10,"turns":3}],"seed_played":"2441685471093658103","potions_obtained":[{"floor":4,"key":"AttackPotion"},{"floor":5,"key":"Swift Potion"},{"floor":8,"key":"Explosive Potion"}],"is_trial":false,"path_per_floor":["M","?","M","M","M","E","R","E","T","E"],"character_chosen":"DEFECT","items_purchased":[],"campfire_rested":1,"item_purchase_floors":[],"current_hp_per_floor":[59,59,50,50,34,12,33,8,8,0],"gold":249,"neow_bonus":"REMOVE_CARD","is_prod":false,"is_daily":false,"chose_seed":false,"campfire_upgraded":0,"win_rate":0,"timestamp":1563185913,"path_taken":["M","?","M","M","M","E","R","E","T","E"],"build_version":"2019-07-05","purchased_purges":0,"victory":false,"max_hp_per_floor":[71,71,71,71,71,71,71,71,71,71],"card_choices":[{"not_picked":["Redo","Doom and Gloom"],"picked":"Gash","floor":1},{"not_picked":["Turbo","Rebound"],"picked":"Go for the Eyes","floor":3},{"not_picked":["Barrage","Compile Driver"],"picked":"Rebound","floor":4},{"not_picked":["Reprogram","Auto Shields"],"picked":"Static Discharge","floor":5},{"not_picked":["Fission","Sweeping Beam"],"picked":"BootSequence","floor":6},{"not_picked":["Barrage","Blizzard"],"picked":"Steam","floor":8}],"player_experience":705492,"relics_obtained":[{"floor":6,"key":"War Paint"},{"floor":8,"key":"Potion Belt"},{"floor":9,"key":"Whetstone"}],"event_choices":[{"damage_healed":0,"gold_gain":0,"player_choice":"Ignored","damage_taken":0,"max_hp_gain":0,"max_hp_loss":0,"event_name":"Liars Game","floor":2,"gold_loss":0}],"is_beta":false,"boss_relics":[],"items_purged_floors":[],"is_endless":false,"potions_floor_spawned":[4,5,8],"killed_by":"Gremlin Nob","ascension_level":18}