{"gold_per_floor":[119,119,134,134,134,163,313,313,340,350,350,350,25,58,58,135,135,154,166,5,16,16,72,72,72,72,103,103,203,238,253,253,328,328,340,340,340,358,13,45,79,79,150,150,163,133,146,6,6,6,6,6,6,6,34,34],"floor_reached":57,"playtime":8009,"items_purged":["Doubt","Strike_G"],"score":2894,"play_id":"4f618c7f-d0b1-48d4-970c-0e411c927032","local_time":"20190723002716","is_ascension_mode":true,"campfire_choices":[{"data":"Noxious Fumes","floor":8.0,"key":"SMITH"},{"data":"Deadly Poison","floor":11.0,"key":"SMITH"},{"data":"Noxious Fumes","floor":15.0,"key":"SMITH"},{"floor":24.0,"key":"REST"},{"floor":28.0,"key":"REST"},{"floor":32.0,"key":"REST"},{"floor":42.0,"key":"REST"},{"floor":44.0,"key":"REST"},{"floor":49.0,"key":"RECALL"},{"floor":53,"key":"REST"}],"neow_cost":"NONE","seed_source_timestamp":0,"circlet_count":0,"master_deck":["AscendersBane","Strike_G+1","Strike_G","Strike_G","Defend_G","Defend_G","Defend_G","Defend_G","Defend_G","Survivor","Neutralize+1","Noxious Fumes+1","Deadly Poison+1","Poisoned Stab","Skewer","Noxious Fumes+1","Die Die Die","Well Laid Plans","Blade Dance+1","Dodge and Roll","Footwork","Backflip","After Image","Deflect","Malaise","Prepared+1","Deflect","PiercingWail","Backflip"],"special_seed":0,"relics":["Ring of the Snake","NeowsBlessing","Sundial","Bag of Marbles","StoneCalendar","TwistedFunnel","Happy Flower","Black Star","Bag of Preparation","FossilizedHelix","Tiny Chest","Matryoshka","Nilry\u0027s Codex","Letter Opener","Shuriken","Thread and Needle","WingedGreaves","Bottled Lightning","Singing Bowl","Darkstone Periapt","Fusion Hammer","Oddly Smooth Stone","Pen Nib","Gremlin Horn","Omamori","Tough Bandages","Vajra","Mercury Hourglass","Paper Crane","Dodecahedron"],"potions_floor_usage":[55,56],"damage_taken":[{"damage":0.0,"enemies":"2 Louse","floor":1.0,"turns":1.0},{"damage":0.0,"enemies":"Cultist","floor":3.0,"turns":1.0},{"damage":0.0,"enemies":"Lagavulin","floor":6.0,"turns":1.0},{"damage":0.0,"enemies":"Jaw Worm","floor":10.0,"turns":4.0},{"damage":16.0,"enemies":"Gremlin Nob","floor":14.0,"turns":4.0},{"damage":15.0,"enemies":"The Guardian","floor":16.0,"turns":8.0},{"damage":14.0,"enemies":"Shell Parasite","floor":18.0,"turns":5.0},{"damage":8.0,"enemies":"Chosen","floor":19.0,"turns":4.0},{"damage":0.0,"enemies":"3 Cultists","floor":21.0,"turns":3.0},{"damage":14.0,"enemies":"Book of Stabbing","floor":23.0,"turns":5.0},{"damage":2.0,"enemies":"Gremlin Leader","floor":27.0,"turns":5.0},{"damage":10.0,"enemies":"Colosseum Slavers","floor":29.0,"turns":3.0},{"damage":0.0,"enemies":"Colosseum Nobs","floor":29.0,"turns":3.0},{"damage":6.0,"enemies":"Slavers","floor":30.0,"turns":5.0},{"damage":0.0,"enemies":"Snecko","floor":31.0,"turns":4.0},{"damage":0.0,"enemies":"Champ","floor":33.0,"turns":11.0},{"damage":18.0,"enemies":"3 Darklings","floor":35.0,"turns":4.0},{"damage":8.0,"enemies":"Orb Walker","floor":38.0,"turns":4.0},{"damage":11.0,"enemies":"Reptomancer","floor":40.0,"turns":7.0},{"damage":18.0,"enemies":"Nemesis","floor":41.0,"turns":7.0},{"damage":0.0,"enemies":"Spire Growth","floor":45.0,"turns":4.0},{"damage":0.0,"enemies":"Jaw Worm Horde","floor":47.0,"turns":4.0},{"damage":2.0,"enemies":"Time Eater","floor":50.0,"turns":17.0},{"damage":16,"enemies":"Donu and Deca","floor":51,"turns":8},{"damage":6,"enemies":"Shield and Spear","floor":55,"turns":7},{"damage":17,"enemies":"The Heart","floor":56,"turns":11}],"seed_played":"-3423948664122603012","potions_obtained":[{"floor":1.0,"key":"PowerPotion"},{"floor":3.0,"key":"AttackPotion"},{"floor":19.0,"key":"PowerPotion"},{"floor":21.0,"key":"GamblersBrew"},{"floor":27.0,"key":"Strength Potion"},{"floor":30.0,"key":"PowerPotion"},{"floor":38.0,"key":"SkillPotion"},{"floor":41.0,"key":"SpeedPotion"},{"floor":46.0,"key":"GamblersBrew"},{"floor":55,"key":"SpeedPotion"}],"is_trial":false,"path_per_floor":["M","?","M","?","?","E","?","R","T","M","R","?","$","E","R","B",null,"M","M","$","M","T","E","R","?","T","E","R","?","E","M","R","B",null,"M","?","?","M","$","E","E","R","T","R","M","?","M","$","R","B","B",null,"R","$","E","B",null],"character_chosen":"THE_SILENT","items_purchased":["TwistedFunnel","Skewer","Bag of Preparation","Malaise","Oddly Smooth Stone","PiercingWail","GamblersBrew"],"campfire_rested":6,"item_purchase_floors":[13,13,20,39,39,48,48],"current_hp_per_floor":[59,59,59,39,61,61,61,61,61,61,61,61,61,45,45,30,57,43,35,35,35,35,21,40,19,19,17,36,26,20,20,39,39,59,43,43,43,35,35,26,8,29,29,50,50,50,52,52,52,50,34,63,72,72,66,49],"gold":34,"neow_bonus":"THREE_ENEMY_KILL","is_prod":false,"is_daily":false,"chose_seed":false,"campfire_upgraded":3,"win_rate":0,"timestamp":1563830836,"path_taken":["M","?","?","?","?","E","?","R","T","M","R","?","$","E","R","BOSS","M","M","$","M","?","E","R","?","T","E","R","?","E","M","R","BOSS","M","?","?","M","$","E","E","R","T","R","M","?","M","$","R","BOSS","BOSS","R","$","E","BOSS"],"build_version":"2019-07-17","purchased_purges":2,"victory":true,"max_hp_per_floor":[66,66,66,66,66,66,66,66,66,66,66,66,66,66,66,66,66,66,66,66,66,66,66,66,66,66,66,66,66,66,66,66,66,66,68,68,68,68,68,70,70,70,70,70,70,70,72,72,72,72,72,72,72,72,72,72],"card_choices":[{"not_picked":["Masterful Stab","Accuracy"],"picked":"Noxious Fumes","floor":1.0},{"not_picked":["Blade Dance","Underhanded Strike"],"picked":"Deadly Poison","floor":3.0},{"not_picked":["Deadly Poison","Outmaneuver"],"picked":"Poisoned Stab","floor":6.0},{"not_picked":["Dagger Throw","Flying Knee","Dagger Spray"],"picked":"SKIP","floor":10.0},{"not_picked":["Dagger Throw","Flying Knee","Dagger Spray"],"picked":"SKIP","floor":10.0},{"not_picked":["Riddle With Holes","Terror"],"picked":"Noxious Fumes","floor":14.0},{"not_picked":["Glass Knife","Grand Finale"],"picked":"Die Die Die","floor":16.0},{"not_picked":["Sucker Punch","Underhanded Strike"],"picked":"Well Laid Plans","floor":18.0},{"not_picked":["Masterful Stab","Outmaneuver"],"picked":"Blade Dance+1","floor":19.0},{"not_picked":["Dagger Throw","Dagger Spray"],"picked":"Dodge and Roll","floor":21.0},{"not_picked":["Slice","Storm of Steel","Riddle With Holes"],"picked":"SKIP","floor":23.0},{"not_picked":["Caltrops","Concentrate+1","Poisoned Stab"],"picked":"SKIP","floor":27.0},{"not_picked":["Dagger Throw","Expertise"],"picked":"Footwork","floor":29.0},{"not_picked":["Endless Agony","Outmaneuver"],"picked":"Backflip","floor":30.0},{"not_picked":["Crippling Poison","Outmaneuver"],"picked":"After Image","floor":31.0},{"not_picked":["Storm of Steel","Die Die Die"],"picked":"Night Terror","floor":33.0},{"not_picked":["Flying Knee","Underhanded Strike","Bane"],"picked":"Singing Bowl","floor":35.0},{"not_picked":["Bouncing Flask+1","Outmaneuver"],"picked":"Deflect","floor":38.0},{"not_picked":["Poisoned Stab+1","Dagger Throw","Quick Slash"],"picked":"Singing Bowl","floor":40.0},{"not_picked":["Unload","Dodge and Roll"],"picked":"Prepared+1","floor":41.0},{"not_picked":["Leg Sweep","Underhanded Strike+1"],"picked":"Deflect","floor":45.0},{"not_picked":["Skewer","Dagger Spray","Bouncing Flask"],"picked":"Singing Bowl","floor":47.0},{"not_picked":["Outmaneuver","Cloak And Dagger"],"picked":"Backflip","floor":55}],"player_experience":893365,"relics_obtained":[{"floor":6.0,"key":"Sundial"},{"floor":9.0,"key":"Bag of Marbles"},{"floor":14.0,"key":"Happy Flower"},{"floor":22.0,"key":"FossilizedHelix"},{"floor":23.0,"key":"Tiny Chest"},{"floor":23.0,"key":"Matryoshka"},{"floor":25.0,"key":"Nilry\u0027s Codex"},{"floor":26.0,"key":"Letter Opener"},{"floor":27.0,"key":"Shuriken"},{"floor":27.0,"key":"Thread and Needle"},{"floor":29.0,"key":"WingedGreaves"},{"floor":29.0,"key":"Bottled Lightning"},{"floor":30.0,"key":"Singing Bowl"},{"floor":30.0,"key":"Darkstone Periapt"},{"floor":40.0,"key":"Pen Nib"},{"floor":40.0,"key":"Gremlin Horn"},{"floor":41.0,"key":"Omamori"},{"floor":41.0,"key":"Tough Bandages"},{"floor":43.0,"key":"Vajra"},{"floor":43.0,"key":"Mercury Hourglass"},{"floor":55,"key":"Paper Crane"},{"floor":55,"key":"Dodecahedron"}],"event_choices":[{"cards_removed":["Strike_G"],"damage_healed":0.0,"max_hp_gain":0.0,"max_hp_loss":0.0,"gold_gain":0.0,"event_name":"Bonfire Elementals","player_choice":"Offered Basic","floor":2.0,"gold_loss":0.0,"damage_taken":0.0},{"damage_healed":0.0,"max_hp_gain":0.0,"max_hp_loss":0.0,"gold_gain":0.0,"event_name":"Shining Light","player_choice":"Entered Light","floor":4.0,"gold_loss":0.0,"damage_taken":20.0,"cards_upgraded":["Strike_G","Neutralize"]},{"damage_healed":22.0,"max_hp_gain":0.0,"max_hp_loss":0.0,"gold_gain":0.0,"event_name":"Big Fish","player_choice":"Banana","floor":5.0,"gold_loss":0.0,"damage_taken":0.0},{"damage_healed":0.0,"max_hp_gain":0.0,"max_hp_loss":0.0,"gold_gain":150.0,"event_name":"Liars Game","player_choice":"AGREE","floor":7.0,"gold_loss":0.0,"damage_taken":0.0,"cards_obtained":["Doubt"]},{"damage_healed":0.0,"max_hp_gain":0.0,"max_hp_loss":0.0,"gold_gain":0.0,"event_name":"WeMeetAgain","player_choice":"Gave Potion","floor":12.0,"gold_loss":0.0,"damage_taken":0.0,"relics_obtained":["StoneCalendar"]},{"damage_healed":0.0,"max_hp_gain":0.0,"max_hp_loss":0.0,"gold_gain":0.0,"event_name":"Cursed Tome","player_choice":"Obtained Book","floor":25.0,"gold_loss":0.0,"damage_taken":21.0},{"damage_healed":0.0,"max_hp_gain":0.0,"max_hp_loss":0.0,"gold_gain":0.0,"event_name":"Colosseum","player_choice":"Fight","floor":29.0,"gold_loss":0.0,"damage_taken":0.0},{"damage_healed":0.0,"max_hp_gain":0.0,"max_hp_loss":0.0,"gold_gain":0.0,"event_name":"Colosseum","player_choice":"Fought Nobs","floor":29.0,"gold_loss":0.0,"damage_taken":0.0},{"cards_removed":["Night Terror"],"damage_healed":0.0,"max_hp_gain":0.0,"max_hp_loss":0.0,"gold_gain":0.0,"event_name":"Falling","player_choice":"Removed Skill","floor":36.0,"gold_loss":0.0,"damage_taken":0.0},{"damage_healed":0.0,"max_hp_gain":0.0,"max_hp_loss":0.0,"gold_gain":0.0,"event_name":"Tomb of Lord Red Mask","player_choice":"Ignored","floor":37.0,"gold_loss":0.0,"damage_taken":0.0},{"damage_healed":0.0,"max_hp_gain":0.0,"max_hp_loss":0.0,"gold_gain":0.0,"event_name":"The Woman in Blue","player_choice":"Bought 2 Potions","floor":46.0,"gold_loss":0.0,"damage_taken":0.0}],"is_beta":false,"boss_relics":[{"not_picked":["Snecko Eye","Runic Dome"],"picked":"Black Star"},{"not_picked":["Astrolabe","Philosopher\u0027s Stone"],"picked":"Fusion Hammer"}],"items_purged_floors":[13,39],"is_endless":false,"potions_floor_spawned":[1,3,19,21,27,30,38,41,55],"ascension_level":20}