{"gold_per_floor":[146,166,49,69,79,108,108,108,108,133,160,183,183,232,244,329,341,368,393,320,432,460,472,17,17,17,17,31,31,77,107,107,179,179,192,209,209,209,221,253,253,266,266,314,314,347,99,124,124,124,124,124,5,37,37],"floor_reached":56,"playtime":9472,"items_purged":["Strike_G","Strike_G"],"score":2135,"play_id":"81a5e407-daeb-4cfb-9e27-e03c2c5786a0","local_time":"20190624204210","is_ascension_mode":true,"campfire_choices":[{"data":"Glass Knife","floor":8.0,"key":"SMITH"},{"data":"Noxious Fumes","floor":13.0,"key":"SMITH"},{"data":"Noxious Fumes","floor":15.0,"key":"SMITH"},{"floor":23,"key":"REST"},{"data":"After Image","floor":25,"key":"SMITH"},{"data":"Neutralize","floor":32,"key":"SMITH"},{"floor":41,"key":"RECALL"},{"data":"Tools of the Trade","floor":45,"key":"SMITH"},{"data":"Well Laid Plans","floor":49,"key":"SMITH"},{"floor":52,"key":"REST"}],"neow_cost":"NONE","seed_source_timestamp":1001504754213823,"circlet_count":0,"master_deck":["AscendersBane","Defend_G+1","Defend_G","Defend_G","Defend_G","Defend_G+1","Survivor","Neutralize+1","Quick Slash+1","All Out Attack+1","Noxious Fumes+1","Leg Sweep+1","Cloak And Dagger","Glass Knife+1","Noxious Fumes+1","PiercingWail","Tools of the Trade+1","Dodge and Roll+1","Backflip","After Image+1","Acrobatics","Deflect","Crippling Poison","Acrobatics","Sucker Punch","Writhe","Backflip","Corpse Explosion","Poisoned Stab+1","Glass Knife+1","Reflex+1","Acrobatics","Caltrops","Footwork+1","Adrenaline","Acrobatics","Noxious Fumes+1","Noxious Fumes","Footwork","Well Laid Plans+1","Well Laid Plans","Footwork","Doppelganger"],"special_seed":0,"relics":["Ring of the Snake","Tiny Chest","Mummified Hand","Dodecahedron","The Courier","Regal Pillow","Odd Mushroom","MawBank","Philosopher\u0027s Stone","War Paint","Unceasing Top","Mercury Hourglass","Bag of Preparation","Matryoshka","Happy Flower","Snake Skull","Lantern","StoneCalendar","Astrolabe","Shuriken","Calipers","Question Card","Ornamental Fan","Whetstone"],"potions_floor_usage":[21,44,55],"damage_taken":[{"damage":0.0,"enemies":"2 Louse","floor":1.0,"turns":4.0},{"damage":0.0,"enemies":"Jaw Worm","floor":2.0,"turns":4.0},{"damage":0.0,"enemies":"Small Slimes","floor":4.0,"turns":3.0},{"damage":1.0,"enemies":"Blue Slaver","floor":5.0,"turns":5.0},{"damage":7.0,"enemies":"Lagavulin","floor":6.0,"turns":10.0},{"damage":11.0,"enemies":"Gremlin Nob","floor":10.0,"turns":5.0},{"damage":4.0,"enemies":"The Mushroom Lair","floor":12.0,"turns":4.0},{"damage":9.0,"enemies":"The Guardian","floor":16.0,"turns":11.0},{"damage":0.0,"enemies":"Spheric Guardian","floor":18.0,"turns":4.0},{"damage":0.0,"enemies":"3 Byrds","floor":19.0,"turns":3.0},{"damage":15,"enemies":"Colosseum Slavers","floor":21,"turns":5},{"damage":30,"enemies":"Colosseum Nobs","floor":21,"turns":5},{"damage":9,"enemies":"Snecko","floor":22,"turns":6},{"damage":0,"enemies":"Centurion and Healer","floor":28,"turns":6},{"damage":0,"enemies":"Gremlin Leader","floor":31,"turns":6},{"damage":17,"enemies":"Automaton","floor":33,"turns":9},{"damage":0,"enemies":"3 Shapes","floor":35,"turns":3},{"damage":0,"enemies":"3 Darklings","floor":36,"turns":3},{"damage":13,"enemies":"4 Shapes","floor":39,"turns":4},{"damage":2,"enemies":"Nemesis","floor":40,"turns":7},{"damage":7,"enemies":"Writhing Mass","floor":42,"turns":6},{"damage":0,"enemies":"2 Orb Walkers","floor":44,"turns":3},{"damage":0,"enemies":"Giant Head","floor":46,"turns":8},{"damage":0,"enemies":"Reptomancer","floor":48,"turns":7},{"damage":14,"enemies":"Time Eater","floor":50,"turns":14},{"damage":39,"enemies":"Shield and Spear","floor":54,"turns":6},{"damage":9,"enemies":"The Heart","floor":55,"turns":11}],"seed_played":"-5255933071973288731","potions_obtained":[{"floor":4.0,"key":"GhostInAJar"},{"floor":6.0,"key":"Fire Potion"},{"floor":16.0,"key":"PowerPotion"},{"floor":18.0,"key":"Energy Potion"},{"floor":19.0,"key":"Regen Potion"},{"floor":22,"key":"FearPotion"},{"floor":33,"key":"PowerPotion"}],"is_trial":false,"path_per_floor":["M","M","$","M","M","E","?","R","T","E","T","?","R","T","R","B",null,"M","M","?","?","M","R","$","R","T","$","M","?","T","E","R","B",null,"M","M","?","?","M","E","R","M","T","?","R","E","$","E","R","B",null,"R","$","E","B",null],"character_chosen":"THE_SILENT","items_purchased":["Noxious Fumes","Leg Sweep","After Image","Bag of Preparation","Acrobatics","Deflect","Crippling Poison","Acrobatics","Noxious Fumes","Footwork","Well Laid Plans","Well Laid Plans","Footwork"],"campfire_rested":2,"item_purchase_floors":[3,3,24,24,24,24,24,24,47,47,47,53,53],"current_hp_per_floor":[59,59,59,59,58,51,31,31,31,20,20,16,16,16,16,7,51,51,51,51,20,11,45,45,45,45,45,45,45,45,45,45,28,57,57,57,57,57,44,42,42,35,35,35,35,35,35,35,35,21,53,63,63,24,15],"gold":37,"neow_bonus":"RANDOM_COMMON_RELIC","is_prod":false,"is_daily":false,"chose_seed":false,"campfire_upgraded":7,"win_rate":0,"timestamp":1561398130,"path_taken":["M","M","$","M","M","E","?","R","T","E","?","?","R","?","R","BOSS","M","M","?","?","M","R","$","R","T","?","?","?","?","E","R","BOSS","M","M","?","?","M","E","R","M","T","?","R","E","$","E","R","BOSS","R","$","E","BOSS"],"build_version":"2019-01-23","purchased_purges":2,"victory":true,"max_hp_per_floor":[66,66,66,66,66,66,66,66,66,66,66,66,66,66,66,66,66,66,66,66,66,66,66,66,66,66,66,66,66,66,66,66,66,66,66,66,63,63,63,63,63,63,63,63,63,63,63,63,63,63,63,63,63,63,63],"card_choices":[{"not_picked":["Prepared","Concentrate"],"picked":"Quick Slash","floor":1.0},{"not_picked":["Outmaneuver","Acrobatics"],"picked":"All Out Attack","floor":2.0},{"not_picked":["Prepared","Outmaneuver"],"picked":"Cloak And Dagger","floor":4.0},{"not_picked":["Prepared","Crippling Poison"],"picked":"Glass Knife","floor":5.0},{"not_picked":["Prepared","Quick Slash"],"picked":"Noxious Fumes","floor":6.0},{"not_picked":["Caltrops","Eviscerate"],"picked":"PiercingWail","floor":10.0},{"not_picked":["Bullet Time","A Thousand Cuts"],"picked":"Tools of the Trade","floor":16.0},{"not_picked":["Acrobatics","Quick Slash"],"picked":"Dodge and Roll","floor":18.0},{"not_picked":["Poisoned Stab","Prepared","Dagger Spray"],"picked":"SKIP","floor":19.0},{"not_picked":["Prepared","Outmaneuver+1"],"picked":"Backflip","floor":22},{"not_picked":["Prepared+1","Outmaneuver"],"picked":"Sucker Punch","floor":28},{"not_picked":["Heel Hook+1","Dagger Spray"],"picked":"Backflip","floor":31},{"not_picked":["Envenom","Bullet Time"],"picked":"Corpse Explosion","floor":33},{"not_picked":["Dagger Throw","Poisoned Stab"],"picked":"Acrobatics","floor":35},{"not_picked":["Riddle With Holes+1","Flying Knee+1"],"picked":"Caltrops","floor":36},{"not_picked":["Choke","Skewer"],"picked":"Footwork+1","floor":39},{"not_picked":["Crippling Poison+1","Calculated Gamble"],"picked":"Adrenaline","floor":40},{"not_picked":["Cloak And Dagger","Dagger Spray"],"picked":"Acrobatics","floor":42},{"not_picked":["Deflect","Blade Dance+1"],"picked":"Noxious Fumes+1","floor":44},{"not_picked":["Quick Slash+1","Deadly Poison","Sucker Punch"],"picked":"SKIP","floor":46},{"not_picked":["Heel Hook","All Out Attack","Venomology","Choke"],"picked":"SKIP","floor":48},{"not_picked":["Blade Dance","Quick Slash+1","Eviscerate"],"picked":"Doppelganger","floor":54}],"player_experience":500142,"relics_obtained":[{"floor":6.0,"key":"Mummified Hand"},{"floor":9.0,"key":"Dodecahedron"},{"floor":10.0,"key":"The Courier"},{"floor":11.0,"key":"Regal Pillow"},{"floor":12.0,"key":"Odd Mushroom"},{"floor":14.0,"key":"MawBank"},{"floor":21,"key":"Unceasing Top"},{"floor":21,"key":"Mercury Hourglass"},{"floor":26,"key":"Matryoshka"},{"floor":30,"key":"Snake Skull"},{"floor":30,"key":"Lantern"},{"floor":31,"key":"StoneCalendar"},{"floor":43,"key":"Shuriken"},{"floor":44,"key":"Calipers"},{"floor":46,"key":"Question Card"},{"floor":48,"key":"Ornamental Fan"},{"floor":54,"key":"Whetstone"}],"event_choices":[{"damage_healed":0.0,"max_hp_gain":0.0,"max_hp_loss":0.0,"gold_gain":0.0,"event_name":"Shining Light","player_choice":"Entered Light","floor":7.0,"gold_loss":0.0,"damage_taken":20.0,"cards_upgraded":["Defend_G","Leg Sweep"]},{"damage_healed":0.0,"max_hp_gain":0.0,"max_hp_loss":0.0,"gold_gain":0.0,"event_name":"Mushrooms","player_choice":"Fought Mushrooms","floor":12.0,"gold_loss":0.0,"damage_taken":0.0},{"damage_healed":0.0,"max_hp_gain":0.0,"max_hp_loss":0.0,"gold_gain":0.0,"event_name":"Addict","player_choice":"Obtained Relic","floor":20.0,"gold_loss":85.0,"damage_taken":0.0,"relics_obtained":["War Paint"]},{"damage_healed":0,"gold_gain":0,"player_choice":"Fight","damage_taken":0,"max_hp_gain":0,"max_hp_loss":0,"event_name":"Colosseum","floor":21,"gold_loss":0},{"damage_healed":0,"gold_gain":0,"player_choice":"Fought Nobs","damage_taken":0,"max_hp_gain":0,"max_hp_loss":0,"event_name":"Colosseum","floor":21,"gold_loss":0},{"damage_healed":0,"gold_gain":0,"player_choice":"Opened","damage_taken":0,"relics_obtained":["Happy Flower"],"max_hp_gain":0,"max_hp_loss":0,"event_name":"The Mausoleum","floor":29,"gold_loss":0,"cards_obtained":["Writhe"]},{"damage_healed":0,"gold_gain":0,"player_choice":"Max HP","damage_taken":0,"max_hp_gain":0,"max_hp_loss":3,"event_name":"Winding Halls","floor":37,"gold_loss":0},{"damage_healed":0,"gold_gain":0,"player_choice":"Ignored","damage_taken":0,"max_hp_gain":0,"max_hp_loss":0,"event_name":"Tomb of Lord Red Mask","floor":38,"gold_loss":0},{"damage_healed":0,"gold_gain":0,"player_choice":"Fight","damage_taken":0,"max_hp_gain":0,"max_hp_loss":0,"event_name":"Mysterious Sphere","floor":44,"gold_loss":0}],"is_beta":false,"boss_relics":[{"not_picked":["Coffee Dripper","Ring of the Serpent"],"picked":"Philosopher\u0027s Stone"},{"not_picked":["Empty Cage","Snecko Eye"],"picked":"Astrolabe"}],"items_purged_floors":[24,47],"is_endless":false,"potions_floor_spawned":[4,6,16,18,19,22,31,33,39,42],"ascension_level":15}