{"gold_per_floor":[116,135,410,428,130,160,160,195,250,272,302,314,343,382,394,503,515,543,574,511,523,545,591,603,633,645,677,700,388,404,404,404,503,503,514,525,539,539,559,559,585,585,631,631,657,672,672,40,40,40],"floor_reached":50,"playtime":3416,"items_purged":["Regret","Decay","Pain"],"score":623,"play_id":"34eb0724-811c-4767-80e0-ea172c875400","local_time":"20190726175946","is_ascension_mode":false,"campfire_choices":[{"data":"Apotheosis","floor":7,"key":"SMITH"},{"data":"Noxious Fumes","floor":12,"key":"SMITH"},{"data":"Backstab","floor":15,"key":"SMITH"},{"floor":32,"key":"REST"},{"floor":40,"key":"REST"},{"floor":42,"key":"REST"},{"floor":49,"key":"REST"}],"neow_cost":"NONE","seed_source_timestamp":95197996479800,"circlet_count":0,"master_deck":["Strike_G","Strike_G","Strike_G","Strike_G","Defend_G","Defend_G","Defend_G","Defend_G","Defend_G","Survivor","Neutralize","Poisoned Stab","Noxious Fumes+1","Backstab+1","Apotheosis+1","PiercingWail","Poisoned Stab","After Image+1","Deadly Poison","Catalyst","Noxious Fumes+1","Noxious Fumes+1","Bane+1","Writhe","Blur+1"],"relics":["Ring of the Snake","Bag of Preparation","Frozen Egg 2","Regal Pillow","MawBank","Centennial Puzzle","Cursed Key","Meat on the Bone","Bottled Flame","Bag of Marbles","Eternal Feather","PreservedInsect","Potion Belt","Gremlin Horn","Bottled Lightning","HandDrill"],"potions_floor_usage":[23,41,45,47,50,50,50],"damage_taken":[{"damage":0,"enemies":"Cultist","floor":1,"turns":4},{"damage":0,"enemies":"2 Louse","floor":2,"turns":3},{"damage":5,"enemies":"Jaw Worm","floor":4,"turns":5},{"damage":2,"enemies":"3 Sentries","floor":6,"turns":7},{"damage":0,"enemies":"Lagavulin","floor":8,"turns":5},{"damage":1,"enemies":"Gremlin Gang","floor":10,"turns":4},{"damage":0,"enemies":"2 Fungi Beasts","floor":11,"turns":3},{"damage":0,"enemies":"Blue Slaver","floor":13,"turns":3},{"damage":1,"enemies":"3 Sentries","floor":14,"turns":6},{"damage":12,"enemies":"The Guardian","floor":16,"turns":8},{"damage":0,"enemies":"Chosen","floor":18,"turns":5},{"damage":0,"enemies":"3 Byrds","floor":19,"turns":4},{"damage":6,"enemies":"Shelled Parasite and Fungi","floor":22,"turns":5},{"damage":14,"enemies":"Slavers","floor":23,"turns":6},{"damage":10,"enemies":"3 Cultists","floor":25,"turns":7},{"damage":12,"enemies":"Centurion and Healer","floor":27,"turns":6},{"damage":6,"enemies":"Cultist and Chosen","floor":28,"turns":6},{"damage":0,"enemies":"Snecko","floor":30,"turns":4},{"damage":7,"enemies":"Automaton","floor":33,"turns":6},{"damage":8,"enemies":"3 Darklings","floor":35,"turns":4},{"damage":5,"enemies":"3 Shapes","floor":36,"turns":4},{"damage":7,"enemies":"Transient","floor":37,"turns":5},{"damage":20,"enemies":"Spire Growth","floor":39,"turns":5},{"damage":31,"enemies":"Nemesis","floor":41,"turns":7},{"damage":5,"enemies":"Reptomancer","floor":45,"turns":5},{"damage":22,"enemies":"Maw","floor":46,"turns":7},{"damage":0,"enemies":"3 Darklings","floor":47,"turns":1},{"damage":71,"enemies":"Awakened One","floor":50,"turns":9}],"seed_played":"1156417826232641177","potions_obtained":[{"floor":2,"key":"Regen Potion"},{"floor":6,"key":"Energy Potion"},{"floor":10,"key":"Poison Potion"},{"floor":16,"key":"GhostInAJar"},{"floor":21,"key":"Fire Potion"},{"floor":25,"key":"EssenceOfSteel"},{"floor":39,"key":"Block Potion"},{"floor":41,"key":"SmokeBomb"},{"floor":46,"key":"AttackPotion"}],"is_trial":false,"path_per_floor":["M","M","?","M","$","E","R","E","T","M","M","R","M","E","R","B",null,"M","M","?","?","M","E","$","M","T","M","M","$","M","?","R","B",null,"M","M","M","?","M","R","E","R","T","?","E","M","M","$","R","B"],"character_chosen":"THE_SILENT","items_purchased":["Apotheosis","PiercingWail","Noxious Fumes+1","Bag of Marbles","Bottled Lightning","HandDrill","Block Potion"],"campfire_rested":4,"item_purchase_floors":[5,5,29,29,48,48,48],"current_hp_per_floor":[70,70,70,65,65,63,63,63,63,62,62,62,62,61,61,49,70,70,70,70,70,64,50,50,40,40,40,46,46,46,46,70,63,70,62,57,50,68,48,70,39,70,70,70,65,43,43,43,70,0],"gold":40,"neow_bonus":"RANDOM_COMMON_RELIC","is_prod":false,"is_daily":false,"chose_seed":false,"campfire_upgraded":3,"win_rate":0,"timestamp":1564178386,"path_taken":["M","?","?","M","$","E","R","E","T","M","M","R","M","E","R","BOSS","M","M","?","?","M","E","$","M","T","?","M","$","M","?","R","BOSS","M","M","M","?","M","R","E","R","T","?","E","M","M","$","R","BOSS"],"build_version":"2019-07-17","purchased_purges":3,"victory":false,"max_hp_per_floor":[70,70,70,70,70,70,70,70,70,70,70,70,70,70,70,70,70,70,70,70,70,70,70,70,70,70,70,70,70,70,70,70,70,70,70,70,70,70,70,70,70,70,70,70,70,70,70,70,70,70],"card_choices":[{"not_picked":["Backflip","Bouncing Flask"],"picked":"Poisoned Stab","floor":1},{"not_picked":["Dodge and Roll","Slice"],"picked":"Noxious Fumes","floor":2},{"not_picked":["Dodge and Roll","Heel Hook"],"picked":"Backstab","floor":4},{"not_picked":["Storm of Steel","Prepared","Expertise"],"picked":"SKIP","floor":6},{"not_picked":["Quick Slash","Eviscerate","Sucker Punch"],"picked":"SKIP","floor":8},{"not_picked":["Dagger Throw","Acrobatics"],"picked":"Poisoned Stab","floor":10},{"not_picked":["Dodge and Roll","Deflect","Escape Plan"],"picked":"SKIP","floor":11},{"not_picked":["Underhanded Strike","Concentrate","Finisher"],"picked":"SKIP","floor":13},{"not_picked":["Underhanded Strike","Storm of Steel","Backflip"],"picked":"SKIP","floor":14},{"not_picked":["Storm of Steel","Wraith Form v2+1"],"picked":"After Image+1","floor":16},{"not_picked":["Reflex","Quick Slash","Poisoned Stab"],"picked":"SKIP","floor":18},{"not_picked":["Dagger Spray","Masterful Stab"],"picked":"Deadly Poison","floor":19},{"not_picked":["Underhanded Strike","Calculated Gamble","Endless Agony"],"picked":"SKIP","floor":22},{"not_picked":["Deadly Poison+1","Bane"],"picked":"Catalyst","floor":23},{"not_picked":["Dagger Spray","Flying Knee","Poisoned Stab"],"picked":"SKIP","floor":25},{"not_picked":["Blade Dance+1","Outmaneuver"],"picked":"Noxious Fumes+1","floor":27},{"not_picked":["Flechettes","Expertise","Unload"],"picked":"SKIP","floor":28},{"not_picked":["Slice","Deadly Poison","Cloak And Dagger"],"picked":"SKIP","floor":30},{"not_picked":["Dodge and Roll","Blade Dance+1"],"picked":"Bane+1","floor":35},{"not_picked":["Dodge and Roll","Flechettes","Setup+1"],"picked":"SKIP","floor":36},{"not_picked":["Dagger Spray","Heel Hook+1","Skewer"],"picked":"SKIP","floor":37},{"not_picked":["Reflex+1","Masterful Stab+1","All Out Attack"],"picked":"SKIP","floor":39},{"not_picked":["Accuracy+1","Doppelganger"],"picked":"Blur+1","floor":41},{"not_picked":["Dagger Throw+1","Poisoned Stab","Sucker Punch"],"picked":"SKIP","floor":45},{"not_picked":["Tactician+1","Eviscerate","Skewer"],"picked":"SKIP","floor":46}],"player_experience":178884,"relics_obtained":[{"floor":6,"key":"Frozen Egg 2"},{"floor":8,"key":"Regal Pillow"},{"floor":9,"key":"MawBank"},{"floor":14,"key":"Centennial Puzzle"},{"floor":23,"key":"Meat on the Bone"},{"floor":26,"key":"Bottled Flame"},{"floor":41,"key":"PreservedInsect"},{"floor":43,"key":"Potion Belt"},{"floor":45,"key":"Gremlin Horn"}],"event_choices":[{"damage_healed":0,"gold_gain":275,"player_choice":"Desecrate","damage_taken":0,"max_hp_gain":0,"max_hp_loss":0,"event_name":"Golden Shrine","floor":3,"gold_loss":0,"cards_obtained":["Regret"]},{"cards_removed":["Strike_G"],"damage_healed":0,"gold_gain":0,"player_choice":"Gave Gold","damage_taken":0,"max_hp_gain":0,"max_hp_loss":0,"event_name":"Beggar","floor":20,"gold_loss":75},{"damage_healed":0,"gold_gain":0,"player_choice":"Got Potions","damage_taken":0,"max_hp_gain":0,"max_hp_loss":0,"event_name":"Lab","floor":21,"gold_loss":0},{"damage_healed":0,"gold_gain":0,"player_choice":"Ignored","damage_taken":0,"max_hp_gain":0,"max_hp_loss":0,"event_name":"Ghosts","floor":31,"gold_loss":0},{"damage_healed":18,"gold_gain":0,"player_choice":"Writhe","damage_taken":0,"max_hp_gain":0,"max_hp_loss":0,"event_name":"Winding Halls","floor":38,"gold_loss":0,"cards_obtained":["Writhe"]},{"damage_healed":0,"gold_gain":0,"player_choice":"Ignored","damage_taken":0,"max_hp_gain":0,"max_hp_loss":0,"event_name":"NoteForYourself","floor":44,"gold_loss":0}],"is_beta":false,"boss_relics":[{"not_picked":["Velvet Choker","HoveringKite"],"picked":"Cursed Key"},{"not_picked":["Empty Cage","WristBlade"],"picked":"Eternal Feather"}],"items_purged_floors":[5,29,48],"is_endless":false,"potions_floor_spawned":[2,6,10,14,16,18,22,25,27,30,35,39,41,46,47],"killed_by":"Awakened One","ascension_level":0}