{"gold_per_floor":[363,363,234,309,324,324,351,369,369,381,397,408,427,437,437,542,542,557,576,335,349,349,349,140,140,164,179,179,179,7,20,20,117,117,129,17,1016,1016,1032,1032,1032,1032,1059,1075,1093,1093],"floor_reached":46,"playtime":1506,"items_purged":["Defend_R","Defend_R","Defend_R"],"score":439,"play_id":"8109fba6-46eb-434f-9fd8-aa8fb0418cc3","local_time":"20190712185600","is_ascension_mode":false,"campfire_choices":[{"data":"Perfected Strike","floor":6.0,"key":"SMITH"},{"data":"Perfected Strike","floor":15.0,"key":"SMITH"},{"data":"Berserk","floor":23.0,"key":"SMITH"},{"data":"Pommel Strike","floor":25.0,"key":"SMITH"},{"floor":28.0,"key":"REST"},{"floor":32.0,"key":"REST"},{"floor":40.0,"key":"REST"}],"neow_cost":"PERCENT_DAMAGE","seed_source_timestamp":28405435158400,"circlet_count":0,"master_deck":["Strike_R","Strike_R","Strike_R","Strike_R","Strike_R","Defend_R+1","Bash+1","Perfected Strike+1","Perfected Strike+1","Entrench","Flame Barrier","Pommel Strike","Twin Strike","Power Through","Armaments","Pommel Strike","Berserk+1","Clothesline","Wild Strike+1","Impervious","Blood for Blood+1","Disarm","Pommel Strike+1","Barricade","Jack Of All Trades","Demon Form","True Grit+1","Second Wind","Feel No Pain","Normality","Normality","PanicButton","Evolve+1","Flame Barrier"],"special_seed":0,"relics":["Burning Blood"],"potions_floor_usage":[],"damage_taken":[{"damage":6.0,"enemies":"2 Louse","floor":1.0,"turns":4.0},{"damage":0.0,"enemies":"Small Slimes","floor":5.0,"turns":3.0},{"damage":11.0,"enemies":"Jaw Worm","floor":8.0,"turns":2.0},{"damage":19.0,"enemies":"Blue Slaver","floor":10.0,"turns":3.0},{"damage":0.0,"enemies":"2 Fungi Beasts","floor":11.0,"turns":2.0},{"damage":1.0,"enemies":"Exordium Wildlife","floor":12.0,"turns":3.0},{"damage":4.0,"enemies":"Gremlin Gang","floor":13.0,"turns":5.0},{"damage":2.0,"enemies":"Looter","floor":14.0,"turns":2.0},{"damage":13.0,"enemies":"Hexaghost","floor":16.0,"turns":8.0},{"damage":27.0,"enemies":"Shell Parasite","floor":18.0,"turns":7.0},{"damage":28.0,"enemies":"3 Byrds","floor":19.0,"turns":8.0},{"damage":13.0,"enemies":"Centurion and Healer","floor":21.0,"turns":6.0},{"damage":26.0,"enemies":"Shelled Parasite and Fungi","floor":27.0,"turns":6.0},{"damage":11.0,"enemies":"Snecko","floor":31.0,"turns":4.0},{"damage":50.0,"enemies":"Champ","floor":33.0,"turns":23.0},{"damage":27.0,"enemies":"3 Shapes","floor":35.0,"turns":6.0},{"damage":34.0,"enemies":"3 Darklings","floor":39.0,"turns":12.0},{"damage":17.0,"enemies":"4 Shapes","floor":44.0,"turns":9.0},{"damage":51.0,"enemies":"Transient","floor":45.0,"turns":5.0},{"damage":33,"enemies":"Spire Growth","floor":46,"turns":3}],"seed_played":"-2499607144993501736","potions_obtained":[{"floor":5.0,"key":"Poison Potion"},{"floor":10.0,"key":"Explosive Potion"},{"floor":13.0,"key":"Poison Potion"},{"floor":14.0,"key":"SpeedPotion"},{"floor":16.0,"key":"BloodPotion"},{"floor":19.0,"key":"Block Potion"},{"floor":21.0,"key":"Explosive Potion"},{"floor":27.0,"key":"SkillPotion"},{"floor":31.0,"key":"Weak Potion"},{"floor":39.0,"key":"Poison Potion"}],"is_trial":false,"path_per_floor":["M","?","$","?","M","R","T","M","T","M","M","M","M","M","R","B",null,"M","M","$","M","?","R","$","R","T","M","R","?","$","M","R","B",null,"M","$","?","?","M","R","?","?","T","M","M","M"],"character_chosen":"IRONCLAD","items_purchased":["Perfected Strike","Impervious","Disarm","Pommel Strike","BloodPotion","Jack Of All Trades","Second Wind","Feel No Pain"],"campfire_rested":3,"item_purchase_floors":[3,20,24,24,30,30,36,36],"current_hp_per_floor":[56,40,40,29,35,35,35,30,30,17,23,28,30,34,34,27,80,59,37,37,30,30,30,30,30,30,30,54,39,39,34,59,15,85,64,64,64,64,36,61,61,61,61,50,26,0],"gold":1093,"neow_bonus":"TWO_FIFTY_GOLD","is_prod":false,"is_daily":false,"chose_seed":false,"campfire_upgraded":4,"win_rate":0,"timestamp":1562972160,"path_taken":["M","?","$","?","M","R","?","M","T","M","M","M","M","M","R","BOSS","M","M","$","M","?","R","$","R","T","M","R","?","?","?","R","BOSS","M","$","?","?","M","R","?","?","T","M","M","M"],"build_version":"2019-07-05","purchased_purges":3,"victory":false,"max_hp_per_floor":[80,80,80,80,80,80,80,80,80,80,80,80,80,80,80,80,80,80,80,80,80,80,80,80,80,80,80,80,85,85,85,85,85,85,85,85,85,85,85,85,85,85,85,85,85,85],"card_choices":[{"not_picked":["Rupture","Shrug It Off"],"picked":"Perfected Strike","floor":1.0},{"not_picked":["Searing Blow","Flex"],"picked":"Entrench","floor":5.0},{"not_picked":["Sword Boomerang","Reckless Charge"],"picked":"Flame Barrier","floor":8.0},{"not_picked":["Pummel","Cleave"],"picked":"Pommel Strike","floor":10.0},{"not_picked":["Bloodletting","Searing Blow"],"picked":"Twin Strike","floor":11.0},{"not_picked":["Cleave","Headbutt"],"picked":"Power Through","floor":12.0},{"not_picked":["Warcry","Battle Trance"],"picked":"Armaments","floor":13.0},{"not_picked":["Limit Break","Twin Strike"],"picked":"Pommel Strike","floor":14.0},{"not_picked":["Feed","Offering"],"picked":"Berserk","floor":16.0},{"not_picked":["Cleave","Warcry"],"picked":"Clothesline","floor":18.0},{"not_picked":["Shrug It Off","Combust"],"picked":"Wild Strike+1","floor":19.0},{"not_picked":["Inflame","Havoc+1"],"picked":"Blood for Blood+1","floor":21.0},{"not_picked":["Reckless Charge","Pommel Strike"],"picked":"Barricade","floor":27.0},{"not_picked":["Iron Wave","Warcry","Heavy Blade+1"],"picked":"SKIP","floor":31.0},{"not_picked":["Dark Embrace","Offering"],"picked":"Demon Form","floor":33.0},{"not_picked":["Body Slam","Dropkick+1"],"picked":"True Grit+1","floor":35.0},{"not_picked":["Panache","Finesse"],"picked":"PanicButton","floor":38.0},{"not_picked":["Clash","Bloodletting"],"picked":"Evolve+1","floor":39.0},{"not_picked":["Second Wind","Clash+1","Sword Boomerang+1"],"picked":"SKIP","floor":44.0},{"not_picked":["Thunderclap","Perfected Strike"],"picked":"Flame Barrier","floor":45.0}],"player_experience":1861081,"relics_obtained":[],"event_choices":[{"damage_healed":0.0,"max_hp_gain":0.0,"max_hp_loss":0.0,"gold_gain":0.0,"event_name":"Shining Light","player_choice":"Entered Light","floor":2.0,"gold_loss":0.0,"damage_taken":16.0,"cards_upgraded":["Bash","Defend_R"]},{"damage_healed":0.0,"max_hp_gain":0.0,"max_hp_loss":0.0,"gold_gain":75.0,"event_name":"World of Goop","player_choice":"Gather Gold","floor":4.0,"gold_loss":0.0,"damage_taken":11.0},{"damage_healed":0.0,"max_hp_gain":0.0,"max_hp_loss":0.0,"gold_gain":0.0,"event_name":"Vampires","player_choice":"Ignored","floor":22.0,"gold_loss":0.0,"damage_taken":0.0},{"damage_healed":0.0,"max_hp_gain":5.0,"max_hp_loss":0.0,"gold_gain":0.0,"event_name":"Forgotten Altar","player_choice":"Shed Blood","floor":29.0,"gold_loss":0.0,"damage_taken":20.0},{"damage_healed":0.0,"max_hp_gain":0.0,"max_hp_loss":0.0,"gold_gain":999.0,"event_name":"MindBloom","player_choice":"Gold","floor":37.0,"gold_loss":0.0,"damage_taken":0.0,"cards_obtained":["Normality","Normality"]},{"damage_healed":0.0,"max_hp_gain":0.0,"max_hp_loss":0.0,"gold_gain":0.0,"event_name":"SensoryStone","player_choice":"Memory 1","floor":38.0,"gold_loss":0.0,"damage_taken":0.0},{"damage_healed":0.0,"max_hp_gain":0.0,"max_hp_loss":0.0,"gold_gain":0.0,"event_name":"Tomb of Lord Red Mask","player_choice":"Ignored","floor":41.0,"gold_loss":0.0,"damage_taken":0.0},{"damage_healed":0.0,"max_hp_gain":0.0,"max_hp_loss":0.0,"gold_gain":0.0,"event_name":"Mysterious Sphere","player_choice":"Ignored","floor":42.0,"gold_loss":0.0,"damage_taken":0.0}],"is_beta":false,"boss_relics":[{"not_picked":["Calling Bell","Mark of Pain","Eternal Feather"]},{"not_picked":["Lizard Tail","Snecko Eye","Runic Pyramid"]}],"items_purged_floors":[3,20,24],"is_endless":false,"potions_floor_spawned":[5,10,13,14,16,19,21,27,31,39],"killed_by":"Spire Growth","ascension_level":0}