{"gold_per_floor":[113,125,137,14,14,34,65,78,78,88,88,119,119,136,136,214,214,226,245,9,29,29,29,60,60,112,137,156,187,187,200,200,277,277,291,304,182,194,194,194,222,222,248,158,158,178,197,31,31,31,31,31,31,59,59],"floor_reached":55,"playtime":6622,"items_purged":["Strike_R","Strike_R"],"score":1332,"play_id":"f7706d09-e300-40b4-953e-4eca9c533f3f","local_time":"20190624163407","is_ascension_mode":true,"campfire_choices":[{"data":"Dual Wield","floor":11,"key":"SMITH"},{"data":"Bash","floor":13,"key":"SMITH"},{"data":"Flame Barrier","floor":15,"key":"SMITH"},{"data":"Dual Wield","floor":23,"key":"SMITH"},{"data":"Clothesline","floor":25,"key":"SMITH"},{"data":"Dual Wield","floor":30,"key":"SMITH"},{"data":"Shockwave","floor":32,"key":"SMITH"},{"data":"Heavy Blade","floor":40,"key":"SMITH"},{"data":"Uppercut","floor":42,"key":"SMITH"},{"floor":45,"key":"RECALL"},{"data":"Flame Barrier","floor":49,"key":"SMITH"},{"data":"Clothesline","floor":52,"key":"SMITH"}],"neow_cost":"NONE","seed_source_timestamp":989731116840293,"circlet_count":0,"master_deck":["AscendersBane","Strike_R","Defend_R","Defend_R","Defend_R+1","Defend_R","Bash+1","Searing Blow","Heavy Blade+1","Headbutt","Dual Wield+1","Clothesline+1","Havoc","Dual Wield+1","Twin Strike","Searing Blow","Flame Barrier+1","Shockwave+1","Metallicize+1","Juggernaut+1","Second Wind","Uppercut+1","Dual Wield+1","Shrug It Off","Shrug It Off","Corruption+1","Metallicize+1","Clothesline+1","Corruption+1","Demon Form+1","Shrug It Off","Sentinel","Metallicize+1","Demon Form+1","Flame Barrier+1","Corruption+1","Blood for Blood+1"],"special_seed":0,"relics":["Snecko Eye","Question Card","Nunchaku","Frozen Egg 2","Sozu","Bag of Preparation","Gambling Chip","Dodecahedron","Centennial Puzzle","Mercury Hourglass","Smiling Mask","Coffee Dripper","Oddly Smooth Stone","Lantern"],"potions_floor_usage":[12,16,55],"damage_taken":[{"damage":2.0,"enemies":"Jaw Worm","floor":1.0,"turns":2.0},{"damage":0.0,"enemies":"Cultist","floor":2.0,"turns":3.0},{"damage":0.0,"enemies":"Small Slimes","floor":3.0,"turns":2.0},{"damage":8.0,"enemies":"3 Louse","floor":6.0,"turns":3.0},{"damage":12.0,"enemies":"Gremlin Nob","floor":7.0,"turns":3.0},{"damage":0.0,"enemies":"Exordium Wildlife","floor":8.0,"turns":1.0},{"damage":7,"enemies":"Exordium Thugs","floor":10,"turns":4},{"damage":10,"enemies":"Lagavulin","floor":12,"turns":5},{"damage":0,"enemies":"3 Louse","floor":14,"turns":2},{"damage":11,"enemies":"Slime Boss","floor":16,"turns":7},{"damage":2,"enemies":"2 Thieves","floor":18,"turns":3},{"damage":0,"enemies":"Spheric Guardian","floor":19,"turns":3},{"damage":10,"enemies":"Shelled Parasite and Fungi","floor":21,"turns":4},{"damage":1,"enemies":"Book of Stabbing","floor":24,"turns":4},{"damage":5,"enemies":"Slavers","floor":27,"turns":3},{"damage":0,"enemies":"3 Cultists","floor":28,"turns":3},{"damage":0,"enemies":"Book of Stabbing","floor":29,"turns":3},{"damage":0,"enemies":"Sentry and Sphere","floor":31,"turns":2},{"damage":12,"enemies":"Collector","floor":33,"turns":5},{"damage":0,"enemies":"Orb Walker","floor":35,"turns":2},{"damage":0,"enemies":"3 Darklings","floor":36,"turns":3},{"damage":0,"enemies":"Maw","floor":38,"turns":5},{"damage":13,"enemies":"Reptomancer","floor":41,"turns":4},{"damage":0,"enemies":"Transient","floor":46,"turns":5},{"damage":0,"enemies":"4 Shapes","floor":47,"turns":3},{"damage":12,"enemies":"Time Eater","floor":50,"turns":5},{"damage":29,"enemies":"Shield and Spear","floor":54,"turns":4},{"damage":38,"enemies":"The Heart","floor":55,"turns":2}],"seed_played":"1616633067354137412","potions_obtained":[{"floor":3.0,"key":"Poison Potion"},{"floor":6.0,"key":"Weak Potion"},{"floor":7.0,"key":"Strength Potion"},{"floor":14,"key":"SneckoOil"},{"floor":16,"key":"LiquidBronze"}],"is_trial":false,"path_per_floor":["M","M","M","$","?","M","E","M","T","M","R","E","R","M","R","B",null,"M","M","$","M","?","R","E","R","T","E","M","E","R","M","R","B",null,"M","M","$","M","?","R","E","R","T","?","R","M","M","$","R","B",null,"R","$","E","B"],"character_chosen":"IRONCLAD","items_purchased":["Dual Wield","Clothesline","Bag of Preparation","Dual Wield","Shrug It Off","Sentinel","Flame Barrier","Corruption+1"],"campfire_rested":0,"item_purchase_floors":[4,4,20,20,20,37,48,48],"current_hp_per_floor":[66,66,66,66,66,58,46,46,46,39,39,29,29,29,29,18,61,59,59,59,49,49,49,48,48,48,43,43,43,43,43,43,31,64,64,64,64,64,64,64,51,51,51,51,51,51,51,51,51,39,63,63,63,34,0],"gold":59,"neow_bonus":"BOSS_RELIC","is_prod":false,"is_daily":false,"chose_seed":false,"campfire_upgraded":11,"win_rate":0,"timestamp":1561383247,"path_taken":["M","M","M","$","?","M","E","M","T","M","R","E","R","?","R","BOSS","M","M","$","M","?","R","E","R","T","E","?","E","R","M","R","BOSS","M","M","$","M","?","R","E","R","T","?","R","M","?","$","R","BOSS","R","$","E","BOSS"],"build_version":"2019-01-23","purchased_purges":2,"victory":false,"max_hp_per_floor":[75,75,75,75,75,75,75,75,75,75,75,75,75,75,75,75,75,75,75,75,75,75,75,75,75,75,75,75,75,75,75,75,75,75,75,75,75,75,71,71,71,71,71,71,71,71,71,71,71,71,71,71,71,71,71],"card_choices":[{"not_picked":["Pommel Strike","Shrug It Off"],"picked":"Searing Blow","floor":1.0},{"not_picked":["Sword Boomerang","Disarm"],"picked":"Heavy Blade","floor":2.0},{"not_picked":["Ghostly Armor","Intimidate"],"picked":"Headbutt","floor":3.0},{"not_picked":["Thunderclap","Rupture"],"picked":"Dual Wield","floor":6.0},{"not_picked":["Hemokinesis","Shrug It Off"],"picked":"Twin Strike","floor":7.0},{"not_picked":["Pummel","Twin Strike","Evolve"],"picked":"Searing Blow","floor":8.0},{"not_picked":["Limit Break","Carnage","Sword Boomerang"],"picked":"Flame Barrier","floor":10},{"not_picked":["Combust","Rupture","Juggernaut"],"picked":"Shockwave","floor":12},{"not_picked":["Headbutt","Combust+1","Iron Wave"],"picked":"Metallicize+1","floor":14},{"not_picked":["Berserk+1","Immolate","Brutality+1"],"picked":"Juggernaut+1","floor":16},{"not_picked":["Intimidate","Warcry","Dropkick"],"picked":"Second Wind","floor":18},{"not_picked":["Armaments","Second Wind","True Grit"],"picked":"Uppercut","floor":19},{"not_picked":["Warcry+1","Body Slam","Perfected Strike"],"picked":"Shrug It Off","floor":21},{"not_picked":["Shrug It Off+1","Rupture+1","Impervious"],"picked":"Corruption+1","floor":24},{"not_picked":["Havoc","Cleave","Thunderclap"],"picked":"Metallicize+1","floor":27},{"not_picked":["Heavy Blade","Pummel","Battle Trance"],"picked":"Clothesline","floor":28},{"not_picked":["Armaments","Warcry","Pommel Strike"],"picked":"Corruption+1","floor":29},{"not_picked":["Twin Strike","Pommel Strike","Searing Blow","Iron Wave"],"picked":"SKIP","floor":31},{"not_picked":["Juggernaut+1","Fiend Fire","Brutality+1"],"picked":"Demon Form+1","floor":33},{"not_picked":["Pummel","Anger+1","Clash+1","Rage"],"picked":"SKIP","floor":35},{"not_picked":["Perfected Strike","Body Slam","Clash"],"picked":"Shrug It Off","floor":36},{"not_picked":["Thunderclap","Battle Trance+1","Flex+1","True Grit"],"picked":"SKIP","floor":38},{"not_picked":["Perfected Strike+1","Combust+1","Warcry+1"],"picked":"Metallicize+1","floor":41},{"not_picked":["Power Through","Flex","Heavy Blade","Pummel"],"picked":"SKIP","floor":46},{"not_picked":["Dropkick","Havoc+1","Intimidate+1"],"picked":"Demon Form+1","floor":47},{"not_picked":["Warcry","Iron Wave","Wild Strike"],"picked":"Blood for Blood+1","floor":54}],"player_experience":488658,"relics_obtained":[{"floor":7.0,"key":"Question Card"},{"floor":9.0,"key":"Nunchaku"},{"floor":12,"key":"Frozen Egg 2"},{"floor":24,"key":"Dodecahedron"},{"floor":26,"key":"Centennial Puzzle"},{"floor":27,"key":"Mercury Hourglass"},{"floor":29,"key":"Smiling Mask"},{"floor":41,"key":"Oddly Smooth Stone"},{"floor":54,"key":"Lantern"}],"event_choices":[{"damage_healed":0.0,"max_hp_gain":0.0,"max_hp_loss":0.0,"gold_gain":0.0,"cards_transformed":["Strike_R"],"event_name":"Transmorgrifier","player_choice":"Transformed","floor":5.0,"gold_loss":0.0,"damage_taken":0.0,"cards_obtained":["Havoc"]},{"damage_healed":0,"gold_gain":0,"player_choice":"Gave Potion","damage_taken":0,"relics_obtained":["Gambling Chip"],"max_hp_gain":0,"max_hp_loss":0,"event_name":"WeMeetAgain","floor":22,"gold_loss":0},{"damage_healed":0,"gold_gain":0,"player_choice":"Max HP","damage_taken":0,"max_hp_gain":0,"max_hp_loss":4,"event_name":"Winding Halls","floor":39,"gold_loss":0},{"cards_removed":["Strike_R"],"damage_healed":0,"gold_gain":0,"player_choice":"Upgrade and Remove","damage_taken":0,"max_hp_gain":0,"max_hp_loss":0,"event_name":"Designer","floor":44,"gold_loss":90,"cards_upgraded":["Defend_R"]}],"is_beta":false,"boss_relics":[{"not_picked":["Black Star","Runic Cube"],"picked":"Sozu"},{"not_picked":["Velvet Choker","Astrolabe"],"picked":"Coffee Dripper"}],"items_purged_floors":[37,48],"is_endless":false,"potions_floor_spawned":[3,6,7,14,16,18,28,29,31,35,38,46,54],"killed_by":"The Heart","ascension_level":14}