{"gold_per_floor":[115,290,302,57,75,75,103,53,53,53,86,105,105,123,123,220,220,240,255,269,294,294,329,329,357,357,456,490,151,171,189,189,292,292,312,328,67,82,82,107,123,138,138,156,167,180,195,230,230,230,230,230,1,27,27],"floor_reached":56,"playtime":8149,"items_purged":["Doubt","Strike_R","Strike_R"],"score":1635,"play_id":"783fdf24-9857-49e4-9a83-427c9c1e3d33","local_time":"20190615020241","is_ascension_mode":true,"campfire_choices":[{"data":"Armaments","floor":6.0,"key":"SMITH"},{"data":"Flame Barrier","floor":10.0,"key":"SMITH"},{"data":"Intimidate","floor":13.0,"key":"SMITH"},{"data":"Armaments","floor":15.0,"key":"SMITH"},{"floor":24.0,"key":"REST"},{"floor":32,"key":"REST"},{"floor":49,"key":"RECALL"},{"floor":52,"key":"REST"}],"neow_cost":"NONE","seed_source_timestamp":158306490832580,"circlet_count":0,"master_deck":["Strike_R","Defend_R","Defend_R","Defend_R","Defend_R","Bash","Shrug It Off","Flame Barrier+1","Armaments+1","Feel No Pain","Intimidate+1","Headbutt","Clothesline","Warcry","Immolate","Armaments+1","Limit Break","Headbutt+1","Metallicize+1","Headbutt+1","Inflame+1","Flame Barrier","Inflame","Shrug It Off","Bandage Up","Sword Boomerang","Corruption","Barricade","Flame Barrier+1","Armaments+1","Metallicize","Sentinel","Shockwave","Body Slam","Dual Wield","Entrench+1","Pommel Strike","Infernal Blade+1","Uppercut","Sentinel+1","Power Through+1","Feel No Pain","Corruption","Intimidate","Warcry"],"special_seed":0,"relics":["Burning Blood","Blue Candle","Vajra","Red Skull","Fusion Hammer","Red Mask","Blood Vial","Orichalcum","Bag of Preparation","Anchor","Membership Card","Sozu","Bronze Scales","Strawberry","Pen Nib","Dead Branch","Paper Frog"],"potions_floor_usage":[28,55,55,55],"damage_taken":[{"damage":0.0,"enemies":"2 Louse","floor":1.0,"turns":3.0},{"damage":4.0,"enemies":"Small Slimes","floor":3.0,"turns":3.0},{"damage":0.0,"enemies":"Jaw Worm","floor":5.0,"turns":5.0},{"damage":21.0,"enemies":"3 Sentries","floor":7.0,"turns":11.0},{"damage":16.0,"enemies":"Lagavulin","floor":11.0,"turns":8.0},{"damage":0.0,"enemies":"Red Slaver","floor":12.0,"turns":4.0},{"damage":12.0,"enemies":"Exordium Thugs","floor":14.0,"turns":5.0},{"damage":23.0,"enemies":"Slime Boss","floor":16.0,"turns":9.0},{"damage":5.0,"enemies":"Shell Parasite","floor":18.0,"turns":6.0},{"damage":8.0,"enemies":"3 Byrds","floor":19.0,"turns":7.0},{"damage":15.0,"enemies":"Centurion and Healer","floor":20.0,"turns":9.0},{"damage":25.0,"enemies":"Masked Bandits","floor":21.0,"turns":4.0},{"damage":23.0,"enemies":"Gremlin Leader","floor":23.0,"turns":6.0},{"damage":30.0,"enemies":"Slavers","floor":25.0,"turns":3.0},{"damage":27,"enemies":"Book of Stabbing","floor":28,"turns":4},{"damage":3,"enemies":"Snecko","floor":30,"turns":7},{"damage":0,"enemies":"Cultist and Chosen","floor":31,"turns":3},{"damage":69,"enemies":"Champ","floor":33,"turns":14},{"damage":0,"enemies":"3 Shapes","floor":35,"turns":4},{"damage":0,"enemies":"Orb Walker","floor":36,"turns":5},{"damage":0,"enemies":"4 Shapes","floor":38,"turns":3},{"damage":31,"enemies":"Reptomancer","floor":40,"turns":6},{"damage":3,"enemies":"3 Darklings","floor":41,"turns":6},{"damage":24,"enemies":"Spire Growth","floor":42,"turns":5},{"damage":16,"enemies":"Jaw Worm Horde","floor":44,"turns":3},{"damage":2,"enemies":"Writhing Mass","floor":45,"turns":5},{"damage":0,"enemies":"4 Shapes","floor":46,"turns":5},{"damage":4,"enemies":"3 Darklings","floor":47,"turns":5},{"damage":17,"enemies":"Giant Head","floor":48,"turns":7},{"damage":26,"enemies":"Donu and Deca","floor":50,"turns":10},{"damage":6,"enemies":"Shield and Spear","floor":54,"turns":2},{"damage":50,"enemies":"The Heart","floor":55,"turns":7}],"seed_played":"-6800398935941754185","potions_obtained":[{"floor":3.0,"key":"Ancient Potion"},{"floor":5.0,"key":"Explosive Potion"},{"floor":14.0,"key":"Regen Potion"},{"floor":23.0,"key":"Fruit Juice"},{"floor":25.0,"key":"SteroidPotion"},{"floor":28,"key":"Explosive Potion"},{"floor":31,"key":"Dexterity Potion"}],"is_trial":false,"path_per_floor":["M","?","M","$","M","R","E","?","T","R","E","M","R","M","R","B",null,"M","M","M","?","?","E","R","E","T","?","E","$","M","M","R","B",null,"M","M","$","M","?","E","M","M","T","M","M","M","M","E","R","B",null,"R","$","E","B",null],"character_chosen":"IRONCLAD","items_purchased":["Armaments","Feel No Pain","Intimidate","Membership Card","Inflame","Shrug It Off","Bandage Up","Metallicize","Sentinel","Shockwave","Body Slam","Bronze Scales","Dead Branch","Corruption","Intimidate"],"campfire_rested":3,"item_purchase_floors":[4,4,4,29,29,29,29,37,37,37,37,37,53,53,53],"current_hp_per_floor":[86,86,88,88,88,88,73,73,73,73,63,69,69,63,63,46,78,79,77,68,49,49,41,67,50,50,50,31,31,40,48,75,18,74,82,90,90,93,93,79,84,68,68,64,74,86,94,89,89,77,94,100,100,100,62],"gold":27,"neow_bonus":"TEN_PERCENT_HP_BONUS","is_prod":false,"is_daily":false,"chose_seed":false,"campfire_upgraded":4,"win_rate":0,"timestamp":1560553361,"path_taken":["M","?","M","$","M","R","E","?","T","R","E","M","R","M","R","BOSS","M","M","M","?","?","E","R","E","T","?","E","$","M","M","R","BOSS","M","M","$","M","?","E","M","M","T","M","M","M","M","E","R","BOSS","R","$","E","BOSS"],"build_version":"2019-01-23","purchased_purges":3,"victory":true,"max_hp_per_floor":[88,88,88,88,88,88,88,88,88,88,88,88,88,88,88,88,88,88,88,88,88,88,88,88,93,93,93,93,93,93,93,93,93,93,93,93,93,93,93,100,100,100,100,100,100,100,100,100,100,100,100,100,100,100,100],"card_choices":[{"not_picked":["Cleave","Evolve"],"picked":"Shrug It Off","floor":1.0},{"not_picked":["Spot Weakness","Disarm"],"picked":"Flame Barrier","floor":3.0},{"not_picked":["Sword Boomerang","Bloodletting"],"picked":"Headbutt","floor":5.0},{"not_picked":["Flex","Blood for Blood"],"picked":"Clothesline","floor":7.0},{"not_picked":["Perfected Strike","Hemokinesis"],"picked":"Warcry","floor":11.0},{"not_picked":["Armaments","Iron Wave"],"picked":"Immolate","floor":12.0},{"not_picked":["Warcry","Twin Strike"],"picked":"Armaments","floor":14.0},{"not_picked":["Berserk","Brutality"],"picked":"Limit Break","floor":16.0},{"not_picked":["Bloodletting","Thunderclap"],"picked":"Headbutt+1","floor":18.0},{"not_picked":["Intimidate","Shrug It Off"],"picked":"Metallicize+1","floor":19.0},{"not_picked":["Warcry","Flex","Sword Boomerang"],"picked":"SKIP","floor":20.0},{"not_picked":["Thunderclap+1","Pommel Strike"],"picked":"Headbutt+1","floor":21.0},{"not_picked":["Berserk","Infernal Blade"],"picked":"Inflame+1","floor":23.0},{"not_picked":["Bloodletting","Twin Strike","Clash"],"picked":"SKIP","floor":25.0},{"not_picked":["Clothesline+1","Wild Strike+1"],"picked":"Flame Barrier","floor":28},{"not_picked":["Cleave+1","Thunderclap"],"picked":"Sword Boomerang","floor":30},{"not_picked":["Sever Soul","Hemokinesis"],"picked":"Corruption","floor":31},{"not_picked":["Feed","Immolate"],"picked":"Barricade","floor":33},{"not_picked":["Flex+1","Clothesline"],"picked":"Flame Barrier+1","floor":35},{"not_picked":["Havoc","Thunderclap+1"],"picked":"Armaments+1","floor":36},{"not_picked":["Sword Boomerang","Flex+1","Pommel Strike"],"picked":"SKIP","floor":38},{"not_picked":["Twin Strike","Armaments"],"picked":"Dual Wield","floor":40},{"not_picked":["Bloodletting+1","Perfected Strike"],"picked":"Entrench+1","floor":41},{"not_picked":["Clothesline","Body Slam"],"picked":"Pommel Strike","floor":42},{"not_picked":["Pommel Strike","Rage+1"],"picked":"Infernal Blade+1","floor":44},{"not_picked":["Hemokinesis+1","Blood for Blood"],"picked":"Uppercut","floor":45},{"not_picked":["Fiend Fire","Shrug It Off+1"],"picked":"Sentinel+1","floor":46},{"not_picked":["Cleave+1","Sentinel+1"],"picked":"Power Through+1","floor":47},{"not_picked":["Rampage+1","Battle Trance"],"picked":"Feel No Pain","floor":48},{"not_picked":["Cleave","Perfected Strike"],"picked":"Warcry","floor":54}],"player_experience":197423,"relics_obtained":[{"floor":7.0,"key":"Blue Candle"},{"floor":9.0,"key":"Vajra"},{"floor":11.0,"key":"Red Skull"},{"floor":21.0,"key":"Red Mask"},{"floor":23.0,"key":"Blood Vial"},{"floor":25.0,"key":"Orichalcum"},{"floor":26.0,"key":"Bag of Preparation"},{"floor":28,"key":"Anchor"},{"floor":40,"key":"Strawberry"},{"floor":48,"key":"Pen Nib"},{"floor":54,"key":"Paper Frog"}],"event_choices":[{"damage_healed":0.0,"max_hp_gain":0.0,"max_hp_loss":0.0,"gold_gain":175.0,"event_name":"Liars Game","player_choice":"AGREE","floor":2.0,"gold_loss":0.0,"damage_taken":0.0,"cards_obtained":["Doubt"]},{"cards_removed":["Strike_R"],"damage_healed":0.0,"max_hp_gain":0.0,"max_hp_loss":0.0,"gold_gain":0.0,"event_name":"The Cleric","player_choice":"Card Removal","floor":8.0,"gold_loss":50.0,"damage_taken":0.0},{"damage_healed":0.0,"max_hp_gain":0.0,"max_hp_loss":0.0,"gold_gain":0.0,"event_name":"Masked Bandits","player_choice":"Fought Bandits","floor":21.0,"gold_loss":0.0,"damage_taken":0.0},{"damage_healed":0.0,"max_hp_gain":0.0,"max_hp_loss":0.0,"gold_gain":0.0,"event_name":"Vampires","player_choice":"Ignored","floor":22.0,"gold_loss":0.0,"damage_taken":0.0},{"damage_healed":0.0,"max_hp_gain":0.0,"max_hp_loss":0.0,"gold_gain":99.0,"event_name":"Nest","player_choice":"Stole From Cult","floor":27.0,"gold_loss":0.0,"damage_taken":0.0},{"cards_removed":["Strike_R"],"damage_healed":0,"gold_gain":0,"player_choice":"Purged","damage_taken":0,"max_hp_gain":0,"max_hp_loss":0,"event_name":"Purifier","floor":39,"gold_loss":0}],"is_beta":false,"boss_relics":[{"not_picked":["Empty Cage","Eternal Feather"],"picked":"Fusion Hammer"},{"not_picked":["Runic Dome","Mark of Pain"],"picked":"Sozu"}],"items_purged_floors":[4,29,37],"is_endless":false,"potions_floor_spawned":[3,5,14,19,23,25,28,31,38,41,42,44,45,46],"ascension_level":6}