{"gold_per_floor":[14,29,47,66,116,116,151,151,228,254,99,113,113,130,130,203,203,223,223,239,40,53,53,53,70,70,70,70],"floor_reached":28,"playtime":3459,"items_purged":["Strike_G"],"score":460,"play_id":"884bf706-6e3c-4951-bb59-09d1e8719403","local_time":"20190718135229","is_ascension_mode":true,"campfire_choices":[{"data":"Noxious Fumes","floor":6.0,"key":"SMITH"},{"data":"Footwork","floor":8.0,"key":"SMITH"},{"data":"Glass Knife","floor":13.0,"key":"SMITH"},{"floor":15.0,"key":"REST"},{"floor":23.0,"key":"REST"},{"data":"Wraith Form v2","floor":27.0,"key":"SMITH"}],"neow_cost":"NO_GOLD","seed_source_timestamp":378932131128146,"circlet_count":0,"master_deck":["AscendersBane","Defend_G","Defend_G","Defend_G","Defend_G","Defend_G","Survivor","Neutralize","Footwork+1","Poisoned Stab","Noxious Fumes+1","Slice","Acrobatics","Glass Knife+1","PiercingWail","Deadly Poison","Crippling Poison","Wraith Form v2+1","Dodge and Roll+1","Predator+1","Catalyst","Noxious Fumes","Deadly Poison","Dodge and Roll","Setup","Predator","Backflip+1"],"special_seed":0,"relics":["Ring of the Snake","Ginger","Shuriken","Boot","HoveringKite","Letter Opener"],"potions_floor_usage":[28,28],"damage_taken":[{"damage":0.0,"enemies":"2 Louse","floor":1.0,"turns":5.0},{"damage":5.0,"enemies":"Cultist","floor":2.0,"turns":6.0},{"damage":0.0,"enemies":"Jaw Worm","floor":3.0,"turns":6.0},{"damage":0.0,"enemies":"Exordium Thugs","floor":4.0,"turns":5.0},{"damage":14.0,"enemies":"Lagavulin","floor":7.0,"turns":8.0},{"damage":44.0,"enemies":"Gremlin Nob","floor":10.0,"turns":5.0},{"damage":0.0,"enemies":"2 Fungi Beasts","floor":12.0,"turns":4.0},{"damage":1.0,"enemies":"Looter","floor":14.0,"turns":3.0},{"damage":20.0,"enemies":"The Guardian","floor":16.0,"turns":9.0},{"damage":3.0,"enemies":"3 Byrds","floor":18.0,"turns":5.0},{"damage":18.0,"enemies":"Spheric Guardian","floor":20.0,"turns":7.0},{"damage":2.0,"enemies":"Chosen and Byrds","floor":22.0,"turns":6.0},{"damage":13.0,"enemies":"Snecko","floor":25.0,"turns":4.0},{"damage":29,"enemies":"Slavers","floor":28,"turns":3}],"seed_played":"-5358072346661997292","potions_obtained":[{"floor":2.0,"key":"Fire Potion"},{"floor":3.0,"key":"Regen Potion"},{"floor":4.0,"key":"SpeedPotion"},{"floor":10.0,"key":"Explosive Potion"},{"floor":20.0,"key":"Dexterity Potion"},{"floor":25.0,"key":"SteroidPotion"}],"is_trial":false,"path_per_floor":["M","M","M","M","?","R","E","R","T","E","$","M","R","M","R","B",null,"M","?","M","$","M","R","?","M","T","R","E"],"character_chosen":"THE_SILENT","items_purchased":["PiercingWail","PowerPotion","Catalyst","Noxious Fumes","Deadly Poison"],"campfire_rested":2,"item_purchase_floors":[11,11,21,21,21],"current_hp_per_floor":[59,54,54,54,54,54,40,40,40,11,11,11,11,10,29,9,52,49,31,13,13,11,32,32,19,19,19,0],"gold":70,"neow_bonus":"REMOVE_TWO","is_prod":false,"is_daily":false,"chose_seed":false,"campfire_upgraded":4,"win_rate":0,"timestamp":1563447149,"path_taken":["M","M","M","M","?","R","E","R","T","E","?","M","R","M","R","BOSS","M","?","M","$","M","R","?","M","T","R","E"],"build_version":"2019-07-17","purchased_purges":1,"victory":false,"max_hp_per_floor":[66,66,66,66,66,66,66,66,66,66,66,66,66,66,66,66,66,66,71,71,71,71,71,71,71,71,71,71],"card_choices":[{"not_picked":["Sucker Punch","Acrobatics"],"picked":"Footwork","floor":1.0},{"not_picked":["Doppelganger","Dagger Throw"],"picked":"Poisoned Stab","floor":2.0},{"not_picked":["Expertise","Dagger Spray"],"picked":"Noxious Fumes","floor":3.0},{"not_picked":["Accuracy","Outmaneuver"],"picked":"Slice","floor":4.0},{"not_picked":["All Out Attack","Endless Agony"],"picked":"Acrobatics","floor":7.0},{"not_picked":["Poisoned Stab","Distraction"],"picked":"Glass Knife","floor":10.0},{"not_picked":["Underhanded Strike","Reflex"],"picked":"Deadly Poison","floor":12.0},{"not_picked":["Terror","Poisoned Stab"],"picked":"Crippling Poison","floor":14.0},{"not_picked":["Night Terror","Adrenaline"],"picked":"Wraith Form v2","floor":16.0},{"not_picked":["Blade Dance+1","Deflect"],"picked":"Dodge and Roll+1","floor":18.0},{"not_picked":["Leg Sweep","Bane"],"picked":"Predator+1","floor":20.0},{"not_picked":["Bane+1","Blade Dance"],"picked":"Dodge and Roll","floor":22.0},{"not_picked":["Prepared","Acrobatics+1"],"picked":"Backflip+1","floor":25.0}],"player_experience":769595,"relics_obtained":[{"floor":7.0,"key":"Ginger"},{"floor":9.0,"key":"Shuriken"},{"floor":10.0,"key":"Boot"},{"floor":26.0,"key":"Letter Opener"}],"event_choices":[{"damage_healed":0.0,"max_hp_gain":0.0,"max_hp_loss":0.0,"gold_gain":50.0,"event_name":"Golden Shrine","player_choice":"Pray","floor":5.0,"gold_loss":0.0,"damage_taken":0.0},{"damage_healed":0.0,"max_hp_gain":5.0,"max_hp_loss":0.0,"gold_gain":0.0,"event_name":"Forgotten Altar","player_choice":"Shed Blood","floor":19.0,"gold_loss":0.0,"damage_taken":23.0},{"damage_healed":0.0,"max_hp_gain":0.0,"max_hp_loss":0.0,"gold_gain":0.0,"cards_transformed":["Strike_G","Strike_G"],"event_name":"Drug Dealer","player_choice":"Became Test Subject","floor":24.0,"gold_loss":0.0,"damage_taken":0.0,"cards_obtained":["Setup","Predator"]}],"is_beta":false,"boss_relics":[{"not_picked":["Empty Cage","Ring of the Serpent"],"picked":"HoveringKite"}],"items_purged_floors":[11],"is_endless":false,"potions_floor_spawned":[2,3,4,10,12,20,25],"killed_by":"Slavers","ascension_level":20}