{"gold_per_floor":[114,130,130,130,130,164,178,210,210,3,19,54,54,70,70,165,165,181,181,2,21,44,78,92,103,129,129,129,129],"floor_reached":29,"playtime":3054,"items_purged":[],"score":405,"play_id":"61d3b82f-31d0-4f8a-afab-be320e9e0192","local_time":"20190615105941","is_ascension_mode":true,"campfire_choices":[{"data":"Uppercut","floor":13,"key":"SMITH"},{"data":"Bash","floor":15,"key":"SMITH"}],"neow_cost":"NONE","seed_source_timestamp":195764197714757,"circlet_count":0,"master_deck":["Defend_R","Defend_R","Defend_R","Defend_R+1","Bash+1","Headbutt","Armaments+1","True Grit","Shrug It Off","Seeing Red","Uppercut+1","Evolve","Seeing Red","Pummel","Demon Form","Rupture+1","Sadistic Nature","Headbutt+1","Barricade","Warcry","Bite","Bite","Bite","Bite","Bite"],"relics":["Burning Blood","Boot","Bird Faced Urn","Pear","Lee\u0027s Waffle","Paper Frog","Velvet Choker","Pantograph","Vajra","Oddly Smooth Stone"],"potions_floor_usage":[16,23,24,24,24,25],"damage_taken":[{"damage":10,"enemies":"Small Slimes","floor":1,"turns":3},{"damage":13,"enemies":"Jaw Worm","floor":2,"turns":4},{"damage":36,"enemies":"Lagavulin","floor":6,"turns":10},{"damage":0,"enemies":"2 Louse","floor":7,"turns":4},{"damage":20,"enemies":"3 Sentries","floor":8,"turns":11},{"damage":3,"enemies":"Looter","floor":11,"turns":3},{"damage":11,"enemies":"Lagavulin","floor":12,"turns":10},{"damage":2,"enemies":"2 Fungi Beasts","floor":14,"turns":4},{"damage":54,"enemies":"Hexaghost","floor":16,"turns":9},{"damage":25,"enemies":"2 Thieves","floor":18,"turns":4},{"damage":18,"enemies":"3 Byrds","floor":21,"turns":7},{"damage":41,"enemies":"Slavers","floor":23,"turns":6},{"damage":16,"enemies":"Centurion and Healer","floor":24,"turns":5},{"damage":8,"enemies":"Snecko","floor":25,"turns":5},{"damage":64,"enemies":"Gremlin Leader","floor":29,"turns":8}],"seed_played":"-1282733070723868084","potions_obtained":[{"floor":2,"key":"Swift Potion"},{"floor":7,"key":"Explosive Potion"},{"floor":11,"key":"Strength Potion"},{"floor":16,"key":"Swift Potion"},{"floor":23,"key":"AttackPotion"},{"floor":24,"key":"Weak Potion"}],"is_trial":false,"path_per_floor":["M","M","?","$","?","E","M","E","T","$","M","E","R","M","R","B",null,"M","?","$","M","T","E","M","M","T","?","?","E"],"character_chosen":"IRONCLAD","items_purchased":["Lee\u0027s Waffle","Sadistic Nature"],"campfire_rested":0,"item_purchase_floors":[10,20],"current_hp_per_floor":[68,61,66,66,49,19,25,11,21,102,102,97,97,101,101,55,90,71,50,50,42,42,15,13,19,19,19,19,0],"gold":129,"neow_bonus":"THREE_CARDS","is_prod":false,"is_daily":false,"chose_seed":false,"campfire_upgraded":2,"win_rate":0,"timestamp":1560585581,"path_taken":["M","M","?","$","?","E","M","E","T","?","M","E","R","M","R","BOSS","M","?","$","M","?","E","M","M","T","?","?","E"],"build_version":"2019-01-23","purchased_purges":0,"victory":false,"max_hp_per_floor":[80,80,85,85,85,85,85,85,95,102,102,102,102,102,102,102,102,102,107,107,107,107,107,107,107,107,107,107,107],"card_choices":[{"not_picked":["Warcry","Carnage"],"picked":"Headbutt","floor":0},{"not_picked":["Headbutt","Sever Soul"],"picked":"Armaments","floor":1},{"not_picked":["Rupture","Combust"],"picked":"True Grit","floor":2},{"not_picked":["Anger","Searing Blow"],"picked":"Shrug It Off","floor":6},{"not_picked":["Sword Boomerang","Rampage"],"picked":"Seeing Red","floor":7},{"not_picked":["Iron Wave","Entrench"],"picked":"Uppercut","floor":8},{"not_picked":["Body Slam","True Grit"],"picked":"Evolve","floor":11},{"not_picked":["Heavy Blade","Hemokinesis"],"picked":"Seeing Red","floor":12},{"not_picked":["Infernal Blade","Armaments"],"picked":"Pummel","floor":14},{"not_picked":["Juggernaut","Feed"],"picked":"Demon Form","floor":16},{"not_picked":["Anger","Iron Wave"],"picked":"Rupture+1","floor":18},{"not_picked":["Sever Soul","Reckless Charge","Heavy Blade"],"picked":"SKIP","floor":21},{"not_picked":["Second Wind+1","Sword Boomerang"],"picked":"Headbutt+1","floor":23},{"not_picked":["Clash","Bloodletting"],"picked":"Barricade","floor":24},{"not_picked":["True Grit","Anger"],"picked":"Warcry","floor":25}],"player_experience":205572,"relics_obtained":[{"floor":6,"key":"Boot"},{"floor":8,"key":"Bird Faced Urn"},{"floor":9,"key":"Pear"},{"floor":12,"key":"Paper Frog"},{"floor":22,"key":"Blood Vial"},{"floor":23,"key":"Pantograph"},{"floor":26,"key":"Vajra"}],"event_choices":[{"damage_healed":0,"gold_gain":0,"player_choice":"Donut","damage_taken":0,"max_hp_gain":5,"max_hp_loss":0,"event_name":"Big Fish","floor":3,"gold_loss":0},{"damage_healed":0,"gold_gain":0,"player_choice":"Entered Light","damage_taken":17,"max_hp_gain":0,"max_hp_loss":0,"event_name":"Shining Light","floor":5,"gold_loss":0,"cards_upgraded":["Defend_R","Armaments"]},{"damage_healed":0,"gold_gain":0,"player_choice":"Shed Blood","damage_taken":26,"max_hp_gain":5,"max_hp_loss":0,"event_name":"Forgotten Altar","floor":19,"gold_loss":0},{"damage_healed":0,"gold_gain":0,"player_choice":"Opened","damage_taken":0,"relics_obtained":["Oddly Smooth Stone"],"max_hp_gain":0,"max_hp_loss":0,"event_name":"The Mausoleum","floor":27,"gold_loss":0},{"damage_healed":0,"gold_gain":0,"player_choice":"Became a vampire (Vial)","damage_taken":0,"max_hp_gain":0,"max_hp_loss":0,"event_name":"Vampires","floor":28,"relics_lost":["Blood Vial"],"gold_loss":0,"cards_obtained":["Bite","Bite","Bite","Bite","Bite"]}],"is_beta":false,"boss_relics":[{"not_picked":["Runic Cube","Tiny House"],"picked":"Velvet Choker"}],"items_purged_floors":[],"is_endless":false,"potions_floor_spawned":[2,7,11,16,23,24],"killed_by":"Gremlin Leader","ascension_level":7}