{"gold_per_floor":[111,18,33,108,128,163,163,198,222,38,38,102,121,139,139,213,213,229,48,62,62,80,109,109,124,197,197],"floor_reached":27,"playtime":2198,"items_purged":[],"score":506,"play_id":"82ba4f4c-d623-4af3-b945-21fe7d31596c","local_time":"20190721222649","is_ascension_mode":true,"campfire_choices":[{"data":"Uppercut","floor":11.0,"key":"SMITH"},{"data":"Armaments","floor":15.0,"key":"SMITH"},{"data":"Barricade","floor":24,"key":"SMITH"}],"neow_cost":"PERCENT_DAMAGE","seed_source_timestamp":169428123921277,"circlet_count":0,"master_deck":["AscendersBane","Strike_R","Strike_R","Strike_R","Strike_R","Strike_R","Defend_R","Defend_R","Defend_R","Defend_R","Bash","Inflame","Uppercut+1","Armaments+1","Anger","Disarm","Sword Boomerang","Inflame","Shrug It Off","Seeing Red","Spot Weakness","Ghostly Armor","Barricade+1","Body Slam","Impervious","Shrug It Off","Sword Boomerang","Headbutt"],"special_seed":0,"relics":["Burning Blood","Mercury Hourglass","Sundial","Self Forming Clay","Happy Flower","Lantern","Tiny Chest","Black Star","Omamori","Pen Nib","Bottled Lightning"],"potions_floor_usage":[22,25],"damage_taken":[{"damage":1.0,"enemies":"Small Slimes","floor":1.0,"turns":4.0},{"damage":2.0,"enemies":"Jaw Worm","floor":3.0,"turns":4.0},{"damage":0.0,"enemies":"Cultist","floor":5.0,"turns":3.0},{"damage":25.0,"enemies":"Gremlin Nob","floor":6.0,"turns":4.0},{"damage":21.0,"enemies":"Lagavulin","floor":8.0,"turns":5.0},{"damage":27.0,"enemies":"Gremlin Nob","floor":12.0,"turns":4.0},{"damage":5.0,"enemies":"Large Slime","floor":13.0,"turns":3.0},{"damage":0.0,"enemies":"Blue Slaver","floor":14.0,"turns":2.0},{"damage":22,"enemies":"The Guardian","floor":16,"turns":11},{"damage":16,"enemies":"Chosen","floor":18,"turns":7},{"damage":3,"enemies":"2 Thieves","floor":20,"turns":4},{"damage":6,"enemies":"Sentry and Sphere","floor":22,"turns":5},{"damage":31,"enemies":"Slavers","floor":23,"turns":6},{"damage":19,"enemies":"Snake Plant","floor":25,"turns":5},{"damage":25,"enemies":"Book of Stabbing","floor":27,"turns":2}],"seed_played":"7578392964220636601","potions_obtained":[{"floor":1.0,"key":"SpeedPotion"},{"floor":3.0,"key":"Regen Potion"},{"floor":5.0,"key":"Ancient Potion"},{"floor":20,"key":"Fire Potion"},{"floor":22,"key":"GamblersBrew"}],"is_trial":false,"path_per_floor":["M","$","M","?","M","E","T","E","T","$","R","E","M","M","R","B",null,"M","$","M","?","M","E","R","M","T","E"],"character_chosen":"IRONCLAD","items_purchased":["Uppercut","Armaments","Lantern","Shrug It Off","Impervious","Shrug It Off"],"campfire_rested":0,"item_purchase_floors":[2,2,10,10,19,19],"current_hp_per_floor":[69,69,73,62,68,58,58,43,43,43,43,22,23,29,29,13,70,60,60,63,63,63,38,38,25,25,0],"gold":197,"neow_bonus":"TWENTY_PERCENT_HP_BONUS","is_prod":false,"is_daily":false,"chose_seed":false,"campfire_upgraded":3,"win_rate":0,"timestamp":1563737209,"path_taken":["M","$","M","?","M","E","?","E","T","$","R","E","M","M","R","BOSS","M","$","?","?","M","E","R","M","T","E"],"build_version":"2019-07-17","purchased_purges":0,"victory":false,"max_hp_per_floor":[89,89,89,89,89,89,89,89,89,89,89,89,89,89,89,89,89,89,89,89,89,89,89,89,89,89,89],"card_choices":[{"not_picked":["Sentinel","Searing Blow"],"picked":"Inflame","floor":1.0},{"not_picked":["Combust","Wild Strike"],"picked":"Anger","floor":3.0},{"not_picked":["Rupture","Intimidate"],"picked":"Disarm","floor":5.0},{"not_picked":["Evolve","Wild Strike"],"picked":"Sword Boomerang","floor":6.0},{"not_picked":["Wild Strike","Heavy Blade"],"picked":"Inflame","floor":8.0},{"not_picked":["Power Through","Carnage"],"picked":"Seeing Red","floor":12.0},{"not_picked":["Fiend Fire","Sword Boomerang"],"picked":"Spot Weakness","floor":13.0},{"not_picked":["Twin Strike","Cleave"],"picked":"Ghostly Armor","floor":14.0},{"not_picked":["Dark Embrace","Immolate"],"picked":"Barricade","floor":16},{"not_picked":["Twin Strike","Pummel"],"picked":"Body Slam","floor":18},{"not_picked":["Havoc","Wild Strike"],"picked":"Sword Boomerang","floor":20},{"not_picked":["Bloodletting","Twin Strike","Bludgeon"],"picked":"SKIP","floor":22},{"not_picked":["Wild Strike","Clothesline","Headbutt"],"picked":"SKIP","floor":23},{"not_picked":["Wild Strike","Clothesline"],"picked":"Headbutt","floor":23},{"not_picked":["Iron Wave","Clash","Evolve"],"picked":"SKIP","floor":25}],"player_experience":872242,"relics_obtained":[{"floor":6.0,"key":"Mercury Hourglass"},{"floor":7.0,"key":"Sundial"},{"floor":8.0,"key":"Self Forming Clay"},{"floor":9.0,"key":"Happy Flower"},{"floor":12.0,"key":"Tiny Chest"},{"floor":23,"key":"Omamori"},{"floor":23,"key":"Pen Nib"},{"floor":26,"key":"Bottled Lightning"}],"event_choices":[{"damage_healed":0.0,"max_hp_gain":0.0,"max_hp_loss":0.0,"gold_gain":75.0,"event_name":"World of Goop","player_choice":"Gather Gold","floor":4.0,"gold_loss":0.0,"damage_taken":11.0},{"damage_healed":0,"gold_gain":0,"player_choice":"Ignored","damage_taken":0,"max_hp_gain":0,"max_hp_loss":0,"event_name":"The Mausoleum","floor":21,"gold_loss":0}],"is_beta":false,"boss_relics":[{"not_picked":["Tiny House","Sozu"],"picked":"Black Star"}],"items_purged_floors":[],"is_endless":false,"potions_floor_spawned":[1,3,5,20,22],"killed_by":"Book of Stabbing","ascension_level":20}