{"gold_per_floor":[117,117,117,134,150,150,183,183,210,239,239,254,274,67,67,142,142,159,108,108,93],"floor_reached":21,"playtime":1264,"items_purged":["Strike_B"],"score":318,"play_id":"7ba17b43-d699-4727-96c8-d532940d53f3","local_time":"20190630171411","is_ascension_mode":true,"campfire_choices":[{"data":"Zap","floor":6.0,"key":"SMITH"},{"data":"Sunder","floor":8.0,"key":"SMITH"},{"floor":11.0,"key":"REST"},{"data":"Leap","floor":15.0,"key":"SMITH"}],"neow_cost":"PERCENT_DAMAGE","seed_source_timestamp":1515958257160677,"circlet_count":0,"master_deck":["AscendersBane","Defend_B","Defend_B","Defend_B","Defend_B","Zap+1","Dualcast","Gash","Seek","Cold Snap","Go for the Eyes","Sunder+1","Seek","Ball Lightning","Streamline","Panacea","Leap+1","All For One","Turbo","Cold Snap"],"special_seed":0,"relics":["Cracked Core","Ancient Tea Set","Art of War","Happy Flower","Black Star"],"potions_floor_usage":[21],"damage_taken":[{"damage":10.0,"enemies":"Small Slimes","floor":1.0,"turns":4.0},{"damage":0.0,"enemies":"Cultist","floor":4.0,"turns":4.0},{"damage":0.0,"enemies":"2 Louse","floor":5.0,"turns":3.0},{"damage":23.0,"enemies":"3 Sentries","floor":7.0,"turns":9.0},{"damage":15.0,"enemies":"Gremlin Nob","floor":10.0,"turns":4.0},{"damage":0.0,"enemies":"Large Slime","floor":12.0,"turns":3.0},{"damage":16.0,"enemies":"Gremlin Gang","floor":13.0,"turns":4.0},{"damage":13.0,"enemies":"Hexaghost","floor":16.0,"turns":12.0},{"damage":26.0,"enemies":"3 Byrds","floor":18.0,"turns":5.0},{"damage":28,"enemies":"Colosseum Slavers","floor":20,"turns":3},{"damage":6,"enemies":"2 Thieves","floor":21,"turns":1}],"seed_played":"-4942820049707019121","potions_obtained":[{"floor":1.0,"key":"Block Potion"},{"floor":7.0,"key":"Weak Potion"},{"floor":12.0,"key":"PowerPotion"},{"floor":13.0,"key":"Block Potion"}],"is_trial":false,"path_per_floor":["M","?","?","M","M","R","E","R","T","E","R","M","M","$","R","B",null,"M","$","?","M"],"character_chosen":"DEFECT","items_purchased":["Panacea","Leap","Cold Snap"],"campfire_rested":1,"item_purchase_floors":[14,14,19],"current_hp_per_floor":[36,59,59,59,59,59,36,36,36,21,42,42,26,26,26,13,57,31,31,3,0],"gold":93,"neow_bonus":"REMOVE_TWO","is_prod":false,"is_daily":false,"chose_seed":false,"campfire_upgraded":3,"win_rate":0,"timestamp":1561904051,"path_taken":["M","?","?","M","M","R","E","R","T","E","R","M","?","$","R","BOSS","M","$","?","M"],"build_version":"2019-01-23","purchased_purges":1,"victory":false,"max_hp_per_floor":[71,71,71,71,71,71,71,71,71,71,71,71,71,71,71,71,71,71,71,71,71],"card_choices":[{"not_picked":["Loop","Coolheaded"],"picked":"Gash","floor":1.0},{"not_picked":["Chill","Undo"],"picked":"Cold Snap","floor":4.0},{"not_picked":["Steam","Reprogram"],"picked":"Go for the Eyes","floor":5.0},{"not_picked":["Beam Cell","Sweeping Beam"],"picked":"Sunder","floor":7.0},{"not_picked":["Barrage","Go for the Eyes"],"picked":"Seek","floor":10.0},{"not_picked":["Loop","Chill"],"picked":"Ball Lightning","floor":12.0},{"not_picked":["Lockon","Steam"],"picked":"Streamline","floor":13.0},{"not_picked":["Amplify","Echo Form"],"picked":"All For One","floor":16.0},{"not_picked":["Undo","Rebound"],"picked":"Turbo","floor":18.0}],"player_experience":661267,"relics_obtained":[{"floor":7.0,"key":"Ancient Tea Set"},{"floor":9.0,"key":"Art of War"},{"floor":10.0,"key":"Happy Flower"}],"event_choices":[{"damage_healed":23.0,"max_hp_gain":0.0,"max_hp_loss":0.0,"gold_gain":0.0,"event_name":"Big Fish","player_choice":"Banana","floor":2.0,"gold_loss":0.0,"damage_taken":0.0},{"damage_healed":0.0,"max_hp_gain":0.0,"max_hp_loss":0.0,"gold_gain":0.0,"cards_transformed":["Strike_B"],"event_name":"Transmorgrifier","player_choice":"Transformed","floor":3.0,"gold_loss":0.0,"damage_taken":0.0,"cards_obtained":["Seek"]},{"damage_healed":0,"gold_gain":0,"player_choice":"Fight","damage_taken":0,"max_hp_gain":0,"max_hp_loss":0,"event_name":"Colosseum","floor":20,"gold_loss":0},{"damage_healed":0,"gold_gain":0,"player_choice":"Fled From Nobs","damage_taken":0,"max_hp_gain":0,"max_hp_loss":0,"event_name":"Colosseum","floor":20,"gold_loss":0}],"is_beta":false,"boss_relics":[{"not_picked":["Ectoplasm","White Beast Statue"],"picked":"Black Star"}],"items_purged_floors":[14],"is_endless":false,"potions_floor_spawned":[1,7,12,13,20],"killed_by":"2 Thieves","ascension_level":14}