{"gold_per_floor":[109,120,134,209,209,209,234,254,254,278,290,301,78,104,104,180,180,198,198,224,224,242,242],"floor_reached":23,"playtime":2888,"items_purged":["Strike_G"],"score":373,"play_id":"a9af7117-796c-4a6f-9f39-7b152b484e5f","local_time":"20190623165830","is_ascension_mode":true,"campfire_choices":[{"floor":6.0,"key":"REST"},{"floor":15,"key":"REST"}],"neow_cost":"PERCENT_DAMAGE","seed_source_timestamp":908626512304941,"circlet_count":0,"master_deck":["AscendersBane","Defend_G+1","Defend_G+1","Defend_G+1","Defend_G+1","Defend_G+1","Strike_G+1","Strike_G+1","Strike_G+1","Strike_G+1","Survivor+1","Neutralize","Flying Knee","PiercingWail","Infinite Blades","Dagger Spray","Noxious Fumes","Dodge and Roll","Dash","Poisoned Stab","Infinite Blades","Blur","Envenom","Acrobatics","Well Laid Plans","Eviscerate"],"special_seed":0,"relics":["Ring of the Snake","StoneCalendar","Bottled Lightning","Ornamental Fan","Odd Mushroom","Snake Skull","HoveringKite","Red Mask"],"potions_floor_usage":[14,16,20,22,22,23],"damage_taken":[{"damage":3.0,"enemies":"Cultist","floor":1.0,"turns":7.0},{"damage":0.0,"enemies":"2 Louse","floor":2.0,"turns":3.0},{"damage":4.0,"enemies":"Jaw Worm","floor":3.0,"turns":7.0},{"damage":15.0,"enemies":"3 Sentries","floor":7.0,"turns":7.0},{"damage":4.0,"enemies":"2 Fungi Beasts","floor":8.0,"turns":4.0},{"damage":19.0,"enemies":"The Mushroom Lair","floor":10.0,"turns":3.0},{"damage":3,"enemies":"Looter","floor":11,"turns":4},{"damage":0,"enemies":"Large Slime","floor":12,"turns":7},{"damage":0,"enemies":"Lagavulin","floor":14,"turns":6},{"damage":13,"enemies":"The Guardian","floor":16,"turns":9},{"damage":17,"enemies":"Spheric Guardian","floor":18,"turns":7},{"damage":27,"enemies":"Masked Bandits","floor":20,"turns":5},{"damage":15,"enemies":"2 Thieves","floor":22,"turns":5},{"damage":23,"enemies":"Gremlin Leader","floor":23,"turns":4}],"seed_played":"-556438260053936050","potions_obtained":[{"floor":1.0,"key":"Weak Potion"},{"floor":3.0,"key":"FearPotion"},{"floor":7.0,"key":"FairyPotion"},{"floor":14,"key":"Strength Potion"},{"floor":16,"key":"Poison Potion"},{"floor":20,"key":"Poison Potion"},{"floor":22,"key":"Weak Potion"}],"is_trial":false,"path_per_floor":["M","M","M","?","?","R","E","M","T","?","M","M","$","E","R","B",null,"M","?","?","?","M","E"],"character_chosen":"THE_SILENT","items_purchased":["GhostInAJar","Infinite Blades"],"campfire_rested":2,"item_purchase_floors":[13,13],"current_hp_per_floor":[42,42,38,27,13,34,19,15,15,7,4,4,4,4,25,12,56,39,62,35,35,20,0],"gold":242,"neow_bonus":"ONE_RARE_RELIC","is_prod":false,"is_daily":false,"chose_seed":false,"campfire_upgraded":0,"win_rate":0,"timestamp":1561298310,"path_taken":["M","M","?","?","?","R","E","M","T","?","M","M","$","E","R","BOSS","M","?","?","?","M","E"],"build_version":"2019-01-23","purchased_purges":1,"victory":false,"max_hp_per_floor":[70,70,70,70,70,70,70,70,70,70,70,70,70,70,70,70,70,70,70,70,70,70,70],"card_choices":[{"not_picked":["Calculated Gamble","Expertise"],"picked":"Flying Knee","floor":1.0},{"not_picked":["Blade Dance","Outmaneuver"],"picked":"PiercingWail","floor":2.0},{"not_picked":["Deflect","Slice"],"picked":"Infinite Blades","floor":3.0},{"not_picked":["Masterful Stab","Accuracy"],"picked":"Dagger Spray","floor":7.0},{"not_picked":["Deadly Poison","Bane"],"picked":"Noxious Fumes","floor":8.0},{"not_picked":["Blade Dance","Outmaneuver"],"picked":"Dodge and Roll","floor":10.0},{"not_picked":["Blade Dance","Malaise"],"picked":"Dash","floor":11},{"not_picked":["Calculated Gamble","Deflect"],"picked":"Poisoned Stab","floor":12},{"not_picked":["Quick Slash","Flying Knee"],"picked":"Blur","floor":14},{"not_picked":["Grand Finale","Venomology"],"picked":"Envenom","floor":16},{"not_picked":["Dodge and Roll","Prepared"],"picked":"Acrobatics","floor":18},{"not_picked":["Prepared","Blade Dance"],"picked":"Well Laid Plans","floor":20},{"not_picked":["Concentrate","Flechettes"],"picked":"Eviscerate","floor":22}],"player_experience":445098,"relics_obtained":[{"floor":7.0,"key":"Bottled Lightning"},{"floor":9.0,"key":"Ornamental Fan"},{"floor":10.0,"key":"Odd Mushroom"},{"floor":14,"key":"Snake Skull"},{"floor":20,"key":"Red Mask"}],"event_choices":[{"damage_healed":0.0,"max_hp_gain":0.0,"max_hp_loss":0.0,"gold_gain":75.0,"event_name":"World of Goop","player_choice":"Gather Gold","floor":4.0,"gold_loss":0.0,"damage_taken":11.0},{"damage_healed":0.0,"max_hp_gain":0.0,"max_hp_loss":0.0,"gold_gain":0.0,"event_name":"Shining Light","player_choice":"Entered Light","floor":5.0,"gold_loss":0.0,"damage_taken":14.0,"cards_upgraded":["Strike_G","Survivor"]},{"damage_healed":0.0,"max_hp_gain":0.0,"max_hp_loss":0.0,"gold_gain":0.0,"event_name":"Mushrooms","player_choice":"Fought Mushrooms","floor":10.0,"gold_loss":0.0,"damage_taken":0.0},{"damage_healed":23,"gold_gain":0,"player_choice":"Heal","damage_taken":0,"max_hp_gain":0,"max_hp_loss":0,"event_name":"The Library","floor":19,"gold_loss":0},{"damage_healed":0,"gold_gain":0,"player_choice":"Fought Bandits","damage_taken":0,"max_hp_gain":0,"max_hp_loss":0,"event_name":"Masked Bandits","floor":20,"gold_loss":0},{"damage_healed":0,"gold_gain":0,"player_choice":"Simplicity","damage_taken":0,"max_hp_gain":0,"max_hp_loss":0,"event_name":"Back to Basics","floor":21,"gold_loss":0,"cards_upgraded":["Defend_G","Defend_G","Defend_G","Defend_G","Defend_G","Strike_G","Strike_G","Strike_G"]}],"is_beta":false,"boss_relics":[{"not_picked":["Cursed Key","Pandora\u0027s Box"],"picked":"HoveringKite"}],"items_purged_floors":[13],"is_endless":false,"potions_floor_spawned":[1,3,7,14,16,20,22],"killed_by":"Gremlin Leader","ascension_level":13}