{"gold_per_floor":[217,228,29,61,111,111,163,189,201,213,260,316,371,418,430,519,531,582,594,606,635,306,335,347,400,425,425,484,484,484,527,527,603,603,639,659,727,162,207,232,232,232,232,287,315,315,367,26,26,51],"floor_reached":51,"playtime":8606,"items_purged":["Slice","Strike_G+1","Parasite"],"score":1525,"play_id":"a79c8606-66e8-42d8-87d3-8a6146d8d609","local_time":"20190625160100","is_ascension_mode":true,"campfire_choices":[{"data":"HandOfGreed","floor":6.0,"key":"SMITH"},{"floor":10.0,"key":"REST"},{"data":"Noxious Fumes","floor":15.0,"key":"SMITH"},{"data":"Noxious Fumes","floor":27.0,"key":"SMITH"},{"floor":29.0,"key":"REST"},{"data":"Adrenaline","floor":32.0,"key":"SMITH"},{"data":"Malaise","floor":41.0,"key":"SMITH"},{"floor":46.0,"key":"REST"},{"floor":49,"key":"REST"}],"neow_cost":"NONE","seed_source_timestamp":1071831999654193,"circlet_count":0,"master_deck":["AscendersBane","Defend_G+1","Defend_G+1","Defend_G+1","Defend_G+1","Defend_G+1","Strike_G+1","Strike_G+1","Survivor","Neutralize","Quick Slash","HandOfGreed+1","Footwork","Adrenaline+1","Terror","Noxious Fumes+1","Sucker Punch","Noxious Fumes+1","Blur","Leg Sweep+1","Predator","Footwork","PiercingWail","Acrobatics","Backflip+1","Eviscerate","Malaise+1","Calculated Gamble","Backflip","Night Terror","Crippling Poison","Dodge and Roll+1","Catalyst+1","Apotheosis","Dodge and Roll"],"special_seed":0,"relics":["Ring of the Snake","MawBank","Mercury Hourglass","Meat on the Bone","Snecko Eye","Centennial Puzzle","Singing Bowl","Bag of Marbles","Bottled Lightning","Empty Cage","Ancient Tea Set","Strawberry","Frozen Egg 2","Ice Cream","Shuriken","Art of War"],"potions_floor_usage":[50],"damage_taken":[{"damage":6.0,"enemies":"Small Slimes","floor":1.0,"turns":6.0},{"damage":5.0,"enemies":"Cultist","floor":2.0,"turns":5.0},{"damage":0.0,"enemies":"Jaw Worm","floor":4.0,"turns":3.0},{"damage":4.0,"enemies":"2 Fungi Beasts","floor":5.0,"turns":5.0},{"damage":16.0,"enemies":"Lagavulin","floor":7.0,"turns":7.0},{"damage":0.0,"enemies":"Blue Slaver","floor":8.0,"turns":2.0},{"damage":16.0,"enemies":"Gremlin Nob","floor":11.0,"turns":3.0},{"damage":0.0,"enemies":"Looter","floor":12.0,"turns":2.0},{"damage":0.0,"enemies":"Exordium Thugs","floor":13.0,"turns":5.0},{"damage":2.0,"enemies":"Red Slaver","floor":14.0,"turns":2.0},{"damage":16.0,"enemies":"Slime Boss","floor":16.0,"turns":8.0},{"damage":8.0,"enemies":"Chosen","floor":18.0,"turns":4.0},{"damage":0.0,"enemies":"3 Byrds","floor":19.0,"turns":2.0},{"damage":0.0,"enemies":"Snecko","floor":21.0,"turns":5.0},{"damage":0.0,"enemies":"Book of Stabbing","floor":23.0,"turns":7.0},{"damage":10.0,"enemies":"Snake Plant","floor":24.0,"turns":4.0},{"damage":6.0,"enemies":"Slavers","floor":25.0,"turns":7.0},{"damage":29.0,"enemies":"Book of Stabbing","floor":28.0,"turns":7.0},{"damage":4.0,"enemies":"Centurion and Healer","floor":31.0,"turns":6.0},{"damage":50.0,"enemies":"Collector","floor":33.0,"turns":9.0},{"damage":5.0,"enemies":"3 Shapes","floor":35.0,"turns":5.0},{"damage":21.0,"enemies":"3 Darklings","floor":36.0,"turns":5.0},{"damage":9.0,"enemies":"4 Shapes","floor":37.0,"turns":6.0},{"damage":0.0,"enemies":"Writhing Mass","floor":39.0,"turns":7.0},{"damage":1.0,"enemies":"Reptomancer","floor":40.0,"turns":11.0},{"damage":38.0,"enemies":"2 Orb Walkers","floor":44.0,"turns":6.0},{"damage":32.0,"enemies":"Nemesis","floor":45.0,"turns":11.0},{"damage":30.0,"enemies":"Reptomancer","floor":47.0,"turns":9.0},{"damage":4,"enemies":"Awakened One","floor":50,"turns":18}],"seed_played":"-2502290425380782375","potions_obtained":[{"floor":1.0,"key":"Ancient Potion"},{"floor":4.0,"key":"Swift Potion"},{"floor":5.0,"key":"Block Potion"},{"floor":7.0,"key":"Ancient Potion"},{"floor":12.0,"key":"Weak Potion"},{"floor":16.0,"key":"SmokeBomb"},{"floor":18.0,"key":"Regen Potion"},{"floor":21.0,"key":"GamblersBrew"},{"floor":37.0,"key":"Weak Potion"},{"floor":40.0,"key":"Regen Potion"},{"floor":45.0,"key":"Energy Potion"},{"floor":47.0,"key":"Dexterity Potion"}],"is_trial":false,"path_per_floor":["M","M","$","M","M","R","E","M","T","R","E","M","M","M","R","B",null,"M","M","?","M","$","E","M","E","T","R","E","R","?","M","R","B",null,"M","M","M","$","M","E","R","?","T","?","E","R","E","$","R","B",null],"character_chosen":"THE_SILENT","items_purchased":["HandOfGreed","Footwork","PiercingWail","Centennial Puzzle","Night Terror","Crippling Poison","Ancient Tea Set","SkillPotion","Apotheosis","Dodge and Roll"],"campfire_rested":4,"item_purchase_floors":[3,22,22,22,38,38,38,38,48,48],"current_hp_per_floor":[53,48,48,48,44,44,28,28,28,47,31,43,43,41,41,37,59,51,56,56,56,56,56,48,44,44,44,27,48,80,76,76,38,70,65,46,49,49,51,57,57,57,57,33,15,42,39,39,65,61],"gold":51,"neow_bonus":"HUNDRED_GOLD","is_prod":false,"is_daily":false,"chose_seed":false,"campfire_upgraded":5,"win_rate":0,"timestamp":1561467660,"path_taken":["M","M","$","M","M","R","E","M","T","R","E","M","M","M","R","BOSS","M","M","?","M","$","E","M","E","T","R","E","R","?","?","R","BOSS","M","M","M","$","M","E","R","?","T","?","E","R","E","$","R","BOSS"],"build_version":"2019-01-23","purchased_purges":3,"victory":true,"max_hp_per_floor":[66,66,66,66,66,66,66,66,66,66,66,66,66,66,66,66,66,66,66,66,66,66,66,68,70,70,70,70,70,80,80,80,80,80,80,82,82,82,84,91,91,86,86,88,90,90,90,87,87,87],"card_choices":[{"not_picked":["Calculated Gamble","Blade Dance"],"picked":"Slice","floor":1.0},{"not_picked":["PiercingWail","Slice"],"picked":"Quick Slash","floor":2.0},{"not_picked":["Bouncing Flask","Sucker Punch"],"picked":"Footwork","floor":4.0},{"not_picked":["Cloak And Dagger","Outmaneuver"],"picked":"Adrenaline","floor":5.0},{"not_picked":["Accuracy","Heel Hook","Bane"],"picked":"SKIP","floor":7.0},{"not_picked":["Eviscerate","Deflect"],"picked":"Terror","floor":8.0},{"not_picked":["Crippling Poison","Storm of Steel"],"picked":"Noxious Fumes","floor":11.0},{"not_picked":["Skewer","Predator"],"picked":"Sucker Punch","floor":12.0},{"not_picked":["Slice","Backflip"],"picked":"Noxious Fumes","floor":13.0},{"not_picked":["Dagger Spray","Deflect"],"picked":"Blur","floor":14.0},{"not_picked":["A Thousand Cuts","Envenom"],"picked":"Venomology","floor":16.0},{"not_picked":["Well Laid Plans+1","Blur"],"picked":"Leg Sweep+1","floor":18.0},{"not_picked":["Riddle With Holes","Heel Hook"],"picked":"Predator","floor":21.0},{"not_picked":["Escape Plan","Choke"],"picked":"Acrobatics","floor":23.0},{"not_picked":["Dodge and Roll","Dagger Throw","Prepared"],"picked":"Singing Bowl","floor":24.0},{"not_picked":["Outmaneuver","Masterful Stab","Dagger Throw"],"picked":"Singing Bowl","floor":25.0},{"not_picked":["Eviscerate","Accuracy"],"picked":"Backflip+1","floor":28.0},{"not_picked":["Escape Plan","Poisoned Stab"],"picked":"Eviscerate","floor":31.0},{"not_picked":["Die Die Die","Venomology"],"picked":"Malaise","floor":33.0},{"not_picked":["Masterful Stab","Flechettes"],"picked":"Calculated Gamble","floor":35.0},{"not_picked":["Slice","Cloak And Dagger+1","Acrobatics"],"picked":"Singing Bowl","floor":36.0},{"not_picked":["Blade Dance+1","Flechettes+1"],"picked":"Backflip","floor":37.0},{"not_picked":["Masterful Stab","Finisher","Distraction"],"picked":"Singing Bowl","floor":39.0},{"not_picked":["Calculated Gamble","Die Die Die"],"picked":"Dodge and Roll+1","floor":40.0},{"not_picked":["Cloak And Dagger","Sucker Punch+1","Quick Slash"],"picked":"Singing Bowl","floor":44.0},{"not_picked":["Outmaneuver","Dagger Spray","Riddle With Holes"],"picked":"Singing Bowl","floor":45.0},{"not_picked":["Expertise","Accuracy+1"],"picked":"Catalyst+1","floor":47.0}],"player_experience":529626,"relics_obtained":[{"floor":7.0,"key":"MawBank"},{"floor":9.0,"key":"Mercury Hourglass"},{"floor":11.0,"key":"Meat on the Bone"},{"floor":23.0,"key":"Singing Bowl"},{"floor":25.0,"key":"Bag of Marbles"},{"floor":28.0,"key":"Bottled Lightning"},{"floor":40.0,"key":"Strawberry"},{"floor":43.0,"key":"Frozen Egg 2"},{"floor":44.0,"key":"Ice Cream"},{"floor":45.0,"key":"Shuriken"},{"floor":47.0,"key":"Art of War"}],"event_choices":[{"damage_healed":0.0,"max_hp_gain":0.0,"max_hp_loss":0.0,"gold_gain":0.0,"event_name":"Back to Basics","player_choice":"Simplicity","floor":20.0,"gold_loss":0.0,"damage_taken":0.0,"cards_upgraded":["Defend_G","Defend_G","Defend_G","Defend_G","Defend_G","Strike_G","Strike_G","Strike_G","Strike_G","Strike_G"]},{"cards_removed":["Venomology"],"damage_healed":22.0,"max_hp_gain":10.0,"max_hp_loss":0.0,"gold_gain":0.0,"event_name":"Bonfire Elementals","player_choice":"Offered Rare","floor":30.0,"gold_loss":0.0,"damage_taken":0.0},{"damage_healed":0.0,"max_hp_gain":0.0,"max_hp_loss":5.0,"gold_gain":0.0,"event_name":"Winding Halls","player_choice":"Max HP","floor":42.0,"gold_loss":0.0,"damage_taken":0.0},{"damage_healed":0.0,"max_hp_gain":0.0,"max_hp_loss":0.0,"gold_gain":0.0,"event_name":"Mysterious Sphere","player_choice":"Fight","floor":44.0,"gold_loss":0.0,"damage_taken":0.0}],"is_beta":false,"boss_relics":[{"not_picked":["Cursed Key","White Beast Statue"],"picked":"Snecko Eye"},{"not_picked":["WristBlade","Calling Bell"],"picked":"Empty Cage"}],"items_purged_floors":[22,38,48],"is_endless":false,"potions_floor_spawned":[1,4,5,7,12,16,18,21,31,37,40,45,47],"ascension_level":17}