{"gold_per_floor":[360,360,32,32,50,84,84,115,115,115,115,129,140,2,2,79,79,99,109,120,145,145,179,179,207,207,220,239,239],"floor_reached":29,"playtime":1331,"items_purged":["Strike_R"],"score":646,"play_id":"b689b22c-8d70-4060-b82f-4a68df9701de","local_time":"20190701130032","is_ascension_mode":true,"campfire_choices":[{"data":"Uppercut","floor":7,"key":"SMITH"},{"data":"Seeing Red","floor":10,"key":"SMITH"},{"floor":15,"key":"REST"},{"data":"Barricade","floor":24,"key":"SMITH"}],"neow_cost":"PERCENT_DAMAGE","seed_source_timestamp":264191782469999,"circlet_count":0,"master_deck":["AscendersBane","Strike_R","Strike_R","Strike_R","Defend_R","Defend_R","Defend_R","Defend_R","Bash","Heavy Blade","Intimidate","Uppercut+1","Ghostly Armor","Intimidate","Seeing Red+1","Bash","Warcry","Warcry","Disarm","Barricade+1","Ghostly Armor","Body Slam","Spot Weakness+1","Reaper","Metallicize","Corruption+1","True Grit","Entrench"],"relics":["Burning Blood","Red Skull","Unceasing Top","Orichalcum","Dead Branch","Lizard Tail","Boot","Incense Burner","Self Forming Clay","Matryoshka"],"potions_floor_usage":[6,8,16,18,19,20,25,29,29],"damage_taken":[{"damage":11,"enemies":"Jaw Worm","floor":1,"turns":4},{"damage":8,"enemies":"Small Slimes","floor":5,"turns":3},{"damage":14,"enemies":"Lagavulin","floor":6,"turns":10},{"damage":17,"enemies":"3 Sentries","floor":8,"turns":6},{"damage":2,"enemies":"2 Louse","floor":12,"turns":3},{"damage":9,"enemies":"Red Slaver","floor":13,"turns":2},{"damage":10,"enemies":"The Guardian","floor":16,"turns":17},{"damage":8,"enemies":"Chosen","floor":18,"turns":5},{"damage":15,"enemies":"2 Thieves","floor":19,"turns":4},{"damage":34,"enemies":"Shelled Parasite and Fungi","floor":20,"turns":4},{"damage":20,"enemies":"Book of Stabbing","floor":23,"turns":4},{"damage":92,"enemies":"Gremlin Leader","floor":25,"turns":7},{"damage":15,"enemies":"Snecko","floor":27,"turns":2},{"damage":4,"enemies":"Cultist and Chosen","floor":28,"turns":4},{"damage":58,"enemies":"Slavers","floor":29,"turns":3}],"seed_played":"-6458914419935616069","potions_obtained":[{"floor":1,"key":"PowerPotion"},{"floor":6,"key":"Strength Potion"},{"floor":12,"key":"Strength Potion"},{"floor":16,"key":"PowerPotion"},{"floor":18,"key":"Fire Potion"},{"floor":23,"key":"Dexterity Potion"},{"floor":25,"key":"Block Potion"},{"floor":28,"key":"Block Potion"}],"is_trial":false,"path_per_floor":["M","?","$","?","M","E","R","E","T","R","?","M","M","$","R","B",null,"M","M","M","T","?","E","R","E","T","M","M","E"],"character_chosen":"IRONCLAD","items_purchased":["Red Skull","Uppercut","Disarm","Swift Potion"],"campfire_rested":1,"item_purchase_floors":[3,3,14,14],"current_hp_per_floor":[45,45,45,45,43,35,35,24,24,24,24,28,25,25,47,43,67,65,56,28,28,28,30,30,27,27,18,20,0],"gold":239,"neow_bonus":"TWO_FIFTY_GOLD","is_prod":false,"is_daily":false,"chose_seed":false,"campfire_upgraded":3,"win_rate":0,"timestamp":1562000432,"path_taken":["M","?","$","?","?","E","R","E","T","R","?","M","M","$","R","BOSS","M","M","M","?","?","E","R","E","T","?","M","E"],"build_version":"2019-01-23","purchased_purges":1,"victory":false,"max_hp_per_floor":[75,75,75,75,75,75,75,75,75,75,75,75,75,75,75,75,75,75,75,75,75,75,75,75,75,75,75,75,75],"card_choices":[{"not_picked":["Searing Blow","Clash"],"picked":"Heavy Blade","floor":1},{"not_picked":["Armaments","Twin Strike"],"picked":"Ghostly Armor","floor":5},{"not_picked":["Rage","Dual Wield"],"picked":"Intimidate","floor":6},{"not_picked":["Second Wind","Corruption"],"picked":"Seeing Red","floor":8},{"not_picked":["Reckless Charge","True Grit"],"picked":"Warcry","floor":12},{"not_picked":["Searing Blow","Thunderclap"],"picked":"Warcry","floor":13},{"not_picked":["Reaper","Exhume"],"picked":"Barricade","floor":16},{"not_picked":["Wild Strike","Clash"],"picked":"Ghostly Armor","floor":18},{"not_picked":["Wild Strike","Rupture"],"picked":"Body Slam","floor":19},{"not_picked":["Pommel Strike","Warcry"],"picked":"Spot Weakness+1","floor":20},{"not_picked":["Uppercut","Sword Boomerang"],"picked":"Metallicize","floor":23},{"not_picked":["Flex","Offering"],"picked":"Corruption+1","floor":25},{"not_picked":["Combust","Wild Strike+1"],"picked":"True Grit","floor":27},{"not_picked":["Sword Boomerang","Inflame"],"picked":"Entrench","floor":28}],"player_experience":1614291,"relics_obtained":[{"floor":6,"key":"Unceasing Top"},{"floor":8,"key":"Orichalcum"},{"floor":9,"key":"Dead Branch"},{"floor":21,"key":"Boot"},{"floor":23,"key":"Incense Burner"},{"floor":25,"key":"Self Forming Clay"},{"floor":26,"key":"Matryoshka"}],"event_choices":[{"damage_healed":0,"gold_gain":0,"cards_transformed":["Strike_R"],"player_choice":"Change","damage_taken":0,"max_hp_gain":0,"max_hp_loss":0,"event_name":"Living Wall","floor":2,"gold_loss":0,"cards_obtained":["Intimidate"]},{"damage_healed":0,"gold_gain":0,"player_choice":"Ignored","damage_taken":0,"max_hp_gain":0,"max_hp_loss":0,"event_name":"Liars Game","floor":4,"gold_loss":0},{"damage_healed":0,"gold_gain":0,"player_choice":"1 cards matched","damage_taken":0,"max_hp_gain":0,"max_hp_loss":0,"event_name":"Match and Keep!","floor":11,"gold_loss":0,"cards_obtained":["Bash"]},{"damage_healed":0,"gold_gain":0,"player_choice":"1 cards matched","damage_taken":0,"max_hp_gain":0,"max_hp_loss":0,"event_name":"Match and Keep!","floor":22,"gold_loss":0,"cards_obtained":["Reaper"]}],"is_beta":false,"boss_relics":[{"not_picked":["Runic Dome","Coffee Dripper"],"picked":"Lizard Tail"}],"items_purged_floors":[3],"is_endless":false,"potions_floor_spawned":[1,6,12,16,18,23,25,28],"killed_by":"Slavers","ascension_level":20}