{"gold_per_floor":[110,68,86,5,5,34,34,68,92,106,118,118,143,160,160,234,234,254,454,464,474,493,510,510,12,12,12,47,47,47,62,62,134,134,149,149,149,160,160,160,180,192,192,225,237,249,272,314,326,338,350],"floor_reached":51,"playtime":2302,"items_purged":[],"score":1644,"play_id":"02013d24-0053-4b2a-80e1-f9e0f3bb3820","local_time":"20190701222339","is_ascension_mode":true,"campfire_choices":[{"data":"Whirlwind","floor":7,"key":"SMITH"},{"data":"Shockwave","floor":12,"key":"SMITH"},{"data":"Uppercut","floor":15,"key":"SMITH"},{"floor":24,"key":"REST"},{"floor":27,"key":"REST"},{"data":"1","floor":29,"key":"LIFT"},{"data":"2","floor":32,"key":"LIFT"},{"floor":40,"key":"REST"},{"floor":46,"key":"REST"},{"floor":49,"key":"REST"}],"neow_cost":"NONE","seed_source_timestamp":297009788354700,"circlet_count":0,"master_deck":["AscendersBane","Strike_R","Strike_R","Strike_R","Strike_R","Defend_R","Defend_R","Defend_R","Defend_R","Bash","Iron Wave","Whirlwind+1","Shrug It Off","Shockwave+1","Shrug It Off","Uppercut+1","Power Through","Clothesline","Shrug It Off","Brutality","Offering","Pommel Strike","Offering","Corruption","Disarm","Armaments","Power Through","Shrug It Off","Double Tap","Uppercut","Panacea","Chrysalis","Trip","True Grit+1","Burning Pact","Ghostly Armor","Limit Break","Armaments+1","True Grit+1","Juggernaut","Inflame+1"],"relics":["Burning Blood","NeowsBlessing","Blood Vial","Pocketwatch","Dream Catcher","Nunchaku","Fusion Hammer","Mango","Oddly Smooth Stone","Bottled Tornado","Girya","Cursed Key","MawBank","Bronze Scales"],"potions_floor_usage":[13,20,21,28,33,42,44,50,50],"damage_taken":[{"damage":0,"enemies":"2 Louse","floor":1,"turns":1},{"damage":0,"enemies":"Jaw Worm","floor":3,"turns":1},{"damage":0,"enemies":"Lagavulin","floor":6,"turns":1},{"damage":20,"enemies":"3 Sentries","floor":8,"turns":4},{"damage":4,"enemies":"Cultist","floor":10,"turns":3},{"damage":5,"enemies":"Blue Slaver","floor":11,"turns":4},{"damage":44,"enemies":"Lagavulin","floor":13,"turns":9},{"damage":1,"enemies":"Red Slaver","floor":14,"turns":4},{"damage":39,"enemies":"The Guardian","floor":16,"turns":20},{"damage":12,"enemies":"Spheric Guardian","floor":18,"turns":6},{"damage":6,"enemies":"2 Thieves","floor":20,"turns":2},{"damage":14,"enemies":"Centurion and Healer","floor":21,"turns":5},{"damage":15,"enemies":"Shelled Parasite and Fungi","floor":22,"turns":4},{"damage":27,"enemies":"Snake Plant","floor":23,"turns":4},{"damage":20,"enemies":"Book of Stabbing","floor":28,"turns":6},{"damage":6,"enemies":"Snecko","floor":31,"turns":4},{"damage":16,"enemies":"Collector","floor":33,"turns":6},{"damage":6,"enemies":"Orb Walker","floor":35,"turns":3},{"damage":24,"enemies":"3 Darklings","floor":38,"turns":4},{"damage":47,"enemies":"Sphere and 2 Shapes","floor":41,"turns":5},{"damage":6,"enemies":"Jaw Worm Horde","floor":42,"turns":2},{"damage":7,"enemies":"Nemesis","floor":44,"turns":5},{"damage":12,"enemies":"3 Darklings","floor":47,"turns":1},{"damage":43,"enemies":"Giant Head","floor":48,"turns":8},{"damage":30,"enemies":"Donu and Deca","floor":50,"turns":7},{"damage":51,"enemies":"Time Eater","floor":51,"turns":7}],"seed_played":"-374810681102358130","potions_obtained":[{"floor":8,"key":"Swift Potion"},{"floor":10,"key":"BloodPotion"},{"floor":14,"key":"Energy Potion"},{"floor":16,"key":"SkillPotion"},{"floor":20,"key":"LiquidBronze"},{"floor":23,"key":"Dexterity Potion"},{"floor":31,"key":"PowerPotion"},{"floor":33,"key":"Regen Potion"},{"floor":42,"key":"Strength Potion"},{"floor":47,"key":"Ancient Potion"}],"is_trial":false,"path_per_floor":["M","$","M","$","?","E","R","E","T","M","M","R","E","M","R","B",null,"M","?","M","M","M","M","R","$","T","R","E","R","?","M","R","B",null,"M","?","?","M","T","R","M","M","T","E","?","R","M","E","R","B","B"],"character_chosen":"IRONCLAD","items_purchased":["Whirlwind","Shockwave","Mango","Oddly Smooth Stone"],"campfire_rested":5,"item_purchase_floors":[2,4,25,25],"current_hp_per_floor":[74,74,75,75,75,75,75,61,61,65,68,68,50,57,57,26,63,59,59,61,55,48,29,51,65,65,89,75,75,89,89,89,79,87,89,79,79,63,63,89,48,55,55,56,56,81,77,42,67,45,0],"gold":350,"neow_bonus":"THREE_ENEMY_KILL","is_prod":false,"is_daily":false,"chose_seed":false,"campfire_upgraded":3,"win_rate":0,"timestamp":1562034219,"path_taken":["M","$","M","$","?","E","R","E","T","M","M","R","E","M","R","BOSS","M","?","?","M","M","M","R","$","T","R","E","R","?","?","R","BOSS","M","?","?","M","?","R","M","M","T","E","?","R","M","E","R","BOSS","BOSS"],"build_version":"2019-07-01","purchased_purges":0,"victory":false,"max_hp_per_floor":[75,75,75,75,75,75,75,75,75,75,75,75,75,75,75,75,75,75,75,75,75,75,75,75,89,89,89,89,89,89,89,89,89,89,89,89,89,89,89,89,89,89,89,89,85,85,85,85,85,85,85],"card_choices":[{"not_picked":["Entrench","Flex"],"picked":"Iron Wave","floor":1},{"not_picked":["Wild Strike","Rage"],"picked":"Shrug It Off","floor":3},{"not_picked":["Thunderclap","Searing Blow"],"picked":"Shrug It Off","floor":6},{"not_picked":["Pommel Strike","Headbutt"],"picked":"Uppercut","floor":8},{"not_picked":["Havoc","Clash"],"picked":"Power Through","floor":10},{"not_picked":["Limit Break","Combust"],"picked":"Clothesline","floor":11},{"not_picked":["Heavy Blade","Havoc"],"picked":"Shrug It Off","floor":13},{"not_picked":["Perfected Strike","Metallicize"],"picked":"Brutality","floor":14},{"not_picked":["Impervious","Juggernaut"],"picked":"Offering","floor":16},{"not_picked":["Thunderclap","Dual Wield+1"],"picked":"Pommel Strike","floor":18},{"not_picked":["Perfected Strike","Body Slam","Intimidate"],"picked":"SKIP","floor":20},{"not_picked":["Whirlwind","Bloodletting"],"picked":"Offering","floor":21},{"not_picked":["Anger+1","Clash"],"picked":"Corruption","floor":22},{"not_picked":["Clash","Intimidate"],"picked":"Disarm","floor":23},{"not_picked":["Carnage","Wild Strike"],"picked":"Metallicize","floor":24},{"not_picked":["Havoc","Corruption+1"],"picked":"Armaments","floor":27},{"not_picked":["Havoc","Fire Breathing"],"picked":"Power Through","floor":28},{"not_picked":["Dual Wield","Headbutt"],"picked":"Shrug It Off","floor":31},{"not_picked":["Fiend Fire","Berserk"],"picked":"Double Tap","floor":33},{"not_picked":["Wild Strike+1","Thunderclap"],"picked":"Uppercut","floor":35},{"not_picked":["Swift Strike","Secret Technique"],"picked":"Panacea","floor":36},{"not_picked":["Enlightenment","Forethought"],"picked":"Chrysalis","floor":36},{"not_picked":["PanicButton","Enlightenment"],"picked":"Trip","floor":36},{"not_picked":["Spot Weakness","Cleave"],"picked":"True Grit+1","floor":38},{"not_picked":["Iron Wave+1","Combust"],"picked":"Burning Pact","floor":40},{"not_picked":["Havoc","Carnage","Clash+1"],"picked":"SKIP","floor":41},{"not_picked":["Rampage","Sword Boomerang"],"picked":"Ghostly Armor","floor":42},{"not_picked":["Sword Boomerang+1","Cleave"],"picked":"Limit Break","floor":44},{"not_picked":["Thunderclap","Havoc"],"picked":"Armaments+1","floor":46},{"not_picked":["Twin Strike+1","Evolve+1"],"picked":"True Grit+1","floor":47},{"not_picked":["Flex","Headbutt+1"],"picked":"Juggernaut","floor":48},{"not_picked":["Seeing Red","Power Through+1"],"picked":"Inflame+1","floor":49}],"player_experience":1633206,"relics_obtained":[{"floor":6,"key":"Blood Vial"},{"floor":8,"key":"Pocketwatch"},{"floor":9,"key":"Dream Catcher"},{"floor":13,"key":"Nunchaku"},{"floor":26,"key":"Bottled Tornado"},{"floor":28,"key":"Girya"},{"floor":44,"key":"MawBank"},{"floor":48,"key":"Bronze Scales"}],"event_choices":[{"damage_healed":0,"gold_gain":0,"player_choice":"Ignored","damage_taken":0,"max_hp_gain":0,"max_hp_loss":0,"event_name":"Liars Game","floor":5,"gold_loss":0},{"damage_healed":0,"gold_gain":200,"player_choice":"Gold","damage_taken":0,"max_hp_gain":0,"max_hp_loss":0,"event_name":"Wheel of Change","floor":19,"gold_loss":0},{"cards_removed":["Metallicize"],"damage_healed":14,"gold_gain":0,"player_choice":"Offered Uncommon","damage_taken":0,"max_hp_gain":0,"max_hp_loss":0,"event_name":"Bonfire Elementals","floor":30,"gold_loss":0},{"damage_healed":0,"gold_gain":0,"player_choice":"Memory 3","damage_taken":10,"max_hp_gain":0,"max_hp_loss":0,"event_name":"SensoryStone","floor":36,"gold_loss":0},{"cards_removed":["Strike_R"],"damage_healed":0,"gold_gain":0,"player_choice":"Removed Attack","damage_taken":0,"max_hp_gain":0,"max_hp_loss":0,"event_name":"Falling","floor":37,"gold_loss":0},{"damage_healed":0,"gold_gain":0,"player_choice":"Max HP","damage_taken":0,"max_hp_gain":0,"max_hp_loss":4,"event_name":"Winding Halls","floor":45,"gold_loss":0}],"is_beta":false,"boss_relics":[{"not_picked":["Coffee Dripper","Empty Cage"],"picked":"Fusion Hammer"},{"not_picked":["Black Blood","Mark of Pain"],"picked":"Cursed Key"}],"items_purged_floors":[],"is_endless":false,"potions_floor_spawned":[8,10,14,16,20,23,31,33,42,47,48],"killed_by":"Time Eater","ascension_level":20}