{"gold_per_floor":[114,130,3,3,3,3,29,42,95,95,128,128,0,12,12,113,113,124,141,155,173,173,173,206,226,226,237,237,265,265,265,265,369,369,379,10,23,23,41,41,41],"floor_reached":41,"playtime":4325,"items_purged":["Strike_R"],"score":466,"play_id":"0a379ae6-2adb-4923-8956-cd22c38edec5","local_time":"20190713150414","is_ascension_mode":false,"campfire_choices":[{"data":"Bash","floor":6,"key":"SMITH"},{"floor":12,"key":"REST"},{"floor":15,"key":"REST"},{"data":"Havoc","floor":23,"key":"SMITH"},{"data":"Armaments","floor":28,"key":"SMITH"},{"floor":32,"key":"REST"},{"data":"Bash","floor":40,"key":"SMITH"}],"neow_cost":"CURSE","seed_source_timestamp":151500131603800,"circlet_count":0,"master_deck":["Strike_R+1","Strike_R","Strike_R","Strike_R","Defend_R","Defend_R","Defend_R","Defend_R+1","Bash+1","Impervious+1","True Grit","Uppercut","Clothesline","Immolate+1","Carnage","Bash+1","Second Wind","Iron Wave","Bludgeon","Havoc+1","Armaments+1","Barricade+1","Searing Blow","Dropkick","Power Through+1","Ghostly Armor","Dropkick","Flame Barrier+1","Intimidate+1","Demon Form+1","Clothesline+1","Inflame+1","Pommel Strike","Warcry+1"],"relics":["Burning Blood","Pen Nib","War Paint","Strawberry","Orichalcum","Mark of Pain","Whetstone","Darkstone Periapt","Potion Belt","Frozen Egg 2","Cursed Key","Meat on the Bone"],"potions_floor_usage":[11,16,16,24,24,27,27,33],"damage_taken":[{"damage":14,"enemies":"Small Slimes","floor":1,"turns":5},{"damage":2,"enemies":"2 Louse","floor":2,"turns":3},{"damage":45,"enemies":"3 Sentries","floor":7,"turns":11},{"damage":0,"enemies":"Cultist","floor":8,"turns":4},{"damage":19,"enemies":"Gremlin Nob","floor":11,"turns":4},{"damage":8,"enemies":"Exordium Thugs","floor":14,"turns":3},{"damage":15,"enemies":"Hexaghost","floor":16,"turns":9},{"damage":3,"enemies":"Shell Parasite","floor":18,"turns":4},{"damage":0,"enemies":"3 Byrds","floor":19,"turns":3},{"damage":18,"enemies":"Snake Plant","floor":20,"turns":3},{"damage":0,"enemies":"Cultist and Chosen","floor":21,"turns":6},{"damage":31,"enemies":"Slavers","floor":24,"turns":6},{"damage":5,"enemies":"Chosen and Byrds","floor":25,"turns":9},{"damage":18,"enemies":"3 Cultists","floor":27,"turns":6},{"damage":30,"enemies":"Book of Stabbing","floor":29,"turns":7},{"damage":65,"enemies":"Collector","floor":33,"turns":20},{"damage":5,"enemies":"3 Shapes","floor":35,"turns":4},{"damage":11,"enemies":"Orb Walker","floor":37,"turns":3},{"damage":49,"enemies":"3 Darklings","floor":39,"turns":6},{"damage":52,"enemies":"Reptomancer","floor":41,"turns":2}],"seed_played":"9000130488546985576","potions_obtained":[{"floor":8,"key":"Poison Potion"},{"floor":11,"key":"Ancient Potion"},{"floor":14,"key":"EssenceOfSteel"},{"floor":16,"key":"BloodPotion"},{"floor":19,"key":"Explosive Potion"},{"floor":20,"key":"SteroidPotion"},{"floor":25,"key":"LiquidBronze"},{"floor":29,"key":"SteroidPotion"},{"floor":35,"key":"Fire Potion"}],"is_trial":false,"path_per_floor":["M","M","$","?","?","R","E","M","T","?","E","R","$","M","R","B",null,"M","M","M","M","?","R","E","M","T","M","R","E","T","?","R","B",null,"M","$","M","?","M","R","E"],"character_chosen":"IRONCLAD","items_purchased":["Clothesline","Bludgeon","Havoc","Inflame+1","Meat on the Bone","Pommel Strike"],"campfire_rested":3,"item_purchase_floors":[3,13,13,36,36,36],"current_hp_per_floor":[72,76,76,64,57,57,18,24,31,31,18,44,44,42,68,59,87,87,87,75,81,81,81,56,57,57,66,66,42,42,42,68,9,87,87,87,82,82,51,51,0],"gold":41,"neow_bonus":"THREE_RARE_CARDS","is_prod":false,"is_daily":false,"chose_seed":false,"campfire_upgraded":4,"win_rate":0.0,"timestamp":1563026654,"path_taken":["M","M","$","?","?","R","E","M","T","?","E","R","$","M","R","BOSS","M","M","?","M","?","R","E","M","T","M","R","E","?","?","R","BOSS","M","$","?","?","M","R","E"],"build_version":"2019-07-05","purchased_purges":1,"victory":false,"max_hp_per_floor":[80,80,80,80,80,80,80,80,87,87,87,87,87,87,87,87,87,87,87,87,87,87,87,87,87,87,87,87,87,87,87,87,87,87,87,87,87,83,83,83,83],"card_choices":[{"not_picked":["Reaper","Double Tap"],"picked":"Impervious","floor":0},{"not_picked":["Feel No Pain","Burning Pact"],"picked":"True Grit","floor":1},{"not_picked":["Bloodletting","Warcry"],"picked":"Uppercut","floor":2},{"not_picked":["Feel No Pain","Clothesline"],"picked":"Immolate","floor":7},{"not_picked":["Fire Breathing","Intimidate"],"picked":"Carnage","floor":8},{"not_picked":["Thunderclap","Sword Boomerang"],"picked":"Iron Wave","floor":11},{"not_picked":["True Grit","Power Through"],"picked":"Armaments","floor":14},{"not_picked":["Dark Embrace","Juggernaut"],"picked":"Barricade","floor":16},{"not_picked":["Corruption","Second Wind+1"],"picked":"Searing Blow","floor":18},{"not_picked":["Sword Boomerang","Thunderclap"],"picked":"Dropkick","floor":19},{"not_picked":["Infernal Blade","Rage+1"],"picked":"Power Through+1","floor":20},{"not_picked":["Hemokinesis","Clash","Havoc"],"picked":"SKIP","floor":21},{"not_picked":["Evolve","Combust"],"picked":"Ghostly Armor","floor":24},{"not_picked":["Intimidate","Anger"],"picked":"Dropkick","floor":25},{"not_picked":["Dual Wield+1","Headbutt+1"],"picked":"Flame Barrier+1","floor":27},{"not_picked":["Seeing Red","Corruption"],"picked":"Intimidate+1","floor":29},{"not_picked":["Fiend Fire","Immolate"],"picked":"Demon Form+1","floor":33},{"not_picked":["Wild Strike+1","Warcry"],"picked":"Clothesline+1","floor":35},{"not_picked":["Wild Strike+1","Metallicize+1"],"picked":"Warcry+1","floor":37},{"not_picked":["Thunderclap","Infernal Blade+1","Clothesline"],"picked":"SKIP","floor":39}],"player_experience":297262,"relics_obtained":[{"floor":7,"key":"War Paint"},{"floor":9,"key":"Strawberry"},{"floor":11,"key":"Orichalcum"},{"floor":24,"key":"Whetstone"},{"floor":26,"key":"Darkstone Periapt"},{"floor":29,"key":"Potion Belt"},{"floor":30,"key":"Frozen Egg 2"}],"event_choices":[{"damage_healed":0,"gold_gain":0,"player_choice":"Success","damage_taken":12,"relics_obtained":["Pen Nib"],"max_hp_gain":0,"max_hp_loss":0,"event_name":"Scrap Ooze","floor":4,"gold_loss":0},{"cards_removed":["Pain"],"damage_healed":0,"gold_gain":0,"player_choice":"Card Removal","damage_taken":7,"max_hp_gain":0,"max_hp_loss":0,"event_name":"Golden Wing","floor":5,"gold_loss":0},{"damage_healed":0,"gold_gain":0,"player_choice":"2 cards matched","damage_taken":0,"max_hp_gain":0,"max_hp_loss":0,"event_name":"Match and Keep!","floor":10,"gold_loss":0,"cards_obtained":["Bash","Second Wind"]},{"damage_healed":0,"gold_gain":0,"player_choice":"Ignored","damage_taken":0,"max_hp_gain":0,"max_hp_loss":0,"event_name":"Vampires","floor":22,"gold_loss":0},{"damage_healed":0,"gold_gain":0,"player_choice":"Upgraded","damage_taken":0,"max_hp_gain":0,"max_hp_loss":0,"event_name":"Upgrade Shrine","floor":31,"gold_loss":0,"cards_upgraded":["Barricade"]},{"damage_healed":0,"gold_gain":0,"player_choice":"Max HP","damage_taken":0,"max_hp_gain":0,"max_hp_loss":4,"event_name":"Winding Halls","floor":38,"gold_loss":0}],"is_beta":false,"boss_relics":[{"not_picked":["Lizard Tail","Sozu"],"picked":"Mark of Pain"},{"not_picked":["Astrolabe","Calling Bell"],"picked":"Cursed Key"}],"items_purged_floors":[3],"is_endless":false,"potions_floor_spawned":[8,11,14,16,19,20,25,29,35],"killed_by":"Reptomancer","ascension_level":0}