{"gold_per_floor":[114,114,133,55,55,91,91,122,146,161,161,8,52,77,77,198,198,216,256,281,281,39,70,70,114,188,188,232,248,287,312,312,432,432,457,160,1159,812,812,853,853,886,886,910,931,931,967,967,967,967],"floor_reached":51,"playtime":8925,"items_purged":["Regret","Defend_B","Normality"],"score":1579,"play_id":"d6d54197-c35b-4a9f-bbc1-37615b6ded67","local_time":"20190620191852","is_ascension_mode":true,"campfire_choices":[{"data":"Defragment","floor":7.0,"key":"SMITH"},{"data":"Loop","floor":11.0,"key":"SMITH"},{"data":"Loop","floor":15.0,"key":"SMITH"},{"data":"Consume","floor":32.0,"key":"SMITH"},{"data":"Thinking Ahead","floor":41.0,"key":"SMITH"},{"floor":46.0,"key":"DIG"},{"floor":49,"key":"DIG"}],"neow_cost":"NONE","seed_source_timestamp":651509680336016,"circlet_count":0,"master_deck":["Defend_B","Defend_B","Defend_B","Zap+1","Dualcast","Glacier","Loop+1","Defragment+1","Cold Snap","Loop+1","Conserve Battery+1","Glacier","Conserve Battery+1","Hologram","Electrodynamics","Bite","Bite","Bite","Bite","Bite","Heatsinks","Genetic Algorithm","Loop","Coolheaded+1","Consume+1","Glacier","Creative AI","Fusion+1","Defragment","Conserve Battery","Genetic Algorithm","Madness","Normality","Thinking Ahead+1","Hologram","Madness","Madness","Hologram+1","Turbo","Turbo+1","Biased Cognition","Glacier+1","Purity+1","Apotheosis+1","Panacea+1"],"special_seed":0,"relics":["FrozenCore","Golden Idol","Happy Flower","Pantograph","DataDisk","Incense Burner","Red Mask","Membership Card","Bottled Tornado","Regal Pillow","Question Card","Orichalcum","Singing Bowl","Runic Pyramid","Dodecahedron","Anchor","OrangePellets","Omamori","Shovel","War Paint","Toxic Egg 2","Ornamental Fan"],"potions_floor_usage":[50],"damage_taken":[{"damage":0.0,"enemies":"Cultist","floor":1.0,"turns":3.0},{"damage":0.0,"enemies":"2 Louse","floor":3.0,"turns":3.0},{"damage":14.0,"enemies":"Lagavulin","floor":6.0,"turns":11.0},{"damage":20.0,"enemies":"3 Sentries","floor":8.0,"turns":9.0},{"damage":1.0,"enemies":"Small Slimes","floor":10.0,"turns":2.0},{"damage":8.0,"enemies":"Gremlin Nob","floor":13.0,"turns":6.0},{"damage":0.0,"enemies":"2 Fungi Beasts","floor":14.0,"turns":3.0},{"damage":0.0,"enemies":"The Guardian","floor":16.0,"turns":12.0},{"damage":0.0,"enemies":"3 Byrds","floor":18.0,"turns":4.0},{"damage":0.0,"enemies":"Masked Bandits","floor":19.0,"turns":2.0},{"damage":13.0,"enemies":"2 Thieves","floor":20.0,"turns":3.0},{"damage":0.0,"enemies":"Gremlin Leader","floor":23.0,"turns":6.0},{"damage":37.0,"enemies":"Slavers","floor":25.0,"turns":6.0},{"damage":0.0,"enemies":"Book of Stabbing","floor":28.0,"turns":8.0},{"damage":3.0,"enemies":"Snake Plant","floor":29.0,"turns":7.0},{"damage":0.0,"enemies":"Gremlin Leader","floor":30.0,"turns":7.0},{"damage":0.0,"enemies":"Cultist and Chosen","floor":31.0,"turns":4.0},{"damage":0.0,"enemies":"Champ","floor":33.0,"turns":13.0},{"damage":0.0,"enemies":"Orb Walker","floor":35.0,"turns":7.0},{"damage":36.0,"enemies":"Giant Head","floor":40.0,"turns":20.0},{"damage":8.0,"enemies":"Reptomancer","floor":42.0,"turns":9.0},{"damage":8.0,"enemies":"3 Darklings","floor":44.0,"turns":5.0},{"damage":0.0,"enemies":"Spire Growth","floor":45.0,"turns":6.0},{"damage":0.0,"enemies":"Giant Head","floor":47.0,"turns":35.0},{"damage":0,"enemies":"Donu and Deca","floor":50,"turns":13}],"seed_played":"2178429005690088192","potions_obtained":[{"floor":1.0,"key":"Fire Potion"},{"floor":6.0,"key":"SteroidPotion"},{"floor":14.0,"key":"Block Potion"},{"floor":18.0,"key":"Strength Potion"},{"floor":20.0,"key":"FocusPotion"},{"floor":23.0,"key":"PowerPotion"},{"floor":27.0,"key":"Block Potion"},{"floor":27.0,"key":"SpeedPotion"},{"floor":27.0,"key":"Swift Potion"},{"floor":28.0,"key":"Dexterity Potion"},{"floor":30.0,"key":"FocusPotion"}],"is_trial":false,"path_per_floor":["M","?","M","$","?","E","R","E","T","M","R","$","E","M","R","B",null,"M","?","M","?","$","E","?","E","T","?","E","M","E","M","R","B",null,"M","$","?","$","?","E","R","E","T","M","M","R","E","?","R","B",null],"character_chosen":"DEFECT","items_purchased":["Defragment","Glacier","Membership Card","Heatsinks","Dodecahedron","Defragment","Conserve Battery","Genetic Algorithm","Madness","Anchor","Thinking Ahead","OrangePellets","Hologram"],"campfire_rested":0,"item_purchase_floors":[4,12,22,22,36,36,36,36,36,38,38,38,38],"current_hp_per_floor":[68,68,70,70,69,55,55,37,37,38,38,38,32,34,34,61,67,69,69,56,56,56,66,66,37,37,37,53,66,69,69,69,69,69,69,69,69,69,60,56,56,54,54,50,60,60,69,59,59,69],"gold":967,"neow_bonus":"UPGRADE_CARD","is_prod":false,"is_daily":false,"chose_seed":false,"campfire_upgraded":5,"win_rate":0,"timestamp":1561047532,"path_taken":["M","?","M","$","?","E","R","E","T","M","R","$","E","M","R","BOSS","M","?","M","?","$","E","?","E","T","?","E","M","E","M","R","BOSS","M","$","?","$","?","E","R","E","T","M","M","R","E","?","R","BOSS"],"build_version":"2019-01-23","purchased_purges":3,"victory":true,"max_hp_per_floor":[75,75,75,75,69,69,69,69,69,69,69,69,69,69,69,69,69,69,69,69,69,69,69,69,69,69,69,69,69,69,69,69,69,69,69,69,69,69,69,69,69,69,69,69,69,69,69,69,69,69],"card_choices":[{"not_picked":["BootSequence","Sweeping Beam"],"picked":"Glacier","floor":1.0},{"not_picked":["Sweeping Beam","Double Energy"],"picked":"Loop","floor":3.0},{"not_picked":["Stack","Fusion"],"picked":"Cold Snap","floor":6.0},{"not_picked":["Chill","Hologram"],"picked":"Loop","floor":8.0},{"not_picked":["Steam Power","White Noise"],"picked":"Conserve Battery","floor":10.0},{"not_picked":["Go for the Eyes","Steam Power"],"picked":"Conserve Battery","floor":13.0},{"not_picked":["Machine Learning","Turbo"],"picked":"Hologram","floor":14.0},{"not_picked":["All For One","Reboot"],"picked":"Electrodynamics","floor":16.0},{"not_picked":["Rip and Tear","Scrape","Go for the Eyes+1"],"picked":"SKIP","floor":18.0},{"not_picked":["Go for the Eyes","Static Discharge","Leap"],"picked":"SKIP","floor":20.0},{"not_picked":["Redo","Amplify"],"picked":"Genetic Algorithm","floor":23.0},{"not_picked":["Sweeping Beam","Rip and Tear","Fusion+1"],"picked":"SKIP","floor":25.0},{"not_picked":["Lockon+1","Go for the Eyes+1","Meteor Strike","Ball Lightning"],"picked":"SKIP","floor":28.0},{"not_picked":["Force Field","Redo","Sweeping Beam"],"picked":"Coolheaded+1","floor":29.0},{"not_picked":["Chaos","Thunder Strike","Genetic Algorithm"],"picked":"Consume","floor":30.0},{"not_picked":["Reprogram","Barrage","Force Field"],"picked":"Glacier","floor":31.0},{"not_picked":["Core Surge","Hyperbeam","Machine Learning"],"picked":"Creative AI","floor":33.0},{"not_picked":["Heatsinks+1","White Noise","Rebound+1"],"picked":"Fusion+1","floor":35.0},{"not_picked":["Glacier","Chaos+1","Steam+1"],"picked":"Hologram+1","floor":40.0},{"not_picked":["Leap","Beam Cell+1","Ball Lightning+1"],"picked":"Turbo","floor":42.0},{"not_picked":["Ball Lightning+1","Compile Driver","Cold Snap"],"picked":"Turbo+1","floor":44.0},{"not_picked":["Cold Snap","Conserve Battery+1","Reprogram+1"],"picked":"Biased Cognition","floor":45.0},{"not_picked":["Redo","Turbo","Gash+1"],"picked":"Glacier+1","floor":47},{"not_picked":["Deep Breath+1","Finesse+1","Bandage Up+1"],"picked":"Purity+1","floor":48},{"not_picked":["Sadistic Nature","Jack Of All Trades+1","Finesse+1"],"picked":"Apotheosis+1","floor":48},{"not_picked":["Transmutation+1","Swift Strike","HandOfGreed"],"picked":"Panacea+1","floor":48}],"player_experience":345332,"relics_obtained":[{"floor":6.0,"key":"Happy Flower"},{"floor":8.0,"key":"Pantograph"},{"floor":9.0,"key":"DataDisk"},{"floor":13.0,"key":"Incense Burner"},{"floor":19.0,"key":"Red Mask"},{"floor":23.0,"key":"Bottled Tornado"},{"floor":25.0,"key":"Regal Pillow"},{"floor":26.0,"key":"Question Card"},{"floor":28.0,"key":"Orichalcum"},{"floor":30.0,"key":"Singing Bowl"},{"floor":40.0,"key":"Omamori"},{"floor":42.0,"key":"Shovel"},{"floor":46.0,"key":"War Paint"},{"floor":47,"key":"Toxic Egg 2"},{"floor":49,"key":"Ornamental Fan"}],"event_choices":[{"damage_healed":0.0,"max_hp_gain":0.0,"max_hp_loss":0.0,"gold_gain":0.0,"event_name":"Big Fish","player_choice":"Box","floor":2.0,"gold_loss":0.0,"damage_taken":0.0,"relics_obtained":["Blood Vial"],"cards_obtained":["Regret"]},{"damage_healed":0.0,"max_hp_gain":0.0,"max_hp_loss":6.0,"gold_gain":0.0,"event_name":"Golden Idol","player_choice":"Lose Max HP","floor":5.0,"gold_loss":0.0,"damage_taken":0.0,"relics_obtained":["Golden Idol"]},{"damage_healed":0.0,"max_hp_gain":0.0,"max_hp_loss":0.0,"gold_gain":0.0,"event_name":"Masked Bandits","player_choice":"Fought Bandits","floor":19.0,"gold_loss":0.0,"damage_taken":0.0},{"damage_healed":0.0,"max_hp_gain":0.0,"max_hp_loss":0.0,"gold_gain":0.0,"event_name":"Vampires","player_choice":"Became a vampire (Vial)","floor":21.0,"relics_lost":["Blood Vial"],"gold_loss":0.0,"damage_taken":0.0,"cards_obtained":["Bite","Bite","Bite","Bite","Bite"]},{"damage_healed":0.0,"max_hp_gain":0.0,"max_hp_loss":0.0,"gold_gain":0.0,"event_name":"The Library","player_choice":"Read","floor":24.0,"gold_loss":0.0,"damage_taken":0.0,"cards_obtained":["Loop"]},{"damage_healed":0.0,"max_hp_gain":0.0,"max_hp_loss":0.0,"gold_gain":0.0,"event_name":"Lab","player_choice":"Got Potions","floor":27.0,"gold_loss":0.0,"damage_taken":0.0},{"damage_healed":0.0,"max_hp_gain":0.0,"max_hp_loss":0.0,"gold_gain":999.0,"event_name":"MindBloom","player_choice":"Gold","floor":37.0,"gold_loss":0.0,"damage_taken":0.0,"cards_obtained":["Normality","Normality"]},{"damage_healed":0.0,"max_hp_gain":0.0,"max_hp_loss":0.0,"gold_gain":0.0,"event_name":"Winding Halls","player_choice":"Embrace Madness","floor":39.0,"gold_loss":0.0,"damage_taken":9.0,"cards_obtained":["Madness","Madness"]},{"damage_healed":0,"gold_gain":0,"player_choice":"Memory 3","damage_taken":10,"max_hp_gain":0,"max_hp_loss":0,"event_name":"SensoryStone","floor":48,"gold_loss":0}],"is_beta":false,"boss_relics":[{"not_picked":["Calling Bell","Busted Crown"],"picked":"FrozenCore"},{"not_picked":["Astrolabe","Runic Dome"],"picked":"Runic Pyramid"}],"items_purged_floors":[12,36,38],"is_endless":false,"potions_floor_spawned":[1,6,14,18,20,23,28,30,44,45],"ascension_level":7}