{"gold_per_floor":[119,132,132,132,8,48,48,82,154,192,192,252,295,582,594,606],"floor_reached":16,"playtime":621,"items_purged":["Regret"],"score":156,"play_id":"898ba66a-ae07-4a85-818a-8416df1697e0","local_time":"20190725221438","is_ascension_mode":true,"campfire_choices":[{"data":"Poisoned Stab","floor":7,"key":"SMITH"},{"floor":11,"key":"DIG"},{"floor":15,"key":"REST"}],"neow_cost":"NONE","seed_source_timestamp":3108916285137900,"circlet_count":0,"master_deck":["Strike_G","Strike_G+1","Strike_G","Strike_G","Strike_G+1","Defend_G","Defend_G","Defend_G","Defend_G","Defend_G","Survivor","Neutralize","Backflip","Acrobatics","Dodge and Roll","Poisoned Stab+1","Deflect","Infinite Blades+1","Calculated Gamble","Regret","Backflip"],"relics":["Ring of the Snake","NeowsBlessing","Dream Catcher","Golden Idol","Bronze Scales","Shovel","Pantograph","Frozen Egg 2","MawBank","Orichalcum","Whetstone"],"potions_floor_usage":[8,8,13],"damage_taken":[{"damage":0,"enemies":"Cultist","floor":1,"turns":1},{"damage":0,"enemies":"Small Slimes","floor":2,"turns":1},{"damage":0,"enemies":"3 Sentries","floor":6,"turns":1},{"damage":9,"enemies":"Lagavulin","floor":8,"turns":8},{"damage":23,"enemies":"Gremlin Nob","floor":10,"turns":5},{"damage":12,"enemies":"3 Sentries","floor":13,"turns":9},{"damage":59,"enemies":"Hexaghost","floor":16,"turns":12}],"seed_played":"-622997958418511089","potions_obtained":[{"floor":2,"key":"Energy Potion"},{"floor":6,"key":"GhostInAJar"},{"floor":8,"key":"GamblersBrew"}],"is_trial":false,"path_per_floor":["M","M","?","?","$","E","R","E","T","E","R","T","E","?","R","B"],"character_chosen":"THE_SILENT","items_purchased":["Dodge and Roll"],"campfire_rested":1,"item_purchase_floors":[5],"current_hp_per_floor":[70,70,70,53,53,53,53,44,44,21,21,21,9,9,30,0],"gold":606,"neow_bonus":"THREE_ENEMY_KILL","is_prod":false,"is_daily":false,"chose_seed":false,"campfire_upgraded":1,"win_rate":0,"timestamp":1564118078,"path_taken":["M","M","?","?","$","E","R","E","T","E","R","?","E","?","R","BOSS"],"build_version":"2019-07-17","purchased_purges":1,"victory":false,"max_hp_per_floor":[70,70,70,70,70,70,70,70,70,70,70,70,70,70,70,70],"card_choices":[{"not_picked":["Bane","Escape Plan"],"picked":"Backflip","floor":1},{"not_picked":["Choke","Bane"],"picked":"Acrobatics","floor":2},{"not_picked":["Caltrops","Setup"],"picked":"Poisoned Stab","floor":6},{"not_picked":["Reflex","Dagger Throw"],"picked":"Deflect","floor":8},{"not_picked":["Grand Finale","Prepared"],"picked":"Infinite Blades","floor":10},{"not_picked":["Finisher","Masterful Stab"],"picked":"Calculated Gamble","floor":13},{"not_picked":["Deflect","Quick Slash"],"picked":"Backflip","floor":15}],"player_experience":87885,"relics_obtained":[{"floor":6,"key":"Bronze Scales"},{"floor":8,"key":"Shovel"},{"floor":9,"key":"Pantograph"},{"floor":10,"key":"Frozen Egg 2"},{"floor":11,"key":"MawBank"},{"floor":12,"key":"Orichalcum"},{"floor":13,"key":"Whetstone"}],"event_choices":[{"damage_healed":0,"gold_gain":0,"player_choice":"Box","damage_taken":0,"relics_obtained":["Dream Catcher"],"max_hp_gain":0,"max_hp_loss":0,"event_name":"Big Fish","floor":3,"gold_loss":0,"cards_obtained":["Regret"]},{"damage_healed":0,"gold_gain":0,"player_choice":"Take Damage","damage_taken":17,"relics_obtained":["Golden Idol"],"max_hp_gain":0,"max_hp_loss":0,"event_name":"Golden Idol","floor":4,"gold_loss":0},{"damage_healed":0,"gold_gain":275,"player_choice":"Desecrate","damage_taken":0,"max_hp_gain":0,"max_hp_loss":0,"event_name":"Golden Shrine","floor":14,"gold_loss":0,"cards_obtained":["Regret"]}],"is_beta":false,"boss_relics":[],"items_purged_floors":[5],"is_endless":false,"potions_floor_spawned":[2,6,8],"killed_by":"Hexaghost","ascension_level":1}