{"gold_per_floor":[113,130,130,1,17,17,47,47,72,72,72,106,126,151,151,247,247,272,303,303,228,150,150,38,51,51,51],"floor_reached":27,"playtime":3449,"items_purged":["Strike_R"],"score":405,"play_id":"b9f87883-45d0-468f-81a2-78c9f6e2688d","local_time":"20190627162022","is_ascension_mode":true,"campfire_choices":[{"data":"Armaments","floor":6.0,"key":"SMITH"},{"data":"Barricade","floor":8.0,"key":"SMITH"},{"data":"Iron Wave","floor":11.0,"key":"SMITH"},{"floor":15.0,"key":"DIG"},{"floor":23,"key":"REST"}],"neow_cost":"NONE","seed_source_timestamp":1251075144811129,"circlet_count":0,"master_deck":["AscendersBane","Strike_R","Defend_R","Defend_R","Defend_R","Defend_R","Bash+1","Iron Wave+1","Thunderclap","Armaments+1","Barricade+1","Anger","Limit Break","Pommel Strike","Clothesline","Juggernaut","Shrug It Off","Entrench","Spot Weakness","Body Slam","Warcry","Shrug It Off"],"special_seed":0,"relics":["Burning Blood","Bag of Preparation","Omamori","Golden Idol","Shovel","PreservedInsect","Empty Cage","Red Mask","Pear","Bottled Tornado"],"potions_floor_usage":[19,19,25],"damage_taken":[{"damage":2.0,"enemies":"2 Louse","floor":1.0,"turns":5.0},{"damage":1.0,"enemies":"Cultist","floor":2.0,"turns":4.0},{"damage":12.0,"enemies":"Jaw Worm","floor":5.0,"turns":3.0},{"damage":29.0,"enemies":"Gremlin Nob","floor":7.0,"turns":4.0},{"damage":13.0,"enemies":"3 Sentries","floor":12.0,"turns":8.0},{"damage":8.0,"enemies":"Large Slime","floor":13.0,"turns":5.0},{"damage":4.0,"enemies":"Looter","floor":14.0,"turns":3.0},{"damage":12.0,"enemies":"Slime Boss","floor":16.0,"turns":12.0},{"damage":22.0,"enemies":"Shell Parasite","floor":18.0,"turns":10.0},{"damage":48,"enemies":"Masked Bandits","floor":19,"turns":6},{"damage":39,"enemies":"3 Byrds","floor":25,"turns":7},{"damage":16,"enemies":"Sentry and Sphere","floor":27,"turns":3}],"seed_played":"1694750001083189666","potions_obtained":[{"floor":3.0,"key":"Swift Potion"},{"floor":3.0,"key":"PowerPotion"},{"floor":7.0,"key":"Dexterity Potion"},{"floor":12.0,"key":"Energy Potion"},{"floor":14.0,"key":"EssenceOfSteel"},{"floor":18.0,"key":"Swift Potion"},{"floor":19,"key":"Energy Potion"}],"is_trial":false,"path_per_floor":["M","M","?","$","M","R","E","R","T","?","R","E","M","M","R","B",null,"M","?","?","?","$","R","$","M","T","M"],"character_chosen":"IRONCLAD","items_purchased":["Armaments","Spot Weakness","Body Slam","Warcry"],"campfire_rested":1,"item_purchase_floors":[4,22,24,24],"current_hp_per_floor":[72,75,75,75,69,69,46,46,46,46,46,39,37,39,39,33,65,49,7,17,17,17,42,42,9,9,0],"gold":51,"neow_bonus":"UPGRADE_CARD","is_prod":false,"is_daily":false,"chose_seed":false,"campfire_upgraded":3,"win_rate":0,"timestamp":1561641622,"path_taken":["M","M","?","?","M","R","E","R","T","?","R","E","M","M","R","BOSS","M","?","?","?","?","R","$","M","T","?"],"build_version":"2019-01-23","purchased_purges":1,"victory":false,"max_hp_per_floor":[75,75,75,75,75,75,75,75,75,75,75,75,75,75,75,75,75,75,75,85,85,85,85,85,85,85,85],"card_choices":[{"not_picked":["Thunderclap","True Grit"],"picked":"Iron Wave","floor":1.0},{"not_picked":["Cleave","True Grit"],"picked":"Thunderclap","floor":2.0},{"not_picked":["Body Slam","Heavy Blade"],"picked":"Barricade","floor":5.0},{"not_picked":["Pommel Strike","Wild Strike"],"picked":"Anger","floor":7.0},{"not_picked":["Exhume","Clash"],"picked":"Limit Break","floor":12.0},{"not_picked":["Reckless Charge","Intimidate"],"picked":"Pommel Strike","floor":13.0},{"not_picked":["Intimidate","Infernal Blade"],"picked":"Clothesline","floor":14.0},{"not_picked":["Dark Embrace","Berserk"],"picked":"Juggernaut","floor":16.0},{"not_picked":["Warcry+1","Havoc"],"picked":"Shrug It Off","floor":18.0},{"not_picked":["Searing Blow","Clash"],"picked":"Entrench","floor":19},{"not_picked":["Spot Weakness","Havoc"],"picked":"Shrug It Off","floor":25}],"player_experience":600560,"relics_obtained":[{"floor":7.0,"key":"Bag of Preparation"},{"floor":9.0,"key":"Omamori"},{"floor":12.0,"key":"Shovel"},{"floor":15.0,"key":"PreservedInsect"},{"floor":19,"key":"Red Mask"},{"floor":26,"key":"Bottled Tornado"}],"event_choices":[{"damage_healed":0.0,"max_hp_gain":0.0,"max_hp_loss":0.0,"gold_gain":0.0,"event_name":"Lab","player_choice":"Got Potions","floor":3.0,"gold_loss":0.0,"damage_taken":0.0},{"damage_healed":0.0,"max_hp_gain":0.0,"max_hp_loss":0.0,"gold_gain":0.0,"event_name":"Golden Idol","player_choice":"Take Wound","floor":10.0,"gold_loss":0.0,"damage_taken":0.0,"relics_obtained":["Golden Idol"],"cards_obtained":["Injury"]},{"damage_healed":0,"gold_gain":0,"player_choice":"Fought Bandits","damage_taken":0,"max_hp_gain":0,"max_hp_loss":0,"event_name":"Masked Bandits","floor":19,"gold_loss":0},{"damage_healed":0,"gold_gain":0,"player_choice":"Opened","damage_taken":0,"relics_obtained":["Pear"],"max_hp_gain":0,"max_hp_loss":0,"event_name":"The Mausoleum","floor":20,"gold_loss":0,"cards_obtained":["Writhe"]},{"cards_removed":["Strike_R"],"damage_healed":0,"gold_gain":0,"player_choice":"Gave Gold","damage_taken":0,"max_hp_gain":0,"max_hp_loss":0,"event_name":"Beggar","floor":21,"gold_loss":75}],"is_beta":false,"boss_relics":[{"not_picked":["Astrolabe","Ectoplasm"],"picked":"Empty Cage"}],"items_purged_floors":[4],"is_endless":false,"potions_floor_spawned":[7,12,14,18,19],"killed_by":"Sentry and Sphere","ascension_level":17}