{"gold_per_floor":[112,132,36,36,46,110,127,127,127,127],"floor_reached":10,"playtime":2093,"items_purged":[],"score":136,"play_id":"342f16f2-6fe2-42de-9acd-f288d3332679","local_time":"20190702114940","is_ascension_mode":true,"campfire_choices":[],"neow_cost":"NONE","seed_source_timestamp":345577900264400,"circlet_count":0,"master_deck":["AscendersBane","Strike_R","Strike_R","Strike_R","Strike_R","Strike_R","Defend_R","Defend_R","Defend_R","Defend_R","Bash+1","Shrug It Off","Uppercut","Blind","Sword Boomerang","Rage","Bludgeon"],"relics":["Burning Blood","Tiny Chest","Prayer Wheel","Bottled Lightning"],"potions_floor_usage":[7],"damage_taken":[{"damage":6,"enemies":"Cultist","floor":1,"turns":3},{"damage":6,"enemies":"Jaw Worm","floor":2,"turns":4},{"damage":0,"enemies":"2 Louse","floor":5,"turns":2},{"damage":26,"enemies":"Gremlin Nob","floor":6,"turns":4},{"damage":47,"enemies":"Gremlin Gang","floor":7,"turns":6},{"damage":16,"enemies":"Large Slime","floor":10,"turns":3}],"seed_played":"-7085125977041320596","potions_obtained":[{"floor":6,"key":"SteroidPotion"},{"floor":7,"key":"Dexterity Potion"}],"is_trial":false,"path_per_floor":["M","M","$","$","M","E","M","?","T","M"],"character_chosen":"IRONCLAD","items_purchased":["Blind"],"campfire_rested":0,"item_purchase_floors":[3],"current_hp_per_floor":[68,68,68,68,74,54,13,13,13,0],"gold":127,"neow_bonus":"UPGRADE_CARD","is_prod":false,"is_daily":false,"chose_seed":false,"campfire_upgraded":0,"win_rate":0,"timestamp":1562082580,"path_taken":["M","M","?","$","M","E","M","?","T","M"],"build_version":"2019-07-01","purchased_purges":0,"victory":false,"max_hp_per_floor":[75,75,75,75,75,75,75,75,75,75],"card_choices":[{"not_picked":["Pommel Strike","Combust"],"picked":"Shrug It Off","floor":1},{"not_picked":["Body Slam","Twin Strike"],"picked":"Uppercut","floor":2},{"not_picked":["Clash","Clothesline"],"picked":"Sword Boomerang","floor":5},{"not_picked":["Evolve","Rupture"],"picked":"Rage","floor":6},{"not_picked":["Body Slam","Wild Strike"],"picked":"Bludgeon","floor":7}],"player_experience":1649019,"relics_obtained":[{"floor":6,"key":"Tiny Chest"},{"floor":8,"key":"Prayer Wheel"},{"floor":9,"key":"Bottled Lightning"}],"event_choices":[{"damage_healed":0,"gold_gain":0,"player_choice":"Relic","damage_taken":0,"max_hp_gain":0,"max_hp_loss":0,"event_name":"Wheel of Change","floor":8,"gold_loss":0}],"is_beta":false,"boss_relics":[],"items_purged_floors":[],"is_endless":false,"potions_floor_spawned":[6,7],"killed_by":"Large Slime","ascension_level":20}