{"gold_per_floor":[117,137,156,156,172,172,207,226,249,249,266,293,293,33,33,137,187,203,193,211,211,227,227,227],"floor_reached":24,"playtime":4545,"items_purged":[],"score":235,"play_id":"a2f15514-35cb-41c6-b70b-9cbea85ca9fb","local_time":"20190712155851","is_ascension_mode":false,"campfire_choices":[{"floor":6,"key":"REST"},{"data":"Searing Blow+1","floor":10,"key":"SMITH"},{"data":"Armaments","floor":15,"key":"SMITH"},{"data":"Searing Blow+2","floor":23,"key":"SMITH"}],"neow_cost":"NONE","seed_source_timestamp":68152315682100,"circlet_count":0,"master_deck":["Strike_R","Strike_R","Strike_R","Strike_R","Strike_R+1","Defend_R","Defend_R","Defend_R","Defend_R","Bash+1","Heavy Blade","Pommel Strike","Searing Blow+3","Intimidate","Power Through","Flame Barrier+1","Armaments+1","Feed","Thunderclap","Twin Strike+1","Inflame+1","Flex","Uppercut"],"relics":["Burning Blood","Whetstone","Anchor","Lantern","Darkstone Periapt","Tiny House"],"potions_floor_usage":[8,8,16,18,18,18,24,24,24],"damage_taken":[{"damage":8,"enemies":"Jaw Worm","floor":1,"turns":4},{"damage":14,"enemies":"2 Louse","floor":2,"turns":3},{"damage":6,"enemies":"Cultist","floor":3,"turns":3},{"damage":17,"enemies":"Looter","floor":5,"turns":4},{"damage":35,"enemies":"Lagavulin","floor":7,"turns":6},{"damage":0,"enemies":"Lots of Slimes","floor":8,"turns":1},{"damage":12,"enemies":"Exordium Wildlife","floor":11,"turns":3},{"damage":16,"enemies":"3 Sentries","floor":12,"turns":7},{"damage":40,"enemies":"Hexaghost","floor":16,"turns":10},{"damage":2,"enemies":"Chosen","floor":18,"turns":4},{"damage":10,"enemies":"2 Thieves","floor":19,"turns":4},{"damage":22,"enemies":"Snake Plant","floor":20,"turns":4},{"damage":8,"enemies":"Snecko","floor":22,"turns":5},{"damage":98,"enemies":"Gremlin Leader","floor":24,"turns":4}],"seed_played":"-3353532961639035433","potions_obtained":[{"floor":2,"key":"EssenceOfSteel"},{"floor":5,"key":"Dexterity Potion"},{"floor":7,"key":"Explosive Potion"},{"floor":8,"key":"SkillPotion"},{"floor":17,"key":"EntropicBrew"},{"floor":22,"key":"SteroidPotion"}],"is_trial":false,"path_per_floor":["M","M","M","?","M","R","E","M","T","R","M","E","?","$","R","B",null,"M","M","M","?","M","R","E"],"character_chosen":"IRONCLAD","items_purchased":["Darkstone Periapt"],"campfire_rested":1,"item_purchase_floors":[14],"current_hp_per_floor":[80,72,72,56,46,70,41,72,72,72,74,64,64,64,64,30,85,85,81,77,95,93,93,0],"gold":227,"neow_bonus":"ONE_RANDOM_RARE_CARD","is_prod":false,"is_daily":false,"chose_seed":false,"campfire_upgraded":3,"win_rate":0.0,"timestamp":1562943531,"path_taken":["M","M","M","?","M","R","E","M","T","R","M","E","?","$","R","BOSS","M","M","?","?","M","R","E"],"build_version":"2019-07-05","purchased_purges":0,"victory":false,"max_hp_per_floor":[80,80,80,80,80,80,80,80,80,80,80,80,80,80,80,80,85,85,85,85,95,95,95,95],"card_choices":[{"not_picked":["Perfected Strike","Headbutt"],"picked":"Heavy Blade","floor":1},{"not_picked":["Burning Pact","Reckless Charge"],"picked":"Pommel Strike","floor":2},{"not_picked":["Shrug It Off","Iron Wave"],"picked":"Searing Blow","floor":3},{"not_picked":["Clash","Metallicize"],"picked":"Intimidate","floor":5},{"not_picked":["Second Wind","Clothesline"],"picked":"Power Through","floor":7},{"not_picked":["Rupture","Fire Breathing","Reckless Charge"],"picked":"SKIP","floor":8},{"not_picked":["Limit Break","Burning Pact"],"picked":"Flame Barrier","floor":11},{"not_picked":["Inflame","Evolve"],"picked":"Armaments","floor":12},{"not_picked":["Berserk","Dark Embrace"],"picked":"Feed","floor":16},{"not_picked":["Second Wind","Feel No Pain"],"picked":"Thunderclap","floor":17},{"not_picked":["Dropkick+1","Thunderclap"],"picked":"Twin Strike+1","floor":18},{"not_picked":["True Grit+1","Twin Strike+1"],"picked":"Inflame+1","floor":19},{"not_picked":["Metallicize","Iron Wave+1"],"picked":"Flex","floor":20},{"not_picked":["Headbutt+1","True Grit"],"picked":"Uppercut","floor":22}],"player_experience":231984,"relics_obtained":[{"floor":7,"key":"Whetstone"},{"floor":9,"key":"Anchor"},{"floor":12,"key":"Lantern"}],"event_choices":[{"damage_healed":0,"gold_gain":0,"player_choice":"Entered Light","damage_taken":16,"max_hp_gain":0,"max_hp_loss":0,"event_name":"Shining Light","floor":4,"gold_loss":0,"cards_upgraded":["Reaper","Bash"]},{"damage_healed":0,"gold_gain":0,"player_choice":"Ignored","damage_taken":0,"max_hp_gain":0,"max_hp_loss":0,"event_name":"NoteForYourself","floor":13,"gold_loss":0},{"cards_removed":["Reaper"],"damage_healed":8,"gold_gain":0,"player_choice":"Offered Rare","damage_taken":0,"max_hp_gain":10,"max_hp_loss":0,"event_name":"Bonfire Elementals","floor":21,"gold_loss":0}],"is_beta":false,"boss_relics":[{"not_picked":["Ectoplasm","Cursed Key"],"picked":"Tiny House"}],"items_purged_floors":[],"is_endless":false,"potions_floor_spawned":[2,5,7,8,22],"killed_by":"Gremlin Leader","ascension_level":0}