{"gold_per_floor":[117,192,211,211,221,253,178,128,128,128,144,44,60,80,80,184,184,204,204,79,89,89,121,141,141,187,197,225,225,225,245,245,348,348,359,209,209,229,246,246,259,5,58,70,82,46,66,77,77,77],"floor_reached":51,"playtime":1420,"items_purged":["Strike_R","Strike_R","Strike_R","Strike_R"],"score":769,"play_id":"45c7c098-e16c-4a19-9e8e-508113384cbe","local_time":"20190711153238","is_ascension_mode":false,"campfire_choices":[{"data":"Demon Form","floor":10.0,"key":"SMITH"},{"data":"Whirlwind","floor":15.0,"key":"SMITH"},{"floor":25,"key":"REST"},{"floor":30,"key":"REST"},{"floor":32,"key":"REST"},{"data":"Defend_R","floor":40,"key":"SMITH"},{"floor":45,"key":"REST"},{"floor":49,"key":"REST"}],"neow_cost":"NONE","seed_source_timestamp":1137066494243600,"circlet_count":0,"master_deck":["Defend_R+1","Defend_R","Bash","Demon Form+1","Whirlwind+1"],"special_seed":0,"relics":["Burning Blood","NeowsBlessing","FossilizedHelix","Gambling Chip","Lizard Tail","Boot","Potion Belt","Red Mask","Self Forming Clay","Busted Crown","Brimstone","MawBank"],"potions_floor_usage":[24,27,28,41,50,50,50,50,50],"damage_taken":[{"damage":0.0,"enemies":"Small Slimes","floor":1.0,"turns":1.0},{"damage":0.0,"enemies":"Jaw Worm","floor":3.0,"turns":1.0},{"damage":0.0,"enemies":"2 Louse","floor":5.0,"turns":2.0},{"damage":14.0,"enemies":"Gremlin Nob","floor":6.0,"turns":3.0},{"damage":4.0,"enemies":"Exordium Thugs","floor":11.0,"turns":6.0},{"damage":7.0,"enemies":"Red Slaver","floor":13.0,"turns":4.0},{"damage":0.0,"enemies":"Gremlin Gang","floor":14.0,"turns":3.0},{"damage":44.0,"enemies":"Hexaghost","floor":16.0,"turns":7.0},{"damage":10.0,"enemies":"Spheric Guardian","floor":18.0,"turns":4.0},{"damage":4.0,"enemies":"Shell Parasite","floor":21.0,"turns":7.0},{"damage":42.0,"enemies":"Gremlin Leader","floor":23.0,"turns":5.0},{"damage":52,"enemies":"Shelled Parasite and Fungi","floor":24,"turns":6},{"damage":14,"enemies":"Snake Plant","floor":27,"turns":5},{"damage":0,"enemies":"Masked Bandits","floor":28,"turns":2},{"damage":20,"enemies":"Centurion and Healer","floor":31,"turns":5},{"damage":40,"enemies":"Champ","floor":33,"turns":13},{"damage":9,"enemies":"3 Shapes","floor":35,"turns":3},{"damage":27,"enemies":"3 Darklings","floor":38,"turns":3},{"damage":0,"enemies":"Transient","floor":39,"turns":5},{"damage":30,"enemies":"Writhing Mass","floor":41,"turns":5},{"damage":6,"enemies":"4 Shapes","floor":47,"turns":3},{"damage":0,"enemies":"Spire Growth","floor":48,"turns":3},{"damage":82,"enemies":"Time Eater","floor":50,"turns":6}],"seed_played":"-5329312008446759547","potions_obtained":[{"floor":1.0,"key":"AttackPotion"},{"floor":5.0,"key":"GamblersBrew"},{"floor":11.0,"key":"EssenceOfSteel"},{"floor":13.0,"key":"Strength Potion"},{"floor":16.0,"key":"Explosive Potion"},{"floor":24,"key":"SpeedPotion"},{"floor":28,"key":"Regen Potion"},{"floor":38,"key":"Block Potion"},{"floor":41,"key":"SteroidPotion"},{"floor":47,"key":"LiquidBronze"}],"is_trial":false,"path_per_floor":["M","?","M","?","M","E","$","?","T","R","M","$","M","M","R","B",null,"M","?","$","M","$","E","M","R","T","M","?","T","R","M","R","B",null,"M","$","?","M","M","R","M","$","T","?","R","$","M","M","R","B",null],"character_chosen":"IRONCLAD","items_purchased":["Brimstone","Weak Potion","FearPotion"],"campfire_rested":5,"item_purchase_floors":[42,42,46],"current_hp_per_floor":[80,69,75,75,80,72,72,72,72,72,74,74,73,79,79,41,80,76,76,76,78,78,42,37,61,61,53,59,59,80,66,80,46,80,77,77,77,56,62,62,38,38,38,38,62,62,62,68,80,16],"gold":77,"neow_bonus":"THREE_ENEMY_KILL","is_prod":false,"is_daily":false,"chose_seed":false,"campfire_upgraded":3,"win_rate":0,"timestamp":1562873558,"path_taken":["M","?","M","?","M","E","$","?","T","R","M","$","M","M","R","BOSS","M","?","?","?","$","E","M","R","T","?","?","?","R","M","R","BOSS","M","$","?","M","M","R","?","?","T","?","R","$","M","M","R","BOSS"],"build_version":"2019-07-05","purchased_purges":4,"victory":true,"max_hp_per_floor":[80,80,80,80,80,80,80,80,80,80,80,80,80,80,80,80,80,80,80,80,80,80,80,80,80,80,80,80,80,80,80,80,80,80,80,80,80,80,80,80,80,80,80,80,80,80,80,80,80,80],"card_choices":[{"not_picked":["Rage","Heavy Blade","Perfected Strike"],"picked":"SKIP","floor":1.0},{"not_picked":["Thunderclap","Havoc","Cleave"],"picked":"SKIP","floor":3.0},{"not_picked":["Perfected Strike","Burning Pact"],"picked":"Demon Form","floor":5.0},{"not_picked":["Flex","Clothesline","Cleave"],"picked":"SKIP","floor":6.0},{"not_picked":["Iron Wave","Clothesline"],"picked":"Whirlwind","floor":11.0},{"not_picked":["Iron Wave","Blood for Blood","True Grit"],"picked":"SKIP","floor":13.0},{"not_picked":["Sword Boomerang","Headbutt","Heavy Blade"],"picked":"SKIP","floor":14.0},{"not_picked":["Cleave","Rampage","Perfected Strike+1"],"picked":"SKIP","floor":18.0},{"not_picked":["Cleave","Flex+1","Wild Strike"],"picked":"SKIP","floor":21.0},{"not_picked":["Ghostly Armor","Impervious","Searing Blow+1"],"picked":"SKIP","floor":23.0},{"not_picked":["Thunderclap+1","Perfected Strike","Shockwave+1"],"picked":"SKIP","floor":24},{"not_picked":["Armaments","Rupture+1","Wild Strike"],"picked":"SKIP","floor":27},{"not_picked":["Flex","Pommel Strike","Metallicize"],"picked":"SKIP","floor":31},{"not_picked":["Havoc"],"picked":"SKIP","floor":35},{"not_picked":["Headbutt"],"picked":"SKIP","floor":38},{"not_picked":["Pommel Strike+1"],"picked":"SKIP","floor":39},{"not_picked":["Pommel Strike+1"],"picked":"SKIP","floor":39},{"not_picked":["Clothesline+1"],"picked":"SKIP","floor":41},{"not_picked":["True Grit+1"],"picked":"SKIP","floor":47},{"not_picked":["Battle Trance"],"picked":"SKIP","floor":48}],"player_experience":1829229,"relics_obtained":[{"floor":6.0,"key":"FossilizedHelix"},{"floor":9.0,"key":"Gambling Chip"},{"floor":23.0,"key":"Boot"},{"floor":26,"key":"Potion Belt"},{"floor":28,"key":"Red Mask"},{"floor":29,"key":"Self Forming Clay"},{"floor":43,"key":"MawBank"}],"event_choices":[{"damage_healed":0.0,"max_hp_gain":0.0,"max_hp_loss":0.0,"gold_gain":75.0,"event_name":"World of Goop","player_choice":"Gather Gold","floor":2.0,"gold_loss":0.0,"damage_taken":11.0},{"cards_removed":["Strike_R"],"damage_healed":0.0,"max_hp_gain":0.0,"max_hp_loss":0.0,"gold_gain":0.0,"event_name":"Living Wall","player_choice":"Forget","floor":4.0,"gold_loss":0.0,"damage_taken":0.0},{"cards_removed":["Defend_R"],"damage_healed":0.0,"max_hp_gain":0.0,"max_hp_loss":0.0,"gold_gain":0.0,"event_name":"The Cleric","player_choice":"Card Removal","floor":8.0,"gold_loss":50.0,"damage_taken":0.0},{"damage_healed":0.0,"max_hp_gain":0.0,"max_hp_loss":0.0,"gold_gain":0.0,"event_name":"NoteForYourself","player_choice":"Ignored","floor":19.0,"gold_loss":0.0,"damage_taken":0.0},{"damage_healed":0,"gold_gain":0,"player_choice":"Fought Bandits","damage_taken":0,"max_hp_gain":0,"max_hp_loss":0,"event_name":"Masked Bandits","floor":28,"gold_loss":0},{"cards_removed":["Defend_R"],"damage_healed":0,"gold_gain":0,"player_choice":"Offered Basic","damage_taken":0,"max_hp_gain":0,"max_hp_loss":0,"event_name":"Bonfire Elementals","floor":37,"gold_loss":0},{"damage_healed":0,"gold_gain":0,"player_choice":"Memory 1","damage_taken":0,"max_hp_gain":0,"max_hp_loss":0,"event_name":"SensoryStone","floor":44,"gold_loss":0}],"is_beta":false,"boss_relics":[{"not_picked":["Orrery","Black Blood"],"picked":"Lizard Tail"},{"not_picked":["Runic Cube","Philosopher\u0027s Stone"],"picked":"Busted Crown"}],"items_purged_floors":[7,12,20,36],"is_endless":false,"potions_floor_spawned":[1,5,11,13,16,18,21,24,28,38,41,47],"ascension_level":0}