{"gold_per_floor":[114,133,144,157,168,193,208,234,234,262,277,9,9,9,9,9],"floor_reached":16,"playtime":575,"items_purged":[],"score":248,"play_id":"af4ad11a-73b0-4fb9-ad73-8e19229b0dbb","local_time":"20190702122702","is_ascension_mode":true,"campfire_choices":[{"floor":13,"key":"REST"},{"data":"Bludgeon","floor":15,"key":"SMITH"}],"neow_cost":"NONE","seed_source_timestamp":349337166214200,"circlet_count":0,"master_deck":["AscendersBane","Strike_R","Strike_R","Strike_R","Strike_R","Strike_R","Defend_R","Defend_R","Defend_R","Defend_R","Bash","Bludgeon+1","Flex","Armaments","Impervious","Thunderclap","Body Slam","Pommel Strike","Feel No Pain","Spot Weakness","Immolate","Burning Pact"],"relics":["Burning Blood","Bottled Flame","Letter Opener","Dodecahedron","Blood Vial","Gremlin Horn"],"potions_floor_usage":[6,7,8,8,16,16],"damage_taken":[{"damage":1,"enemies":"Cultist","floor":1,"turns":3},{"damage":0,"enemies":"2 Louse","floor":2,"turns":3},{"damage":4,"enemies":"Small Slimes","floor":3,"turns":3},{"damage":12,"enemies":"Looter","floor":4,"turns":3},{"damage":5,"enemies":"2 Fungi Beasts","floor":5,"turns":4},{"damage":32,"enemies":"Gremlin Nob","floor":6,"turns":4},{"damage":18,"enemies":"Gremlin Gang","floor":7,"turns":7},{"damage":21,"enemies":"3 Sentries","floor":8,"turns":5},{"damage":32,"enemies":"Lagavulin","floor":10,"turns":6},{"damage":2,"enemies":"Exordium Thugs","floor":11,"turns":5},{"damage":55,"enemies":"Slime Boss","floor":16,"turns":6}],"seed_played":"-1415649932308735217","potions_obtained":[{"floor":4,"key":"BloodPotion"},{"floor":5,"key":"Swift Potion"},{"floor":6,"key":"EssenceOfSteel"},{"floor":7,"key":"Explosive Potion"},{"floor":10,"key":"Poison Potion"},{"floor":11,"key":"GamblersBrew"}],"is_trial":false,"path_per_floor":["M","M","M","M","M","E","M","E","T","E","M","$","R","$","R","B"],"character_chosen":"IRONCLAD","items_purchased":["Gremlin Horn"],"campfire_rested":1,"item_purchase_floors":[12],"current_hp_per_floor":[73,75,75,69,70,44,32,35,35,9,15,15,37,37,37,0],"gold":9,"neow_bonus":"ONE_RANDOM_RARE_CARD","is_prod":false,"is_daily":false,"chose_seed":false,"campfire_upgraded":1,"win_rate":0,"timestamp":1562084822,"path_taken":["M","M","M","M","M","E","?","E","T","E","M","$","R","?","R","BOSS"],"build_version":"2019-07-01","purchased_purges":0,"victory":false,"max_hp_per_floor":[75,75,75,75,75,75,75,75,75,75,75,75,75,75,75,75],"card_choices":[{"not_picked":["Heavy Blade","Thunderclap"],"picked":"Flex","floor":1},{"not_picked":["Sword Boomerang","Cleave"],"picked":"Armaments","floor":2},{"not_picked":["Uppercut","Cleave"],"picked":"Impervious","floor":3},{"not_picked":["Armaments","Cleave"],"picked":"Thunderclap","floor":4},{"not_picked":["Thunderclap","Clothesline"],"picked":"Body Slam","floor":5},{"not_picked":["Thunderclap","Combust"],"picked":"Pommel Strike","floor":6},{"not_picked":["Ghostly Armor","Heavy Blade"],"picked":"Feel No Pain","floor":7},{"not_picked":["Seeing Red","Rampage"],"picked":"Spot Weakness","floor":8},{"not_picked":["Wild Strike","Sword Boomerang"],"picked":"Immolate","floor":10},{"not_picked":["Iron Wave","Flex"],"picked":"Burning Pact","floor":11}],"player_experience":1652726,"relics_obtained":[{"floor":6,"key":"Bottled Flame"},{"floor":8,"key":"Letter Opener"},{"floor":9,"key":"Dodecahedron"},{"floor":10,"key":"Blood Vial"}],"event_choices":[],"is_beta":false,"boss_relics":[],"items_purged_floors":[],"is_endless":false,"potions_floor_spawned":[4,5,6,7,10,11],"killed_by":"Slime Boss","ascension_level":20}