{"gold_per_floor":[110,20,33,33,44,70,70,104,129,141,153,182,226,253,265,354,416,447,474,486,498,510,522,534],"floor_reached":24,"playtime":2069,"items_purged":[],"score":428,"play_id":"323e7d88-1bba-4b06-b798-c1f4e0ae881e","local_time":"20190716001607","is_ascension_mode":true,"campfire_choices":[{"data":"Lockon","floor":7.0,"key":"SMITH"},{"floor":10.0,"key":"REST"},{"data":"Zap","floor":15,"key":"SMITH"},{"floor":23,"key":"REST"}],"neow_cost":"TEN_PERCENT_HP_LOSS","seed_source_timestamp":158458669921431,"circlet_count":0,"master_deck":["AscendersBane","Strike_B","Strike_B","Defend_B","Defend_B","Defend_B","Defend_B","Zap+1","Dualcast","Go for the Eyes+1","Lockon+1","FTL+1","Self Repair","All For One","Zap","Sweeping Beam","Streamline","Cold Snap","Ball Lightning","Core Surge+1","Glacier","Cold Snap","Decay"],"special_seed":0,"relics":["Cracked Core","Whetstone","Juzu Bracelet","MawBank","Torii","Tiny House"],"potions_floor_usage":[13,18],"damage_taken":[{"damage":7.0,"enemies":"Small Slimes","floor":1.0,"turns":4.0},{"damage":1.0,"enemies":"Cultist","floor":3.0,"turns":3.0},{"damage":1.0,"enemies":"2 Louse","floor":5.0,"turns":3.0},{"damage":25.0,"enemies":"Lagavulin","floor":6.0,"turns":5.0},{"damage":22.0,"enemies":"3 Sentries","floor":8.0,"turns":8.0},{"damage":5.0,"enemies":"Blue Slaver","floor":12.0,"turns":3.0},{"damage":22,"enemies":"Lagavulin","floor":13,"turns":5},{"damage":9,"enemies":"2 Fungi Beasts","floor":14,"turns":3},{"damage":21,"enemies":"Hexaghost","floor":16,"turns":9},{"damage":18,"enemies":"Shell Parasite","floor":18,"turns":5},{"damage":30,"enemies":"2 Thieves","floor":19,"turns":4},{"damage":41,"enemies":"Slavers","floor":24,"turns":2}],"seed_played":"-1997685925253635311","potions_obtained":[{"floor":3.0,"key":"Strength Potion"},{"floor":5.0,"key":"Strength Potion"},{"floor":12.0,"key":"Dexterity Potion"},{"floor":16,"key":"Block Potion"},{"floor":22,"key":"Dexterity Potion"}],"is_trial":false,"path_per_floor":["M","$","M","?","M","E","R","E","T","R","?","M","E","M","R","B",null,"M","M","$","?","?","R","E"],"character_chosen":"DEFECT","items_purchased":["Lockon"],"campfire_rested":2,"item_purchase_floors":[2],"current_hp_per_floor":[57,57,56,61,60,35,35,20,20,40,40,42,27,25,25,11,60,42,12,12,12,12,34,0],"gold":534,"neow_bonus":"REMOVE_TWO","is_prod":false,"is_daily":false,"chose_seed":false,"campfire_upgraded":2,"win_rate":0,"timestamp":1563225367,"path_taken":["M","$","M","?","M","E","R","E","T","R","?","M","E","M","R","BOSS","M","M","$","?","?","R","E"],"build_version":"2019-07-05","purchased_purges":0,"victory":false,"max_hp_per_floor":[64,64,64,69,69,69,69,69,69,69,69,69,69,69,69,69,74,74,74,74,74,74,74,74],"card_choices":[{"not_picked":["Sweeping Beam","Fusion"],"picked":"Go for the Eyes","floor":1.0},{"not_picked":["Reinforced Body","Go for the Eyes"],"picked":"FTL","floor":3.0},{"not_picked":["Turbo","Auto Shields","Stack"],"picked":"SKIP","floor":5.0},{"not_picked":["BootSequence","Coolheaded"],"picked":"Self Repair","floor":6.0},{"not_picked":["Sunder","BootSequence"],"picked":"All For One","floor":8.0},{"not_picked":["Hologram","Fusion"],"picked":"Streamline","floor":12.0},{"not_picked":["Leap","Force Field"],"picked":"Cold Snap","floor":13},{"not_picked":["Multi-Cast","Reinforced Body"],"picked":"Ball Lightning","floor":14},{"not_picked":["Buffer","Reboot"],"picked":"Core Surge","floor":16},{"not_picked":["Double Energy","Go for the Eyes"],"picked":"Glacier","floor":17},{"not_picked":["Rebound","Recycle"],"picked":"Cold Snap","floor":18},{"not_picked":["Rebound+1","Multi-Cast","Force Field+1"],"picked":"SKIP","floor":19}],"player_experience":721720,"relics_obtained":[{"floor":6.0,"key":"Whetstone"},{"floor":8.0,"key":"Juzu Bracelet"},{"floor":9.0,"key":"MawBank"},{"floor":13,"key":"Torii"}],"event_choices":[{"damage_healed":0.0,"max_hp_gain":5.0,"max_hp_loss":0.0,"gold_gain":0.0,"event_name":"Big Fish","player_choice":"Donut","floor":4.0,"gold_loss":0.0,"damage_taken":0.0},{"damage_healed":0.0,"max_hp_gain":0.0,"max_hp_loss":0.0,"gold_gain":0.0,"event_name":"Match and Keep!","player_choice":"2 cards matched","floor":11.0,"gold_loss":0.0,"damage_taken":0.0,"cards_obtained":["Zap","Sweeping Beam"]},{"damage_healed":0,"gold_gain":0,"player_choice":"Cursed","damage_taken":0,"max_hp_gain":0,"max_hp_loss":0,"event_name":"Wheel of Change","floor":21,"gold_loss":0,"cards_obtained":["Decay"]},{"damage_healed":0,"gold_gain":0,"player_choice":"Got Potions","damage_taken":0,"max_hp_gain":0,"max_hp_loss":0,"event_name":"Lab","floor":22,"gold_loss":0}],"is_beta":false,"boss_relics":[{"not_picked":["Pandora\u0027s Box","Busted Crown"],"picked":"Tiny House"}],"items_purged_floors":[],"is_endless":false,"potions_floor_spawned":[3,5,12,16],"killed_by":"Slavers","ascension_level":20}