{"gold_per_floor":[117,117,131,143,108,108,136,156,156,156,176,176,207,49,49,49],"floor_reached":16,"playtime":865,"items_purged":["Strike_R"],"score":312,"play_id":"4108c29f-2dc0-47f9-bf8c-d0e119bdc1dc","local_time":"20190628112821","is_ascension_mode":true,"campfire_choices":[{"data":"Bash","floor":6,"key":"SMITH"},{"data":"Body Slam","floor":10,"key":"SMITH"},{"floor":12,"key":"REST"},{"data":"Fiend Fire","floor":15,"key":"SMITH"}],"neow_cost":"TEN_PERCENT_HP_LOSS","seed_source_timestamp":1322864555724555,"circlet_count":0,"master_deck":["AscendersBane","Strike_R","Strike_R","Strike_R","Strike_R","Defend_R","Defend_R","Defend_R","Defend_R","Bash+1","Body Slam+1","Cleave","Twin Strike","Shrug It Off","Corruption+1","Iron Wave","Inflame+1","Fiend Fire+1"],"relics":["Burning Blood","Charon\u0027s Ashes","Frozen Egg 2","Mercury Hourglass","Singing Bowl","Oddly Smooth Stone"],"potions_floor_usage":[3,16,16],"damage_taken":[{"damage":5,"enemies":"2 Louse","floor":1,"turns":5},{"damage":6,"enemies":"Jaw Worm","floor":3,"turns":3},{"damage":0,"enemies":"Small Slimes","floor":4,"turns":2},{"damage":50,"enemies":"Lagavulin","floor":7,"turns":8},{"damage":1,"enemies":"3 Louse","floor":8,"turns":2},{"damage":2,"enemies":"Gremlin Gang","floor":11,"turns":2},{"damage":15,"enemies":"3 Sentries","floor":13,"turns":4}],"seed_played":"-3494992136903122660","potions_obtained":[{"floor":1,"key":"SkillPotion"},{"floor":8,"key":"Energy Potion"},{"floor":13,"key":"Swift Potion"}],"is_trial":false,"path_per_floor":["M","?","M","M","?","R","E","M","T","R","M","R","E","$","R","B"],"character_chosen":"IRONCLAD","items_purchased":["Fiend Fire"],"campfire_rested":1,"item_purchase_floors":[14],"current_hp_per_floor":[68,33,33,39,56,56,12,17,17,17,21,41,32,32,32,0],"gold":49,"neow_bonus":"ONE_RARE_RELIC","is_prod":false,"is_daily":false,"chose_seed":false,"campfire_upgraded":3,"win_rate":0,"timestamp":1561710501,"path_taken":["M","?","M","M","?","R","E","M","T","R","M","R","E","$","R","BOSS"],"build_version":"2019-01-23","purchased_purges":1,"victory":false,"max_hp_per_floor":[68,68,68,68,68,68,68,68,68,68,68,68,68,68,68,68],"card_choices":[{"not_picked":["Dropkick","Searing Blow"],"picked":"Body Slam","floor":1},{"not_picked":["Burning Pact","Clash"],"picked":"Cleave","floor":3},{"not_picked":["Headbutt","Cleave"],"picked":"Twin Strike","floor":4},{"not_picked":["Body Slam","Warcry"],"picked":"Shrug It Off","floor":7},{"not_picked":["Headbutt","Thunderclap"],"picked":"Corruption+1","floor":8},{"not_picked":["Rupture+1","Wild Strike"],"picked":"Iron Wave","floor":11},{"not_picked":["Evolve+1","Dropkick"],"picked":"Inflame+1","floor":13}],"player_experience":627115,"relics_obtained":[{"floor":7,"key":"Mercury Hourglass"},{"floor":9,"key":"Singing Bowl"},{"floor":13,"key":"Oddly Smooth Stone"}],"event_choices":[{"damage_healed":0,"gold_gain":0,"player_choice":"Success","damage_taken":35,"relics_obtained":["Frozen Egg 2"],"max_hp_gain":0,"max_hp_loss":0,"event_name":"Scrap Ooze","floor":2,"gold_loss":0},{"damage_healed":17,"gold_gain":0,"player_choice":"Healed","damage_taken":0,"max_hp_gain":0,"max_hp_loss":0,"event_name":"The Cleric","floor":5,"gold_loss":35}],"is_beta":false,"boss_relics":[],"items_purged_floors":[14],"is_endless":false,"potions_floor_spawned":[1,8,13],"killed_by":"The Guardian","ascension_level":19}