{"gold_per_floor":[113,34,51,65,65,65,65,65,147,147,183,197,222,257,257,346,346,367,382,407,187,200,200,236,236,236,236,272,272,288,303,303,396,396,419,544,877,385,403,429,449,479,479,754,770,335,348,348,348,348,348,348,20,52,52],"floor_reached":56,"playtime":10055,"items_purged":["Strike_G","Strike_G","Regret"],"score":2146,"play_id":"cea871b8-fdf5-4fc9-af1b-47be47307b04","local_time":"20190625222406","is_ascension_mode":true,"campfire_choices":[{"data":"Glass Knife","floor":6.0,"key":"SMITH"},{"data":"Neutralize","floor":8.0,"key":"SMITH"},{"floor":10.0,"key":"REST"},{"data":"Blade Dance","floor":15.0,"key":"SMITH"},{"floor":23.0,"key":"REST"},{"floor":25.0,"key":"REST"},{"floor":32.0,"key":"REST"},{"floor":49.0,"key":"RECALL"},{"floor":52.0,"key":"REST"}],"neow_cost":"NONE","seed_source_timestamp":1093041200559764,"circlet_count":0,"master_deck":["AscendersBane","Defend_G","Defend_G","Defend_G","Defend_G","Defend_G","Strike_G","Strike_G","Strike_G","Survivor","Neutralize+1","Footwork","Glass Knife+1","Slice","Poisoned Stab","Blade Dance+1","Footwork","Dash","Malaise","Quick Slash+1","Infinite Blades","PiercingWail","Prepared+1","Dodge and Roll","Crippling Poison","Backflip","Ghostly","Ghostly","Ghostly","Dodge and Roll","Ghostly","Blade Dance","Dodge and Roll+1","Finisher","Storm of Steel","Cloak And Dagger+1","Dodge and Roll+1","Well Laid Plans","Apotheosis","Bandage Up","Sucker Punch+1","Backflip+1","Blade Dance","Concentrate","Dodge and Roll+1","Acrobatics","Blade Dance+1","Sucker Punch+1","Acrobatics+1"],"special_seed":0,"relics":["Ring of the Snake","Shuriken","Dream Catcher","Pantograph","Fusion Hammer","Gremlin Horn","Question Card","Juzu Bracelet","Runic Dome","Unceasing Top","Smiling Mask","Bottled Lightning","ClockworkSouvenir","Ornamental Fan","Boot"],"potions_floor_usage":[55],"damage_taken":[{"damage":6.0,"enemies":"Jaw Worm","floor":1.0,"turns":7.0},{"damage":3.0,"enemies":"2 Louse","floor":3.0,"turns":3.0},{"damage":7.0,"enemies":"Small Slimes","floor":4.0,"turns":3.0},{"damage":15.0,"enemies":"Lagavulin","floor":11.0,"turns":8.0},{"damage":0.0,"enemies":"2 Fungi Beasts","floor":12.0,"turns":3.0},{"damage":0.0,"enemies":"3 Louse","floor":13.0,"turns":2.0},{"damage":17.0,"enemies":"Gremlin Nob","floor":14.0,"turns":4.0},{"damage":13.0,"enemies":"The Guardian","floor":16.0,"turns":12.0},{"damage":22.0,"enemies":"2 Thieves","floor":18.0,"turns":5.0},{"damage":0.0,"enemies":"3 Byrds","floor":19.0,"turns":5.0},{"damage":18.0,"enemies":"Shelled Parasite and Fungi","floor":20.0,"turns":6.0},{"damage":18.0,"enemies":"Chosen and Byrds","floor":22.0,"turns":7.0},{"damage":14.0,"enemies":"Gremlin Leader","floor":24.0,"turns":8.0},{"damage":20.0,"enemies":"Slavers","floor":28.0,"turns":6.0},{"damage":5.0,"enemies":"3 Cultists","floor":30.0,"turns":6.0},{"damage":0.0,"enemies":"Snake Plant","floor":31.0,"turns":6.0},{"damage":15.0,"enemies":"Champ","floor":33.0,"turns":8.0},{"damage":11.0,"enemies":"Orb Walker","floor":35.0,"turns":2.0},{"damage":0.0,"enemies":"Mind Bloom Boss Battle","floor":36.0,"turns":5.0},{"damage":0.0,"enemies":"3 Darklings","floor":39.0,"turns":6.0},{"damage":8.0,"enemies":"Nemesis","floor":40.0,"turns":7.0},{"damage":2.0,"enemies":"Sphere and 2 Shapes","floor":41.0,"turns":5.0},{"damage":10.0,"enemies":"Giant Head","floor":42.0,"turns":7.0},{"damage":0.0,"enemies":"Spire Growth","floor":45.0,"turns":5.0},{"damage":20.0,"enemies":"Writhing Mass","floor":47.0,"turns":6.0},{"damage":5.0,"enemies":"Awakened One","floor":50.0,"turns":9.0},{"damage":36.0,"enemies":"Shield and Spear","floor":54.0,"turns":9.0},{"damage":22,"enemies":"The Heart","floor":55,"turns":11}],"seed_played":"-9219704647570385706","potions_obtained":[{"floor":1.0,"key":"SpeedPotion"},{"floor":3.0,"key":"PowerPotion"},{"floor":14.0,"key":"GhostInAJar"},{"floor":20.0,"key":"Fire Potion"},{"floor":28.0,"key":"Regen Potion"},{"floor":30.0,"key":"Swift Potion"},{"floor":36.0,"key":"Swift Potion"},{"floor":42.0,"key":"Poison Potion"}],"is_trial":false,"path_per_floor":["M","$","M","M","?","R","?","R","T","R","E","M","M","E","R","B",null,"M","M","M","$","M","R","E","R","T","?","E","?","M","M","R","B",null,"M","?","?","$","M","E","M","E","T","?","M","$","M","?","R","B",null,"R","$","E","B",null],"character_chosen":"THE_SILENT","items_purchased":["Glass Knife","Infinite Blades","PiercingWail","SpeedPotion","Well Laid Plans","Apotheosis","Bandage Up","Acrobatics","Energy Potion","Strength Potion","ClockworkSouvenir","Ornamental Fan","Strength Potion"],"campfire_rested":5,"item_purchase_floors":[2,21,21,21,38,38,38,46,46,46,46,53,53],"current_hp_per_floor":[59,59,56,49,49,49,24,24,24,45,30,30,30,13,13,25,60,38,38,20,20,2,23,9,30,30,30,10,10,5,5,15,35,36,25,36,36,36,36,31,33,29,29,29,29,29,15,15,15,36,36,36,36,6,15],"gold":52,"neow_bonus":"TEN_PERCENT_HP_BONUS","is_prod":false,"is_daily":false,"chose_seed":false,"campfire_upgraded":3,"win_rate":0,"timestamp":1561490646,"path_taken":["M","$","M","M","?","R","?","R","T","R","E","M","M","E","R","BOSS","M","M","M","$","M","R","E","R","T","?","E","?","M","M","R","BOSS","M","?","?","$","M","E","M","E","T","?","M","$","M","?","R","BOSS","R","$","E","BOSS"],"build_version":"2019-01-23","purchased_purges":3,"victory":true,"max_hp_per_floor":[72,72,72,72,72,72,72,72,72,72,72,72,72,72,72,72,72,72,72,72,72,72,72,72,72,72,36,36,36,36,36,36,36,36,36,36,36,36,36,36,36,36,36,36,36,36,36,36,36,36,36,36,36,36,36],"card_choices":[{"not_picked":["Dodge and Roll","Flying Knee"],"picked":"Footwork","floor":1.0},{"not_picked":["Underhanded Strike","Acrobatics"],"picked":"Slice","floor":3.0},{"not_picked":["Skewer","Dagger Spray"],"picked":"Poisoned Stab","floor":4.0},{"not_picked":["Tactician","Outmaneuver","Finisher"],"picked":"SKIP","floor":11.0},{"not_picked":["Underhanded Strike","Escape Plan"],"picked":"Blade Dance","floor":12.0},{"not_picked":["All Out Attack","Acrobatics"],"picked":"Footwork","floor":13.0},{"not_picked":["Endless Agony","Bane"],"picked":"Dash","floor":14.0},{"not_picked":["Grand Finale","A Thousand Cuts"],"picked":"Malaise","floor":16.0},{"not_picked":["Slice+1","Sucker Punch"],"picked":"Quick Slash+1","floor":18.0},{"not_picked":["Sucker Punch","Poisoned Stab"],"picked":"Infinite Blades","floor":19.0},{"not_picked":["Predator","All Out Attack","Setup"],"picked":"SKIP","floor":20.0},{"not_picked":["Dagger Throw","Flechettes"],"picked":"Prepared+1","floor":22.0},{"not_picked":["PiercingWail","Riddle With Holes"],"picked":"Dodge and Roll","floor":23.0},{"not_picked":["Riddle With Holes","Prepared"],"picked":"Crippling Poison","floor":24.0},{"not_picked":["Setup","Unload"],"picked":"Backflip","floor":25.0},{"not_picked":["Grand Finale","Expertise","Dagger Throw"],"picked":"Dodge and Roll","floor":28.0},{"not_picked":["Footwork","Prepared","Poisoned Stab"],"picked":"Blade Dance","floor":30.0},{"not_picked":["Quick Slash","Dagger Throw","Underhanded Strike"],"picked":"Dodge and Roll+1","floor":31.0},{"not_picked":["Outmaneuver","Escape Plan","Slice"],"picked":"Finisher","floor":32.0},{"not_picked":["Glass Knife","Burst","A Thousand Cuts"],"picked":"Storm of Steel","floor":33.0},{"not_picked":["Accuracy","Endless Agony","Underhanded Strike+1"],"picked":"Cloak And Dagger+1","floor":35.0},{"not_picked":["Deflect","PiercingWail","Underhanded Strike"],"picked":"Dodge and Roll+1","floor":36.0},{"not_picked":["Venomology","Quick Slash","Noxious Fumes"],"picked":"Sucker Punch+1","floor":39.0},{"not_picked":["Poisoned Stab+1","Escape Plan","Dagger Spray+1"],"picked":"Backflip+1","floor":40.0},{"not_picked":["Caltrops+1","Bane","Unload"],"picked":"Blade Dance","floor":41.0},{"not_picked":["Outmaneuver+1","All Out Attack","Poisoned Stab+1"],"picked":"Concentrate","floor":42.0},{"not_picked":["Endless Agony","Outmaneuver","All Out Attack"],"picked":"Dodge and Roll+1","floor":45.0},{"not_picked":["All Out Attack","Masterful Stab","Underhanded Strike"],"picked":"Blade Dance+1","floor":47.0},{"not_picked":["Flying Knee+1","Dagger Spray","Noxious Fumes"],"picked":"Sucker Punch+1","floor":52.0},{"not_picked":["Heel Hook","Grand Finale","Dodge and Roll"],"picked":"Acrobatics+1","floor":54.0}],"player_experience":538852,"relics_obtained":[{"floor":9.0,"key":"Shuriken"},{"floor":11.0,"key":"Dream Catcher"},{"floor":14.0,"key":"Pantograph"},{"floor":24.0,"key":"Gremlin Horn"},{"floor":26.0,"key":"Question Card"},{"floor":28.0,"key":"Juzu Bracelet"},{"floor":36.0,"key":"Unceasing Top"},{"floor":40.0,"key":"Smiling Mask"},{"floor":42.0,"key":"Bottled Lightning"},{"floor":54.0,"key":"Boot"}],"event_choices":[{"damage_healed":0.0,"max_hp_gain":0.0,"max_hp_loss":0.0,"gold_gain":0.0,"event_name":"Liars Game","player_choice":"Ignored","floor":5.0,"gold_loss":0.0,"damage_taken":0.0},{"damage_healed":0.0,"max_hp_gain":0.0,"max_hp_loss":0.0,"gold_gain":0.0,"event_name":"Golden Idol","player_choice":"Take Damage","floor":7.0,"gold_loss":0.0,"damage_taken":25.0,"relics_obtained":["Golden Idol"]},{"damage_healed":0.0,"max_hp_gain":0.0,"max_hp_loss":36.0,"gold_gain":0.0,"event_name":"Ghosts","player_choice":"Became a Ghost","floor":27.0,"gold_loss":0.0,"damage_taken":0.0,"cards_obtained":["Ghostly","Ghostly","Ghostly"]},{"damage_healed":0.0,"max_hp_gain":0.0,"max_hp_loss":0.0,"gold_gain":0.0,"event_name":"Duplicator","player_choice":"Copied","floor":29.0,"gold_loss":0.0,"damage_taken":0.0,"cards_obtained":["Ghostly"]},{"damage_healed":0.0,"max_hp_gain":0.0,"max_hp_loss":0.0,"gold_gain":0.0,"event_name":"MindBloom","player_choice":"Fight","floor":36.0,"gold_loss":0.0,"damage_taken":0.0},{"damage_healed":0.0,"max_hp_gain":0.0,"max_hp_loss":0.0,"gold_gain":333.0,"event_name":"The Moai Head","player_choice":"Gave Idol","floor":37.0,"relics_lost":["Golden Idol"],"gold_loss":0.0,"damage_taken":0.0},{"damage_healed":0.0,"max_hp_gain":0.0,"max_hp_loss":0.0,"gold_gain":275.0,"event_name":"Golden Shrine","player_choice":"Desecrate","floor":44.0,"gold_loss":0.0,"damage_taken":0.0,"cards_obtained":["Regret"]},{"cards_removed":["Infinite Blades"],"damage_healed":0.0,"max_hp_gain":0.0,"max_hp_loss":0.0,"gold_gain":0.0,"event_name":"Falling","player_choice":"Removed Power","floor":48.0,"gold_loss":0.0,"damage_taken":0.0}],"is_beta":false,"boss_relics":[{"not_picked":["Velvet Choker","Snecko Eye"],"picked":"Fusion Hammer"},{"not_picked":["Ring of the Serpent","Orrery"],"picked":"Runic Dome"}],"items_purged_floors":[21,38,46],"is_endless":false,"potions_floor_spawned":[1,3,4,14,20,28,30,36,42,47],"ascension_level":18}