{"gold_per_floor":[117,117,192,206,221,221,255,255,302,178,207,218,232,37,37,37],"floor_reached":16,"playtime":538,"items_purged":["Strike_R","Strike_R"],"score":193,"play_id":"872136c4-0120-4dc9-9293-e5c0fba29319","local_time":"20190727092624","is_ascension_mode":true,"campfire_choices":[{"data":"Whirlwind","floor":6.0,"key":"SMITH"},{"floor":8.0,"key":"REST"},{"floor":15,"key":"REST"}],"neow_cost":"NONE","seed_source_timestamp":0,"circlet_count":0,"master_deck":["AscendersBane","Strike_R","Strike_R+1","Strike_R","Defend_R","Defend_R","Defend_R","Defend_R","Bash+1","Whirlwind+1","Armaments","Warcry","Clothesline","Metallicize","Thunderclap","Sword Boomerang","Offering","Shrug It Off","Bandage Up"],"special_seed":0,"relics":["Burning Blood","Smiling Mask","Vajra","Bag of Marbles","Whetstone"],"potions_floor_usage":[16],"damage_taken":[{"damage":0.0,"enemies":"Small Slimes","floor":1.0,"turns":3.0},{"damage":4.0,"enemies":"2 Louse","floor":4.0,"turns":2.0},{"damage":9.0,"enemies":"Jaw Worm","floor":5.0,"turns":4.0},{"damage":40.0,"enemies":"Gremlin Nob","floor":7.0,"turns":5.0},{"damage":27.0,"enemies":"Lagavulin","floor":11.0,"turns":8.0},{"damage":12,"enemies":"Lots of Slimes","floor":12,"turns":2},{"damage":14,"enemies":"Red Slaver","floor":13,"turns":2},{"damage":45,"enemies":"Hexaghost","floor":16,"turns":11}],"seed_played":"4600139476964842252","potions_obtained":[{"floor":1.0,"key":"AttackPotion"},{"floor":4.0,"key":"Strength Potion"},{"floor":12,"key":"GamblersBrew"}],"is_trial":false,"path_per_floor":["M","?","?","M","M","R","E","R","T","$","E","M","M","$","R","B"],"character_chosen":"IRONCLAD","items_purchased":["Metallicize","Shrug It Off","Bandage Up"],"campfire_rested":2,"item_purchase_floors":[10,14,14],"current_hp_per_floor":[74,74,63,65,62,62,28,50,50,50,29,23,15,15,37,0],"gold":37,"neow_bonus":"RANDOM_COMMON_RELIC","is_prod":false,"is_daily":false,"chose_seed":false,"campfire_upgraded":1,"win_rate":0,"timestamp":1564190784,"path_taken":["M","?","?","M","M","R","E","R","T","$","E","M","M","$","R","BOSS"],"build_version":"2019-07-17","purchased_purges":2,"victory":false,"max_hp_per_floor":[75,75,75,75,75,75,75,75,75,75,75,75,75,75,75,75],"card_choices":[{"not_picked":["Battle Trance","Thunderclap"],"picked":"Whirlwind","floor":1.0},{"not_picked":["True Grit","Body Slam"],"picked":"Armaments","floor":4.0},{"not_picked":["Armaments","Anger"],"picked":"Warcry","floor":5.0},{"not_picked":["Cleave","Body Slam"],"picked":"Clothesline","floor":7.0},{"not_picked":["Barricade","Havoc"],"picked":"Thunderclap","floor":11.0},{"not_picked":["Feel No Pain","Pummel"],"picked":"Sword Boomerang","floor":12},{"not_picked":["Clash","True Grit"],"picked":"Offering","floor":13}],"player_experience":872399,"relics_obtained":[{"floor":7.0,"key":"Vajra"},{"floor":9.0,"key":"Bag of Marbles"},{"floor":11.0,"key":"Whetstone"}],"event_choices":[{"damage_healed":0.0,"max_hp_gain":0.0,"max_hp_loss":0.0,"gold_gain":0.0,"event_name":"Liars Game","player_choice":"Ignored","floor":2.0,"gold_loss":0.0,"damage_taken":0.0},{"damage_healed":0.0,"max_hp_gain":0.0,"max_hp_loss":0.0,"gold_gain":75.0,"event_name":"World of Goop","player_choice":"Gather Gold","floor":3.0,"gold_loss":0.0,"damage_taken":11.0}],"is_beta":false,"boss_relics":[],"items_purged_floors":[10,14],"is_endless":false,"potions_floor_spawned":[1,4,5,12],"killed_by":"Hexaghost","ascension_level":15}