{"gold_per_floor":[14,14,34,57,76,112,112,112,136,136,17,57,57,57,57,155,155,168,168,168,186,186,186,25,56,81,22,22,42,73,73],"floor_reached":31,"playtime":3393,"items_purged":["Strike_G"],"score":558,"play_id":"222e70b6-597e-4180-a5f9-229dbe364645","local_time":"20190718125227","is_ascension_mode":true,"campfire_choices":[{"data":"Neutralize","floor":8,"key":"SMITH"},{"data":"Bouncing Flask","floor":10,"key":"SMITH"},{"floor":13,"key":"REST"},{"data":"Noxious Fumes","floor":15,"key":"SMITH"},{"floor":23,"key":"REST"},{"floor":28,"key":"REST"}],"neow_cost":"NO_GOLD","seed_source_timestamp":375501569366365,"circlet_count":0,"master_deck":["AscendersBane","Defend_G","Defend_G","Defend_G","Defend_G","Defend_G","Survivor","Neutralize+1","Heel Hook","Outmaneuver","Quick Slash","Dagger Throw","Sucker Punch","Backstab","Bouncing Flask+1","Caltrops","Noxious Fumes+1","Bouncing Flask","Bullet Time","PiercingWail","Crippling Poison","Venomology","Necronomicurse","Prepared","Dodge and Roll+1","Noxious Fumes","Calculated Gamble","Setup+1","Underhanded Strike","Dodge and Roll","Backstab+1"],"special_seed":0,"relics":["Ring of the Snake","Golden Idol","Oddly Smooth Stone","Juzu Bracelet","Dream Catcher","Runic Pyramid","Necronomicon","Centennial Puzzle","Bag of Marbles","WingedGreaves"],"potions_floor_usage":[12,21,25,25,29,30,31],"damage_taken":[{"damage":4.0,"enemies":"Jaw Worm","floor":1.0,"turns":7.0},{"damage":0.0,"enemies":"2 Louse","floor":3.0,"turns":4.0},{"damage":1.0,"enemies":"Small Slimes","floor":4.0,"turns":4.0},{"damage":3.0,"enemies":"3 Louse","floor":5.0,"turns":6.0},{"damage":13.0,"enemies":"Lagavulin","floor":6.0,"turns":6.0},{"damage":23,"enemies":"Gremlin Nob","floor":12,"turns":4},{"damage":29,"enemies":"The Guardian","floor":16,"turns":9},{"damage":18,"enemies":"3 Byrds","floor":18,"turns":4},{"damage":0,"enemies":"Chosen","floor":21,"turns":5},{"damage":17,"enemies":"Gremlin Leader","floor":25,"turns":6},{"damage":1,"enemies":"Snake Plant","floor":29,"turns":3},{"damage":22,"enemies":"Book of Stabbing","floor":30,"turns":5},{"damage":19,"enemies":"Shelled Parasite and Fungi","floor":31,"turns":3}],"seed_played":"-8120032157438154056","potions_obtained":[{"floor":1.0,"key":"Swift Potion"},{"floor":3.0,"key":"GhostInAJar"},{"floor":5.0,"key":"SkillPotion"},{"floor":16,"key":"Swift Potion"},{"floor":21,"key":"Weak Potion"},{"floor":25,"key":"AttackPotion"}],"is_trial":false,"path_per_floor":["M","?","M","M","M","E","?","R","T","R","$","E","R","?","R","B",null,"M","?","?","M","?","R","$","E","T","$","R","M","E","M"],"character_chosen":"THE_SILENT","items_purchased":["Caltrops","Noxious Fumes","Calculated Gamble","Underhanded Strike"],"campfire_rested":3,"item_purchase_floors":[11,24,24,27],"current_hp_per_floor":[55,55,55,54,51,38,38,38,38,38,38,15,33,33,33,4,46,28,28,7,22,22,40,40,23,23,23,41,40,18,0],"gold":73,"neow_bonus":"TRANSFORM_TWO_CARDS","is_prod":false,"is_daily":false,"chose_seed":false,"campfire_upgraded":3,"win_rate":0,"timestamp":1563443547,"path_taken":["M","?","M","M","M","E","?","R","T","R","$","E","R","?","R","BOSS","M","?","?","M","?","R","?","E","T","$","R","M","E","M"],"build_version":"2019-07-17","purchased_purges":1,"victory":false,"max_hp_per_floor":[66,60,60,60,60,60,60,60,60,60,60,60,60,60,60,60,60,60,60,60,60,60,60,60,60,60,60,60,60,60,60],"card_choices":[{"not_picked":["Accuracy","Terror"],"picked":"Quick Slash","floor":1.0},{"not_picked":["Flechettes","Finisher"],"picked":"Dagger Throw","floor":3.0},{"not_picked":["Reflex","Endless Agony"],"picked":"Sucker Punch","floor":4.0},{"not_picked":["Quick Slash","Prepared"],"picked":"Backstab","floor":5.0},{"not_picked":["Slice","Unload"],"picked":"Bouncing Flask","floor":6.0},{"not_picked":["Expertise","Deflect"],"picked":"Noxious Fumes","floor":12},{"not_picked":["Deadly Poison","Quick Slash"],"picked":"Bouncing Flask","floor":13},{"not_picked":["Burst","Tools of the Trade"],"picked":"Bullet Time","floor":16},{"not_picked":["Cloak And Dagger","Skewer"],"picked":"PiercingWail","floor":18},{"not_picked":["Infinite Blades","Sucker Punch"],"picked":"Prepared","floor":21},{"not_picked":["Eviscerate","Slice"],"picked":"Dodge and Roll+1","floor":23},{"not_picked":["Infinite Blades","Tactician"],"picked":"Setup+1","floor":25},{"not_picked":["Expertise","Dagger Spray"],"picked":"Dodge and Roll","floor":29},{"not_picked":["Poisoned Stab","Bane"],"picked":"Backstab+1","floor":30}],"player_experience":766202,"relics_obtained":[{"floor":6.0,"key":"Oddly Smooth Stone"},{"floor":9,"key":"Juzu Bracelet"},{"floor":12,"key":"Dream Catcher"},{"floor":20,"key":"Necronomicon"},{"floor":25,"key":"Centennial Puzzle"},{"floor":26,"key":"Bag of Marbles"},{"floor":30,"key":"WingedGreaves"}],"event_choices":[{"damage_healed":0.0,"max_hp_gain":0.0,"max_hp_loss":6.0,"gold_gain":0.0,"event_name":"Golden Idol","player_choice":"Lose Max HP","floor":2.0,"gold_loss":0.0,"damage_taken":0.0,"relics_obtained":["Golden Idol"]},{"damage_healed":0,"gold_gain":0,"player_choice":"Fled","damage_taken":0,"max_hp_gain":0,"max_hp_loss":0,"event_name":"Scrap Ooze","floor":7,"gold_loss":0},{"damage_healed":0,"gold_gain":0,"player_choice":"Ignored","damage_taken":0,"max_hp_gain":0,"max_hp_loss":0,"event_name":"Liars Game","floor":14,"gold_loss":0},{"damage_healed":0,"gold_gain":0,"cards_transformed":["Strike_G","Strike_G"],"player_choice":"Became Test Subject","damage_taken":0,"max_hp_gain":0,"max_hp_loss":0,"event_name":"Drug Dealer","floor":19,"gold_loss":0,"cards_obtained":["Crippling Poison","Venomology"]},{"damage_healed":0,"gold_gain":0,"player_choice":"Obtained Book","damage_taken":21,"max_hp_gain":0,"max_hp_loss":0,"event_name":"Cursed Tome","floor":20,"gold_loss":0},{"damage_healed":0,"gold_gain":0,"player_choice":"Ignored","damage_taken":0,"max_hp_gain":0,"max_hp_loss":0,"event_name":"Vampires","floor":22,"gold_loss":0}],"is_beta":false,"boss_relics":[{"not_picked":["Busted Crown","Tiny House"],"picked":"Runic Pyramid"}],"items_purged_floors":[11],"is_endless":false,"potions_floor_spawned":[1,3,5,16,21,25],"killed_by":"Shelled Parasite and Fungi","ascension_level":20}