{"gold_per_floor":[109,109,34,34,53,82,97,109,188,218,318,318,334,350,350,455,455,474,474,389,419,115,415,140,156,156,156,173,190,190,48,48,147,147,158,172,172,188,207,223,223,223,223,223,233,83,95,108,108,108],"floor_reached":51,"playtime":1156,"items_purged":["Defend_R","Defend_R","Defend_R","Wild Strike+1"],"score":701,"play_id":"0a346653-b231-4abb-af87-3ad22085679c","local_time":"20190717235834","is_ascension_mode":false,"campfire_choices":[{"floor":10,"key":"DIG"},{"floor":12,"key":"DIG"},{"floor":15,"key":"DIG"},{"floor":23,"key":"DIG"},{"floor":30,"key":"DIG"},{"floor":32,"key":"DIG"},{"floor":42,"key":"DIG"},{"floor":49,"key":"DIG"}],"neow_cost":"NONE","seed_source_timestamp":331311590027510,"circlet_count":0,"master_deck":["Strike_R+1","Strike_R+1","Strike_R+1","Strike_R+1","Strike_R+1","Bash+1","Flex+1","Dual Wield+1","Whirlwind+1","Clash+1","Flex+1","Offering+1","Warcry+1","Sword Boomerang+1","Clash+1","Bandage Up+1","Perfected Strike","Sword Boomerang+1","Clash+1","Twin Strike+1"],"relics":["Burning Blood","NeowsBlessing","Shovel","Gremlin Horn","Tiny Chest","Pen Nib","Juzu Bracelet","Busted Crown","Ornamental Fan","Red Mask","Brimstone","Old Coin","Red Skull","Dream Catcher","Boot","Bag of Marbles","Mercury Hourglass","Coffee Dripper","Mark of the Bloom","Bottled Flame","Blood Vial","Blue Candle"],"potions_floor_usage":[8,16,21,28],"damage_taken":[{"damage":0,"enemies":"Jaw Worm","floor":1,"turns":1},{"damage":0,"enemies":"2 Louse","floor":5,"turns":1},{"damage":0,"enemies":"3 Sentries","floor":6,"turns":1},{"damage":6,"enemies":"Cultist","floor":7,"turns":3},{"damage":17,"enemies":"Large Slime","floor":8,"turns":5},{"damage":8,"enemies":"Lots of Slimes","floor":13,"turns":2},{"damage":7,"enemies":"Gremlin Gang","floor":14,"turns":3},{"damage":35,"enemies":"The Guardian","floor":16,"turns":7},{"damage":16,"enemies":"Chosen","floor":18,"turns":2},{"damage":19,"enemies":"Masked Bandits","floor":21,"turns":4},{"damage":0,"enemies":"3 Byrds","floor":25,"turns":3},{"damage":12,"enemies":"Centurion and Healer","floor":28,"turns":3},{"damage":6,"enemies":"Sentry and Sphere","floor":29,"turns":2},{"damage":26,"enemies":"Collector","floor":33,"turns":4},{"damage":14,"enemies":"3 Shapes","floor":35,"turns":2},{"damage":0,"enemies":"Orb Walker","floor":36,"turns":1},{"damage":0,"enemies":"Spire Growth","floor":38,"turns":2},{"damage":0,"enemies":"3 Darklings","floor":39,"turns":1},{"damage":21,"enemies":"4 Shapes","floor":40,"turns":1},{"damage":3,"enemies":"Maw","floor":45,"turns":4},{"damage":0,"enemies":"Transient","floor":47,"turns":5},{"damage":0,"enemies":"Spire Growth","floor":48,"turns":1},{"damage":20,"enemies":"Donu and Deca","floor":50,"turns":3}],"seed_played":"3160922565811510161","potions_obtained":[{"floor":5,"key":"SteroidPotion"},{"floor":6,"key":"Strength Potion"},{"floor":7,"key":"Explosive Potion"},{"floor":13,"key":"Energy Potion"},{"floor":16,"key":"SteroidPotion"},{"floor":18,"key":"Strength Potion"},{"floor":21,"key":"BloodPotion"},{"floor":29,"key":"Explosive Potion"}],"is_trial":false,"path_per_floor":["M","?","$","?","M","E","M","M","T","R","?","R","M","M","R","B",null,"M","?","?","?","$","R","$","M","T","?","M","M","R","$","R","B",null,"M","M","?","M","M","M","?","R","T","?","M","$","M","M","R","B",null],"character_chosen":"IRONCLAD","items_purchased":["Brimstone","Red Skull","Clash","Bandage Up"],"campfire_rested":0,"item_purchase_floors":[22,24,31,31],"current_hp_per_floor":[80,85,85,85,85,85,85,74,74,74,74,74,72,71,71,42,85,75,75,75,62,62,62,62,68,68,68,81,81,81,81,81,65,85,77,83,83,83,83,62,62,62,62,62,59,59,59,59,59,39],"gold":108,"neow_bonus":"THREE_ENEMY_KILL","is_prod":false,"is_daily":false,"chose_seed":false,"campfire_upgraded":0,"win_rate":0,"timestamp":1563397114,"path_taken":["M","?","$","?","M","E","M","?","T","R","?","R","?","M","R","BOSS","M","?","?","?","$","R","$","M","T","?","M","M","R","$","R","BOSS","M","M","?","M","M","M","?","R","T","?","M","$","M","M","R","BOSS"],"build_version":"2019-07-05","purchased_purges":4,"victory":true,"max_hp_per_floor":[80,85,85,85,85,85,85,85,85,85,85,85,85,85,85,85,85,85,85,85,85,85,85,85,85,85,85,85,85,85,85,85,85,85,85,85,85,85,85,85,85,85,85,81,81,81,81,81,81,81],"card_choices":[{"not_picked":["Dropkick","Thunderclap"],"picked":"Flex","floor":1},{"not_picked":["Rupture","Shrug It Off"],"picked":"Dual Wield","floor":5},{"not_picked":["Perfected Strike","True Grit"],"picked":"Whirlwind","floor":6},{"not_picked":["Corruption","Sword Boomerang","Rampage"],"picked":"SKIP","floor":7},{"not_picked":["Clothesline","Pommel Strike"],"picked":"Clash","floor":8},{"not_picked":["True Grit","Shrug It Off"],"picked":"Flex","floor":13},{"not_picked":["Body Slam","Headbutt","Dropkick"],"picked":"SKIP","floor":14},{"not_picked":["Dark Embrace","Brutality"],"picked":"Offering","floor":16},{"not_picked":[],"picked":"Wild Strike+1","floor":18},{"not_picked":[],"picked":"Warcry","floor":25},{"not_picked":[],"picked":"Sword Boomerang","floor":28},{"not_picked":["Iron Wave"],"picked":"SKIP","floor":29},{"not_picked":["Armaments"],"picked":"SKIP","floor":35},{"not_picked":["Flame Barrier+1"],"picked":"SKIP","floor":36},{"not_picked":["Disarm+1"],"picked":"SKIP","floor":38},{"not_picked":[],"picked":"Perfected Strike","floor":39},{"not_picked":[],"picked":"Sword Boomerang+1","floor":40},{"not_picked":["Warcry+1"],"picked":"SKIP","floor":45},{"not_picked":[],"picked":"Twin Strike+1","floor":47},{"not_picked":["Combust+1"],"picked":"SKIP","floor":48}],"player_experience":762768,"relics_obtained":[{"floor":6,"key":"Shovel"},{"floor":9,"key":"Gremlin Horn"},{"floor":10,"key":"Tiny Chest"},{"floor":12,"key":"Pen Nib"},{"floor":15,"key":"Juzu Bracelet"},{"floor":21,"key":"Red Mask"},{"floor":23,"key":"Old Coin"},{"floor":26,"key":"Dream Catcher"},{"floor":30,"key":"Bag of Marbles"},{"floor":32,"key":"Mercury Hourglass"},{"floor":42,"key":"Bottled Flame"},{"floor":43,"key":"Blood Vial"},{"floor":49,"key":"Blue Candle"}],"event_choices":[{"damage_healed":0,"gold_gain":0,"player_choice":"Donut","damage_taken":0,"max_hp_gain":5,"max_hp_loss":0,"event_name":"Big Fish","floor":2,"gold_loss":0},{"cards_removed":["Defend_R"],"damage_healed":0,"gold_gain":0,"player_choice":"Offered Basic","damage_taken":0,"max_hp_gain":0,"max_hp_loss":0,"event_name":"Bonfire Elementals","floor":4,"gold_loss":0},{"damage_healed":0,"gold_gain":100,"player_choice":"Pray","damage_taken":0,"max_hp_gain":0,"max_hp_loss":0,"event_name":"Golden Shrine","floor":11,"gold_loss":0},{"damage_healed":0,"gold_gain":0,"player_choice":"Ignored","damage_taken":0,"max_hp_gain":0,"max_hp_loss":0,"event_name":"NoteForYourself","floor":19,"gold_loss":0},{"damage_healed":0,"gold_gain":0,"player_choice":"Obtained Relic","damage_taken":0,"relics_obtained":["Ornamental Fan"],"max_hp_gain":0,"max_hp_loss":0,"event_name":"Addict","floor":20,"gold_loss":85},{"damage_healed":0,"gold_gain":0,"player_choice":"Fought Bandits","damage_taken":0,"max_hp_gain":0,"max_hp_loss":0,"event_name":"Masked Bandits","floor":21,"gold_loss":0},{"damage_healed":0,"gold_gain":0,"player_choice":"Opened","damage_taken":0,"relics_obtained":["Boot"],"max_hp_gain":0,"max_hp_loss":0,"event_name":"The Mausoleum","floor":27,"gold_loss":0},{"damage_healed":0,"gold_gain":0,"player_choice":"Upgrade","damage_taken":0,"relics_obtained":["Mark of the Bloom"],"max_hp_gain":0,"max_hp_loss":0,"event_name":"MindBloom","floor":37,"gold_loss":0,"cards_upgraded":["Strike_R","Strike_R","Strike_R","Strike_R","Strike_R","Bash","Flex","Dual Wield","Whirlwind","Clash","Flex","Offering","Warcry","Sword Boomerang","Clash","Bandage Up"]},{"damage_healed":0,"gold_gain":0,"player_choice":"Copied","damage_taken":0,"max_hp_gain":0,"max_hp_loss":0,"event_name":"Duplicator","floor":41,"gold_loss":0,"cards_obtained":["Clash"]},{"damage_healed":0,"gold_gain":0,"player_choice":"Max HP","damage_taken":0,"max_hp_gain":0,"max_hp_loss":4,"event_name":"Winding Halls","floor":44,"gold_loss":0}],"is_beta":false,"boss_relics":[{"not_picked":["Snecko Eye","Tiny House"],"picked":"Busted Crown"},{"not_picked":["Runic Cube","White Beast Statue"],"picked":"Coffee Dripper"}],"items_purged_floors":[3,22,24,46],"is_endless":false,"potions_floor_spawned":[5,6,7,13,16,18,21,29,39,40,45,47],"ascension_level":0}