{"gold_per_floor":[110,124,139,157,177,177,209,224,247,322,287,298,298,324,324,428,428],"floor_reached":17,"playtime":1270,"items_purged":[],"score":228,"play_id":"dd81f6b5-3b81-4e12-ae4e-4b0f0568b2cf","local_time":"20190615112112","is_ascension_mode":true,"campfire_choices":[{"floor":6,"key":"REST"},{"floor":13,"key":"REST"},{"data":"Bash","floor":15,"key":"SMITH"}],"neow_cost":"NONE","seed_source_timestamp":198844032680669,"circlet_count":0,"master_deck":["Strike_R","Strike_R","Strike_R","Strike_R","Strike_R","Defend_R","Defend_R","Defend_R","Defend_R","Bash+1","Pommel Strike","Havoc","Spot Weakness","Sword Boomerang","Thunderclap","Metallicize","Corruption","Pommel Strike","Battle Trance","Immolate"],"relics":["Burning Blood","Happy Flower","Bag of Marbles","Regal Pillow","Sundial","Runic Pyramid"],"potions_floor_usage":[7,7,14,16],"damage_taken":[{"damage":0,"enemies":"Small Slimes","floor":1,"turns":3},{"damage":8,"enemies":"2 Louse","floor":2,"turns":4},{"damage":7,"enemies":"Jaw Worm","floor":3,"turns":3},{"damage":34,"enemies":"Exordium Thugs","floor":4,"turns":5},{"damage":37,"enemies":"Lots of Slimes","floor":5,"turns":5},{"damage":38,"enemies":"Lagavulin","floor":7,"turns":7},{"damage":0,"enemies":"Gremlin Gang","floor":8,"turns":3},{"damage":16,"enemies":"Red Slaver","floor":12,"turns":4},{"damage":33,"enemies":"3 Sentries","floor":14,"turns":7},{"damage":37,"enemies":"The Guardian","floor":16,"turns":9}],"seed_played":"1863429371505526334","potions_obtained":[{"floor":2,"key":"SpeedPotion"},{"floor":4,"key":"Weak Potion"},{"floor":8,"key":"Regen Potion"},{"floor":12,"key":"FearPotion"}],"is_trial":false,"path_per_floor":["M","M","M","M","M","R","E","M","T","?","?","M","R","E","R","B",null],"character_chosen":"IRONCLAD","items_purchased":[],"campfire_rested":2,"item_purchase_floors":[],"current_hp_per_floor":[78,76,75,47,16,40,8,14,14,3,23,13,52,39,39,8,62],"gold":428,"neow_bonus":"RANDOM_COMMON_RELIC","is_prod":false,"is_daily":false,"chose_seed":false,"campfire_upgraded":1,"win_rate":0,"timestamp":1560586872,"path_taken":["M","M","M","M","M","R","E","M","T","?","?","M","R","E","R","BOSS"],"build_version":"2019-01-23","purchased_purges":0,"victory":false,"max_hp_per_floor":[80,80,80,80,80,80,80,80,80,80,80,80,80,80,80,80,80],"card_choices":[{"not_picked":["Cleave","Bloodletting"],"picked":"Pommel Strike","floor":1},{"not_picked":["Iron Wave","True Grit"],"picked":"Havoc","floor":2},{"not_picked":["Warcry","Body Slam"],"picked":"Spot Weakness","floor":3},{"not_picked":["Perfected Strike","Dropkick"],"picked":"Sword Boomerang","floor":4},{"not_picked":["Sword Boomerang","True Grit"],"picked":"Thunderclap","floor":5},{"not_picked":["Anger","Bloodletting"],"picked":"Metallicize","floor":7},{"not_picked":["Cleave","Havoc"],"picked":"Corruption","floor":8},{"not_picked":["True Grit","Clash"],"picked":"Pommel Strike","floor":12},{"not_picked":["Second Wind","Evolve"],"picked":"Battle Trance","floor":14},{"not_picked":["Fiend Fire","Bludgeon"],"picked":"Immolate","floor":16}],"player_experience":208626,"relics_obtained":[{"floor":7,"key":"Bag of Marbles"},{"floor":9,"key":"Regal Pillow"},{"floor":14,"key":"Sundial"}],"event_choices":[{"damage_healed":0,"gold_gain":75,"player_choice":"Gather Gold","damage_taken":11,"max_hp_gain":0,"max_hp_loss":0,"event_name":"World of Goop","floor":10,"gold_loss":0},{"damage_healed":20,"gold_gain":0,"player_choice":"Healed","damage_taken":0,"max_hp_gain":0,"max_hp_loss":0,"event_name":"The Cleric","floor":11,"gold_loss":35}],"is_beta":false,"boss_relics":[{"not_picked":["Velvet Choker","Pandora\u0027s Box"],"picked":"Runic Pyramid"}],"items_purged_floors":[],"is_endless":false,"potions_floor_spawned":[2,4,8,12],"ascension_level":7}