{"gold_per_floor":[116,116,116,129,26,54,54,19,19,19,46,68,79,95,95,170,170,185,213,226,236,30,30,61,61,91,120,120,150,169,181,181,258,258,275,302,302,312,262,294,320,339,339,339,339,373,373,373,373,373],"floor_reached":51,"playtime":11561,"items_purged":["Strike_G","Strike_G"],"score":1451,"play_id":"a12171e1-6f3a-4819-a996-6b57d6024314","local_time":"20190626103826","is_ascension_mode":true,"campfire_choices":[{"data":"Neutralize","floor":7.0,"key":"SMITH"},{"data":"Cloak And Dagger","floor":10.0,"key":"SMITH"},{"floor":15.0,"key":"REST"},{"data":"Deadly Poison","floor":25.0,"key":"SMITH"},{"data":"Deadly Poison","floor":28.0,"key":"SMITH"},{"data":"Corpse Explosion","floor":32.0,"key":"SMITH"},{"floor":44.0,"key":"REST"},{"floor":47.0,"key":"REST"},{"data":"Footwork","floor":49.0,"key":"SMITH"}],"neow_cost":"NONE","seed_source_timestamp":0,"circlet_count":0,"master_deck":["AscendersBane","Defend_G","Defend_G","Defend_G","Defend_G","Strike_G+1","Strike_G","Strike_G+1","Survivor","Neutralize+1","Poisoned Stab","Cloak And Dagger+1","Dagger Throw","Dodge and Roll","Poisoned Stab","Deadly Poison+1","Deadly Poison+1","Bane","Bullet Time","Dodge and Roll","Backflip+1","Leg Sweep","PiercingWail","Crippling Poison","Deflect","Footwork+1","Corpse Explosion+1","Night Terror","PiercingWail","PiercingWail+1","Parasite","Concentrate"],"special_seed":0,"relics":["Ring of the Snake","NeowsBlessing","Art of War","Question Card","Happy Flower","Singing Bowl","Odd Mushroom","Runic Pyramid","Red Mask","Oddly Smooth Stone","Tiny Chest","Ninja Scroll","Anchor","Lizard Tail","Boot","Bird Faced Urn","Potion Belt","Lantern","Calipers","Dream Catcher"],"potions_floor_usage":[50],"damage_taken":[{"damage":0.0,"enemies":"2 Louse","floor":1.0,"turns":1.0},{"damage":0.0,"enemies":"Small Slimes","floor":4.0,"turns":1.0},{"damage":0.0,"enemies":"Lagavulin","floor":6.0,"turns":1.0},{"damage":14.0,"enemies":"Gremlin Nob","floor":11.0,"turns":4.0},{"damage":5.0,"enemies":"The Mushroom Lair","floor":12.0,"turns":4.0},{"damage":0.0,"enemies":"Jaw Worm","floor":13.0,"turns":3.0},{"damage":0.0,"enemies":"2 Fungi Beasts","floor":14.0,"turns":2.0},{"damage":13.0,"enemies":"Hexaghost","floor":16.0,"turns":9.0},{"damage":16.0,"enemies":"Shell Parasite","floor":18.0,"turns":5.0},{"damage":22.0,"enemies":"Masked Bandits","floor":19.0,"turns":5.0},{"damage":0.0,"enemies":"Chosen","floor":20.0,"turns":4.0},{"damage":0.0,"enemies":"Snecko","floor":21.0,"turns":5.0},{"damage":17.0,"enemies":"Gremlin Leader","floor":24.0,"turns":9.0},{"damage":7.0,"enemies":"Slavers","floor":27.0,"turns":8.0},{"damage":9.0,"enemies":"Gremlin Leader","floor":29.0,"turns":10.0},{"damage":0.0,"enemies":"Cultist and Chosen","floor":30.0,"turns":9.0},{"damage":0.0,"enemies":"Chosen and Byrds","floor":31.0,"turns":5.0},{"damage":10.0,"enemies":"Collector","floor":33.0,"turns":9.0},{"damage":0.0,"enemies":"Orb Walker","floor":35.0,"turns":4.0},{"damage":0.0,"enemies":"3 Shapes","floor":38.0,"turns":4.0},{"damage":33.0,"enemies":"Reptomancer","floor":40.0,"turns":8.0},{"damage":9.0,"enemies":"Writhing Mass","floor":42.0,"turns":7.0},{"damage":55.0,"enemies":"Giant Head","floor":46.0,"turns":13.0},{"damage":72,"enemies":"Time Eater","floor":50,"turns":20}],"seed_played":"6344423447407226677","potions_obtained":[{"floor":4.0,"key":"Swift Potion"},{"floor":6.0,"key":"Block Potion"},{"floor":13.0,"key":"SkillPotion"},{"floor":14.0,"key":"Explosive Potion"},{"floor":18.0,"key":"Ancient Potion"},{"floor":19.0,"key":"PowerPotion"},{"floor":29.0,"key":"Fire Potion"},{"floor":30.0,"key":"GamblersBrew"},{"floor":35.0,"key":"Ancient Potion"},{"floor":38.0,"key":"Energy Potion"},{"floor":46.0,"key":"Regen Potion"}],"is_trial":false,"path_per_floor":["M","?","?","M","$","E","R","?","T","R","E","?","M","M","R","B",null,"M","?","M","M","$","?","E","R","T","E","R","E","M","M","R","B",null,"M","T","?","M","$","E","T","M","T","R","T","E","R","?","R","B",null],"character_chosen":"THE_SILENT","items_purchased":["Dagger Throw","Block Potion","PiercingWail","PiercingWail"],"campfire_rested":3,"item_purchase_floors":[5,22,22,39],"current_hp_per_floor":[59,39,13,13,13,13,13,29,29,29,15,10,10,10,29,16,54,38,16,16,16,16,66,49,49,49,42,42,33,33,35,35,25,57,59,59,59,61,61,28,28,23,23,45,45,37,61,61,61,12],"gold":373,"neow_bonus":"THREE_ENEMY_KILL","is_prod":false,"is_daily":false,"chose_seed":false,"campfire_upgraded":6,"win_rate":0,"timestamp":1561534706,"path_taken":["M","?","?","?","$","E","R","?","T","R","E","?","M","M","R","BOSS","M","?","M","M","$","?","E","R","T","E","R","E","M","M","R","BOSS","M","?","?","M","$","E","?","?","T","R","?","E","R","?","R","BOSS"],"build_version":"2019-01-23","purchased_purges":2,"victory":true,"max_hp_per_floor":[66,66,66,66,66,66,66,66,66,66,66,66,66,66,66,66,66,66,66,66,66,66,66,66,66,66,66,66,66,66,68,68,68,68,70,70,70,72,72,72,72,74,74,74,74,74,76,76,76,76],"card_choices":[{"not_picked":["Dodge and Roll","PiercingWail"],"picked":"Poisoned Stab","floor":1.0},{"not_picked":["Deflect","Outmaneuver"],"picked":"Cloak And Dagger","floor":4.0},{"not_picked":["Dagger Throw","Slice"],"picked":"Dodge and Roll","floor":6.0},{"not_picked":["Blade Dance","Slice","Choke"],"picked":"Poisoned Stab","floor":11.0},{"not_picked":["Terror","Underhanded Strike","Reflex"],"picked":"Deadly Poison","floor":12.0},{"not_picked":["Blade Dance","Masterful Stab","Dagger Spray"],"picked":"Deadly Poison","floor":13.0},{"not_picked":["Blade Dance","Dodge and Roll","Dagger Spray"],"picked":"Bane","floor":14.0},{"not_picked":["A Thousand Cuts","Storm of Steel","Glass Knife"],"picked":"Bullet Time","floor":16.0},{"not_picked":["Dagger Spray","Prepared","Endless Agony"],"picked":"Dodge and Roll","floor":18.0},{"not_picked":["Dodge and Roll","Quick Slash","Acrobatics"],"picked":"Backflip+1","floor":19.0},{"not_picked":["Accuracy","Dodge and Roll+1","Heel Hook"],"picked":"Leg Sweep","floor":20.0},{"not_picked":["Flying Knee","Dodge and Roll","Underhanded Strike"],"picked":"Bouncing Flask","floor":21.0},{"not_picked":["Flechettes","Choke","Dagger Throw"],"picked":"Crippling Poison","floor":24.0},{"not_picked":["Outmaneuver","Slice","Skewer"],"picked":"Deflect","floor":27.0},{"not_picked":["Finisher","Deflect","Sucker Punch"],"picked":"Footwork","floor":29.0},{"not_picked":["Flying Knee+1","Outmaneuver","Cloak And Dagger+1"],"picked":"Corpse Explosion","floor":30.0},{"not_picked":["Flechettes","Deadly Poison","Poisoned Stab","Flying Knee"],"picked":"Singing Bowl","floor":31.0},{"not_picked":["Burst","Phantasmal Killer","Unload"],"picked":"Night Terror","floor":33.0},{"not_picked":["Reflex","Poisoned Stab+1","Outmaneuver","Expertise+1"],"picked":"Singing Bowl","floor":35.0},{"not_picked":["Caltrops","Poisoned Stab","Leg Sweep","Cloak And Dagger"],"picked":"Singing Bowl","floor":38.0},{"not_picked":["Prepared","Unload","Heel Hook"],"picked":"PiercingWail+1","floor":40.0},{"not_picked":["Backflip","Flechettes","Cloak And Dagger+1","Bouncing Flask"],"picked":"Singing Bowl","floor":42.0},{"not_picked":["Dash","Blade Dance","Escape Plan"],"picked":"Concentrate","floor":46.0},{"not_picked":["Backflip+1","Expertise","Dagger Spray","Infinite Blades+1"],"picked":"Singing Bowl","floor":47.0}],"player_experience":549806,"relics_obtained":[{"floor":6.0,"key":"Question Card"},{"floor":9.0,"key":"Happy Flower"},{"floor":11.0,"key":"Singing Bowl"},{"floor":12.0,"key":"Odd Mushroom"},{"floor":19.0,"key":"Red Mask"},{"floor":24.0,"key":"Oddly Smooth Stone"},{"floor":26.0,"key":"Tiny Chest"},{"floor":27.0,"key":"Ninja Scroll"},{"floor":29.0,"key":"Anchor"},{"floor":36.0,"key":"Boot"},{"floor":40.0,"key":"Bird Faced Urn"},{"floor":41.0,"key":"Potion Belt"},{"floor":43.0,"key":"Lantern"},{"floor":45.0,"key":"Calipers"},{"floor":46.0,"key":"Dream Catcher"}],"event_choices":[{"damage_healed":0.0,"max_hp_gain":0.0,"max_hp_loss":0.0,"gold_gain":0.0,"event_name":"Shining Light","player_choice":"Entered Light","floor":2.0,"gold_loss":0.0,"damage_taken":20.0,"cards_upgraded":["Strike_G","Strike_G"]},{"damage_healed":0.0,"max_hp_gain":0.0,"max_hp_loss":0.0,"gold_gain":0.0,"event_name":"Scrap Ooze","player_choice":"Success","floor":3.0,"gold_loss":0.0,"damage_taken":26.0,"relics_obtained":["Art of War"]},{"damage_healed":16.0,"max_hp_gain":0.0,"max_hp_loss":0.0,"gold_gain":0.0,"event_name":"The Cleric","player_choice":"Healed","floor":8.0,"gold_loss":35.0,"damage_taken":0.0},{"damage_healed":0.0,"max_hp_gain":0.0,"max_hp_loss":0.0,"gold_gain":0.0,"event_name":"Mushrooms","player_choice":"Fought Mushrooms","floor":12.0,"gold_loss":0.0,"damage_taken":0.0},{"damage_healed":0.0,"max_hp_gain":0.0,"max_hp_loss":0.0,"gold_gain":0.0,"event_name":"Masked Bandits","player_choice":"Fought Bandits","floor":19.0,"gold_loss":0.0,"damage_taken":0.0},{"cards_removed":["Bouncing Flask"],"damage_healed":50.0,"max_hp_gain":0.0,"max_hp_loss":0.0,"gold_gain":0.0,"event_name":"Bonfire Elementals","player_choice":"Offered Uncommon","floor":23.0,"gold_loss":0.0,"damage_taken":0.0},{"cards_removed":["Defend_G"],"damage_healed":0.0,"max_hp_gain":0.0,"max_hp_loss":0.0,"gold_gain":0.0,"event_name":"Falling","player_choice":"Removed Skill","floor":37.0,"gold_loss":0.0,"damage_taken":0.0},{"damage_healed":0.0,"max_hp_gain":0.0,"max_hp_loss":0.0,"gold_gain":0.0,"event_name":"Mysterious Sphere","player_choice":"Ignored","floor":48.0,"gold_loss":0.0,"damage_taken":0.0}],"is_beta":false,"boss_relics":[{"not_picked":["Black Star","Busted Crown"],"picked":"Runic Pyramid"},{"not_picked":["Astrolabe","Ring of the Serpent"],"picked":"Lizard Tail"}],"items_purged_floors":[5,22],"is_endless":false,"potions_floor_spawned":[4,6,13,14,18,19,29,30,31,35,38,46],"ascension_level":19}