{"gold_per_floor":[118,118,132,144,219,219,249,249,273,287,287,287],"floor_reached":12,"playtime":722,"items_purged":[],"score":140,"play_id":"f47d8935-1d1e-4a6c-8673-ab9126ae3644","local_time":"20190713205047","is_ascension_mode":true,"campfire_choices":[{"data":"Go for the Eyes","floor":6,"key":"SMITH"},{"floor":8,"key":"REST"}],"neow_cost":"PERCENT_DAMAGE","seed_source_timestamp":989329290581629,"circlet_count":0,"master_deck":["AscendersBane","Strike_B","Strike_B","Defend_B","Defend_B","Defend_B","Defend_B","Zap","Dualcast","Go for the Eyes+1","Conserve Battery","Hologram","Loop+1","Hologram"],"relics":["Cracked Core","Bronze Scales","Bag of Marbles"],"potions_floor_usage":[],"damage_taken":[{"damage":4,"enemies":"2 Louse","floor":1,"turns":3},{"damage":0,"enemies":"Jaw Worm","floor":3,"turns":4},{"damage":0,"enemies":"Cultist","floor":4,"turns":4},{"damage":21,"enemies":"Lagavulin","floor":7,"turns":8},{"damage":1,"enemies":"Red Slaver","floor":10,"turns":5},{"damage":36,"enemies":"3 Sentries","floor":12,"turns":6}],"seed_played":"-1992895009903297741","potions_obtained":[{"floor":10,"key":"Energy Potion"}],"is_trial":false,"path_per_floor":["M","?","M","M","?","R","E","R","T","M","?","E"],"character_chosen":"DEFECT","items_purchased":[],"campfire_rested":1,"item_purchase_floors":[],"current_hp_per_floor":[42,42,42,42,31,31,10,31,31,30,30,0],"gold":287,"neow_bonus":"REMOVE_TWO","is_prod":false,"is_daily":false,"chose_seed":false,"campfire_upgraded":1,"win_rate":0,"timestamp":1563040247,"path_taken":["M","?","M","M","?","R","E","R","T","M","?","E"],"build_version":"2019-07-05","purchased_purges":0,"victory":false,"max_hp_per_floor":[71,71,71,71,71,71,71,71,71,71,71,71],"card_choices":[{"not_picked":["Turbo","Aggregate"],"picked":"Go for the Eyes","floor":1},{"not_picked":["Darkness","Fusion"],"picked":"Conserve Battery","floor":3},{"not_picked":["Redo","Turbo"],"picked":"Hologram","floor":4},{"not_picked":["Thunder Strike","Fusion"],"picked":"Loop","floor":7},{"not_picked":["Fusion","Steam Power"],"picked":"Hologram","floor":10}],"player_experience":673593,"relics_obtained":[{"floor":7,"key":"Bronze Scales"},{"floor":9,"key":"Bag of Marbles"}],"event_choices":[{"damage_healed":0,"gold_gain":0,"player_choice":"Ignored","damage_taken":0,"max_hp_gain":0,"max_hp_loss":0,"event_name":"Liars Game","floor":2,"gold_loss":0},{"damage_healed":0,"gold_gain":75,"player_choice":"Gather Gold","damage_taken":11,"max_hp_gain":0,"max_hp_loss":0,"event_name":"World of Goop","floor":5,"gold_loss":0},{"damage_healed":0,"gold_gain":0,"player_choice":"Grow","damage_taken":0,"max_hp_gain":0,"max_hp_loss":0,"event_name":"Living Wall","floor":11,"gold_loss":0,"cards_upgraded":["Loop"]}],"is_beta":false,"boss_relics":[],"items_purged_floors":[],"is_endless":false,"potions_floor_spawned":[10],"killed_by":"3 Sentries","ascension_level":16}