{"gold_per_floor":[117,134,134,144,15,40,40,71,122,122,154,167,196,210,210,309,309,321,334,181,194,293,323,323,348,348,348,383,383,19,51,51,148,148,165,20,20,31,51,82,102,137,137,149,149,183,183,210,210,210,210,210,33,66,66],"floor_reached":56,"playtime":6180,"items_purged":["Strike_R","Strike_R","Strike_R"],"score":2597,"play_id":"7a00b1ef-83d5-493d-b134-7c8505e3abc2","local_time":"20190623222115","is_ascension_mode":true,"campfire_choices":[{"data":"Fiend Fire","floor":7.0,"key":"SMITH"},{"data":"Corruption","floor":15.0,"key":"SMITH"},{"data":"True Grit","floor":24.0,"key":"SMITH"},{"data":"Heavy Blade","floor":29.0,"key":"SMITH"},{"data":"Feel No Pain","floor":32.0,"key":"SMITH"},{"floor":45,"key":"RECALL"},{"data":"True Grit","floor":49,"key":"SMITH"},{"data":"Juggernaut","floor":52,"key":"SMITH"}],"neow_cost":"NONE","seed_source_timestamp":924659194938832,"circlet_count":0,"master_deck":["AscendersBane","Defend_R","Defend_R","Defend_R","Defend_R","Bash","Cleave","Clothesline","Heavy Blade+1","Twin Strike","Fiend Fire+1","Corruption+1","Sword Boomerang","Shockwave","Metallicize","Havoc","Barricade","Warcry","Warcry","True Grit+1","Barricade","Sever Soul","Feel No Pain+1","Seeing Red","Corruption+1","Feel No Pain+1","Offering","Body Slam+1","Juggernaut+1","True Grit+1","Havoc","Shrug It Off"],"special_seed":0,"relics":["Burning Blood","NeowsBlessing","Pantograph","Bag of Preparation","Omamori","Potion Belt","Dead Branch","Snecko Eye","Pen Nib","Art of War","MutagenicStrength","Pear","DollysMirror","Red Mask","Lizard Tail","Lantern","PreservedInsect","Ancient Tea Set","Blood Vial","Happy Flower","Ornamental Fan","Calipers"],"potions_floor_usage":[46,55,55,55],"damage_taken":[{"damage":0.0,"enemies":"Small Slimes","floor":1.0,"turns":2.0},{"damage":0.0,"enemies":"Cultist","floor":2.0,"turns":1.0},{"damage":0.0,"enemies":"2 Louse","floor":4.0,"turns":1.0},{"damage":20.0,"enemies":"3 Sentries","floor":6.0,"turns":5.0},{"damage":24.0,"enemies":"Gremlin Nob","floor":8.0,"turns":4.0},{"damage":40.0,"enemies":"3 Sentries","floor":11.0,"turns":10.0},{"damage":4.0,"enemies":"Exordium Thugs","floor":12.0,"turns":5.0},{"damage":10.0,"enemies":"Lagavulin","floor":13.0,"turns":6.0},{"damage":0.0,"enemies":"Blue Slaver","floor":14.0,"turns":3.0},{"damage":0.0,"enemies":"Slime Boss","floor":16.0,"turns":4.0},{"damage":22.0,"enemies":"2 Thieves","floor":18.0,"turns":3.0},{"damage":0.0,"enemies":"3 Byrds","floor":19.0,"turns":2.0},{"damage":14.0,"enemies":"Snake Plant","floor":21.0,"turns":3.0},{"damage":13.0,"enemies":"Book of Stabbing","floor":23.0,"turns":3.0},{"damage":0.0,"enemies":"Gremlin Leader","floor":25.0,"turns":1.0},{"damage":0.0,"enemies":"Slavers","floor":28.0,"turns":2.0},{"damage":0.0,"enemies":"Masked Bandits","floor":31.0,"turns":2.0},{"damage":0.0,"enemies":"Champ","floor":33.0,"turns":5.0},{"damage":6.0,"enemies":"3 Shapes","floor":35.0,"turns":1.0},{"damage":6.0,"enemies":"3 Darklings","floor":38.0,"turns":1.0},{"damage":0,"enemies":"Writhing Mass","floor":39,"turns":4},{"damage":6,"enemies":"Nemesis","floor":40,"turns":1},{"damage":6,"enemies":"Sphere and 2 Shapes","floor":41,"turns":2},{"damage":6,"enemies":"Giant Head","floor":42,"turns":1},{"damage":6,"enemies":"Jaw Worm Horde","floor":44,"turns":2},{"damage":0,"enemies":"Nemesis","floor":46,"turns":5},{"damage":6,"enemies":"Reptomancer","floor":48,"turns":1},{"damage":23,"enemies":"Awakened One","floor":50,"turns":4},{"damage":6,"enemies":"Shield and Spear","floor":54,"turns":2},{"damage":6,"enemies":"The Heart","floor":55,"turns":8}],"seed_played":"-3237788188261378968","potions_obtained":[{"floor":4.0,"key":"SteroidPotion"},{"floor":8.0,"key":"Regen Potion"},{"floor":11.0,"key":"GamblersBrew"},{"floor":12.0,"key":"Dexterity Potion"},{"floor":21.0,"key":"Explosive Potion"},{"floor":23.0,"key":"Explosive Potion"},{"floor":25.0,"key":"Block Potion"},{"floor":33.0,"key":"Swift Potion"},{"floor":35.0,"key":"AttackPotion"},{"floor":41,"key":"SteroidPotion"},{"floor":46,"key":"Poison Potion"}],"is_trial":false,"path_per_floor":["M","M","?","M","$","E","R","E","T","?","E","M","E","M","R","B",null,"M","M","$","M","?","E","R","E","T","?","E","R","$","?","R","B",null,"M","$","?","M","M","E","M","E","T","M","R","E","?","E","R","B",null,"R","$","E","B",null],"character_chosen":"IRONCLAD","items_purchased":["Twin Strike","Warcry","Feel No Pain","Seeing Red","DollysMirror","Lantern","Dexterity Potion"],"campfire_rested":0,"item_purchase_floors":[5,20,30,30,30,36,53],"current_hp_per_floor":[78,80,80,80,80,66,66,48,48,48,29,31,27,33,33,64,76,60,66,66,58,58,51,51,57,57,57,73,73,73,79,79,90,90,90,90,90,90,90,90,90,90,90,90,90,90,90,90,90,73,86,86,86,88,90],"gold":66,"neow_bonus":"THREE_ENEMY_KILL","is_prod":false,"is_daily":false,"chose_seed":false,"campfire_upgraded":7,"win_rate":0,"timestamp":1561317675,"path_taken":["M","M","?","?","?","E","R","E","T","?","E","M","E","M","R","BOSS","M","M","$","M","?","E","R","E","T","?","E","R","$","?","R","BOSS","M","$","?","M","?","E","M","E","T","M","R","E","?","E","R","BOSS","R","$","E","BOSS"],"build_version":"2019-01-23","purchased_purges":3,"victory":true,"max_hp_per_floor":[80,80,80,80,80,80,80,80,80,80,80,80,80,80,80,80,80,80,80,80,80,80,80,80,80,80,80,90,90,90,90,90,90,90,90,90,90,90,90,90,90,90,90,90,90,90,90,90,90,90,90,90,90,90,90],"card_choices":[{"not_picked":["Shrug It Off","Blood for Blood"],"picked":"Cleave","floor":1.0},{"not_picked":["Sentinel","Bloodletting"],"picked":"Clothesline","floor":2.0},{"not_picked":["Wild Strike","Havoc"],"picked":"Heavy Blade","floor":4.0},{"not_picked":["Iron Wave","Exhume"],"picked":"Fiend Fire","floor":6.0},{"not_picked":["Perfected Strike","Pommel Strike"],"picked":"Corruption","floor":8.0},{"not_picked":["Anger","Clothesline"],"picked":"Sword Boomerang","floor":11.0},{"not_picked":["Headbutt","Body Slam"],"picked":"Shockwave","floor":12.0},{"not_picked":["Limit Break","Thunderclap"],"picked":"Metallicize","floor":13.0},{"not_picked":["Wild Strike","Pummel"],"picked":"Havoc","floor":14.0},{"not_picked":["Dark Embrace","Fiend Fire"],"picked":"Barricade","floor":16.0},{"not_picked":["Flex","Pommel Strike","Headbutt"],"picked":"SKIP","floor":18.0},{"not_picked":["Infernal Blade","Wild Strike"],"picked":"Warcry","floor":19.0},{"not_picked":["Hemokinesis","Rupture","Blood for Blood"],"picked":"SKIP","floor":21.0},{"not_picked":["Wild Strike+1","Impervious"],"picked":"True Grit","floor":23.0},{"not_picked":["Evolve+1","Disarm"],"picked":"Barricade","floor":25.0},{"not_picked":["Thunderclap","Havoc"],"picked":"Sever Soul","floor":28.0},{"not_picked":["Havoc","Twin Strike"],"picked":"Feel No Pain","floor":31.0},{"not_picked":["Reaper","Bludgeon"],"picked":"Offering","floor":33.0},{"not_picked":["Perfected Strike","Cleave","Clash+1"],"picked":"SKIP","floor":35.0},{"not_picked":["Thunderclap+1","Burning Pact"],"picked":"Body Slam+1","floor":38.0},{"not_picked":["Metallicize","Headbutt+1","Brutality"],"picked":"SKIP","floor":39},{"not_picked":["Clash","Iron Wave+1"],"picked":"Juggernaut","floor":40},{"not_picked":["Anger","Bloodletting","Power Through"],"picked":"SKIP","floor":41},{"not_picked":["Wild Strike+1","Sever Soul"],"picked":"True Grit","floor":42},{"not_picked":["Infernal Blade+1","Rage","Metallicize"],"picked":"SKIP","floor":44},{"not_picked":["Searing Blow","Intimidate"],"picked":"Havoc","floor":46},{"not_picked":["Blood for Blood","Warcry"],"picked":"Shrug It Off","floor":48},{"not_picked":["Pommel Strike+1","Cleave+1","Clash+1"],"picked":"SKIP","floor":54}],"player_experience":460376,"relics_obtained":[{"floor":6.0,"key":"Pantograph"},{"floor":8.0,"key":"Bag of Preparation"},{"floor":9.0,"key":"Omamori"},{"floor":11.0,"key":"Potion Belt"},{"floor":13.0,"key":"Dead Branch"},{"floor":23.0,"key":"Pen Nib"},{"floor":25.0,"key":"Art of War"},{"floor":28.0,"key":"Pear"},{"floor":31.0,"key":"Red Mask"},{"floor":40,"key":"PreservedInsect"},{"floor":42,"key":"Ancient Tea Set"},{"floor":43,"key":"Blood Vial"},{"floor":46,"key":"Happy Flower"},{"floor":48,"key":"Ornamental Fan"},{"floor":54,"key":"Calipers"}],"event_choices":[{"cards_removed":["Strike_R"],"damage_healed":0.0,"max_hp_gain":0.0,"max_hp_loss":0.0,"gold_gain":0.0,"event_name":"Purifier","player_choice":"Purged","floor":3.0,"gold_loss":0.0,"damage_taken":0.0},{"cards_removed":["Strike_R"],"damage_healed":0.0,"max_hp_gain":0.0,"max_hp_loss":0.0,"gold_gain":0.0,"event_name":"Bonfire Elementals","player_choice":"Offered Basic","floor":10.0,"gold_loss":0.0,"damage_taken":0.0},{"damage_healed":0.0,"max_hp_gain":0.0,"max_hp_loss":0.0,"gold_gain":99.0,"event_name":"Nest","player_choice":"Stole From Cult","floor":22.0,"gold_loss":0.0,"damage_taken":0.0},{"damage_healed":0.0,"max_hp_gain":0.0,"max_hp_loss":0.0,"gold_gain":0.0,"event_name":"Drug Dealer","player_choice":"Inject Mutagens","floor":27.0,"gold_loss":0.0,"damage_taken":0.0,"relics_obtained":["MutagenicStrength"]},{"damage_healed":0.0,"max_hp_gain":0.0,"max_hp_loss":0.0,"gold_gain":0.0,"event_name":"Masked Bandits","player_choice":"Fought Bandits","floor":31.0,"gold_loss":0.0,"damage_taken":0.0},{"damage_healed":0.0,"max_hp_gain":0.0,"max_hp_loss":0.0,"gold_gain":0.0,"event_name":"Accursed Blacksmith","player_choice":"Forge","floor":37.0,"gold_loss":0.0,"damage_taken":0.0,"cards_upgraded":["Feel No Pain"]},{"damage_healed":0,"gold_gain":0,"player_choice":"Bought 0 Potions","damage_taken":0,"max_hp_gain":0,"max_hp_loss":0,"event_name":"The Woman in Blue","floor":47,"gold_loss":0}],"is_beta":false,"boss_relics":[{"not_picked":["Ectoplasm","Runic Dome"],"picked":"Snecko Eye"},{"not_picked":["Runic Cube","Runic Pyramid"],"picked":"Lizard Tail"}],"items_purged_floors":[5,20,53],"is_endless":false,"potions_floor_spawned":[4,8,11,12,21,23,25,33,35,41,44,46],"ascension_level":12}