{"gold_per_floor":[118,133,153,163,88,163,163,183,262,272,272,292,303,318,318,423,423,440,440,539,549,549,549,563,236,308,29,39,39,51,67,67,170,170,188,188,207,207],"floor_reached":38,"playtime":2108,"items_purged":["Strike_R","Strike_R","Strike_R"],"score":374,"play_id":"8a52d580-1c21-4ba6-ba5e-36c9c7883eb8","local_time":"20190712231105","is_ascension_mode":false,"campfire_choices":[{"data":"Uppercut","floor":11.0,"key":"SMITH"},{"data":"Flex","floor":15.0,"key":"SMITH"},{"data":"Dark Embrace","floor":23.0,"key":"SMITH"},{"floor":29,"key":"REST"},{"floor":32,"key":"REST"}],"neow_cost":"NONE","seed_source_timestamp":43094039267300,"circlet_count":0,"master_deck":["Strike_R","Defend_R","Defend_R","Defend_R","Defend_R","Bash","Feel No Pain","Uppercut+1","Ghostly Armor","Cleave","Shrug It Off","Flex+1","Dark Embrace+1","Whirlwind+1","Shockwave","Inflame+1","Inflame","True Grit","Double Tap","Feel No Pain","Havoc","Infernal Blade+1","Flame Barrier+1","Berserk","Shrug It Off"],"special_seed":0,"relics":["Black Blood"],"potions_floor_usage":[24,28,30,31,33,38],"damage_taken":[{"damage":6.0,"enemies":"Jaw Worm","floor":1.0,"turns":5.0},{"damage":4.0,"enemies":"2 Louse","floor":2.0,"turns":3.0},{"damage":2.0,"enemies":"Small Slimes","floor":3.0,"turns":4.0},{"damage":6.0,"enemies":"2 Fungi Beasts","floor":4.0,"turns":4.0},{"damage":9.0,"enemies":"Exordium Wildlife","floor":8.0,"turns":3.0},{"damage":7.0,"enemies":"3 Louse","floor":10.0,"turns":4.0},{"damage":26.0,"enemies":"Gremlin Gang","floor":12.0,"turns":7.0},{"damage":11.0,"enemies":"Blue Slaver","floor":13.0,"turns":3.0},{"damage":0.0,"enemies":"Looter","floor":14.0,"turns":3.0},{"damage":36.0,"enemies":"Hexaghost","floor":16.0,"turns":12.0},{"damage":16.0,"enemies":"Shell Parasite","floor":18.0,"turns":12.0},{"damage":5.0,"enemies":"Chosen","floor":21.0,"turns":6.0},{"damage":30,"enemies":"3 Cultists","floor":24,"turns":4},{"damage":17,"enemies":"Snake Plant","floor":28,"turns":4},{"damage":10,"enemies":"Snecko","floor":30,"turns":5},{"damage":10,"enemies":"Sentry and Sphere","floor":31,"turns":8},{"damage":48,"enemies":"Automaton","floor":33,"turns":11},{"damage":62,"enemies":"3 Darklings","floor":35,"turns":8},{"damage":20,"enemies":"Orb Walker","floor":37,"turns":6},{"damage":127,"enemies":"Transient","floor":38,"turns":5}],"seed_played":"755186777061762045","potions_obtained":[{"floor":3.0,"key":"Fire Potion"},{"floor":8.0,"key":"GamblersBrew"},{"floor":13.0,"key":"AttackPotion"},{"floor":14.0,"key":"Fire Potion"},{"floor":16.0,"key":"Poison Potion"},{"floor":24,"key":"SkillPotion"},{"floor":28,"key":"Swift Potion"},{"floor":30,"key":"AttackPotion"},{"floor":35,"key":"PowerPotion"},{"floor":37,"key":"Weak Potion"}],"is_trial":false,"path_per_floor":["M","M","M","M","$","?","?","M","T","M","R","M","M","M","R","B",null,"M","?","?","M","?","R","M","$","T","$","M","R","M","M","R","B",null,"M","?","M","M"],"character_chosen":"IRONCLAD","items_purchased":["Inflame","FairyPotion","Fire Potion","True Grit","Double Tap","Feel No Pain"],"campfire_rested":2,"item_purchase_floors":[25,25,25,25,27,27],"current_hp_per_floor":[80,80,80,80,80,69,69,66,66,65,65,45,40,46,46,16,80,70,55,55,56,56,56,32,32,32,32,21,46,42,38,63,21,85,33,33,23,0],"gold":207,"neow_bonus":"REMOVE_CARD","is_prod":false,"is_daily":false,"chose_seed":false,"campfire_upgraded":3,"win_rate":0,"timestamp":1562987465,"path_taken":["M","M","M","M","$","?","?","M","T","?","R","M","M","M","R","BOSS","M","?","?","M","?","R","M","$","T","$","M","R","?","M","R","BOSS","M","?","?","M"],"build_version":"2019-07-05","purchased_purges":3,"victory":false,"max_hp_per_floor":[80,80,80,80,80,80,80,80,80,80,80,80,80,80,80,80,80,80,85,85,85,85,85,85,85,85,85,85,85,85,85,85,85,85,85,85,85,85],"card_choices":[{"not_picked":["Heavy Blade","Perfected Strike","Combust"],"picked":"SKIP","floor":1.0},{"not_picked":["Havoc","Anger","Wild Strike"],"picked":"SKIP","floor":2.0},{"not_picked":["Armaments","Rupture"],"picked":"Feel No Pain","floor":3.0},{"not_picked":["Shrug It Off","Flame Barrier"],"picked":"Uppercut","floor":4.0},{"not_picked":["Rupture","Intimidate"],"picked":"Ghostly Armor","floor":8.0},{"not_picked":["Warcry","Battle Trance","Rupture"],"picked":"SKIP","floor":10.0},{"not_picked":["Havoc","Rupture"],"picked":"Cleave","floor":12.0},{"not_picked":["Evolve","Anger"],"picked":"Shrug It Off","floor":13.0},{"not_picked":["Cleave","Thunderclap"],"picked":"Flex","floor":14.0},{"not_picked":["Feed","Brutality"],"picked":"Dark Embrace","floor":16.0},{"not_picked":["Wild Strike+1","Warcry"],"picked":"Whirlwind+1","floor":18.0},{"not_picked":["Body Slam","Clothesline"],"picked":"Shockwave","floor":21.0},{"not_picked":["Wild Strike+1","Clash+1"],"picked":"Inflame+1","floor":24},{"not_picked":["Cleave","Twin Strike"],"picked":"Havoc","floor":28},{"not_picked":["Pommel Strike","Body Slam"],"picked":"Infernal Blade+1","floor":30},{"not_picked":["Clash","Searing Blow"],"picked":"Flame Barrier+1","floor":31},{"not_picked":["Dark Embrace","Exhume"],"picked":"Berserk","floor":33},{"not_picked":["Anger+1","Headbutt"],"picked":"Shrug It Off","floor":35},{"not_picked":["Clash","Rampage","Thunderclap+1"],"picked":"SKIP","floor":37}],"player_experience":1868285,"relics_obtained":[],"event_choices":[{"damage_healed":0.0,"max_hp_gain":0.0,"max_hp_loss":0.0,"gold_gain":75.0,"event_name":"World of Goop","player_choice":"Gather Gold","floor":6.0,"gold_loss":0.0,"damage_taken":11.0},{"damage_healed":0.0,"max_hp_gain":0.0,"max_hp_loss":0.0,"gold_gain":0.0,"event_name":"Scrap Ooze","player_choice":"Fled","floor":7.0,"gold_loss":0.0,"damage_taken":0.0},{"damage_healed":0.0,"max_hp_gain":5.0,"max_hp_loss":0.0,"gold_gain":0.0,"event_name":"Forgotten Altar","player_choice":"Shed Blood","floor":19.0,"gold_loss":0.0,"damage_taken":20.0},{"damage_healed":0.0,"max_hp_gain":0.0,"max_hp_loss":0.0,"gold_gain":99.0,"event_name":"Nest","player_choice":"Stole From Cult","floor":20.0,"gold_loss":0.0,"damage_taken":0.0},{"damage_healed":0,"gold_gain":0,"player_choice":"Ignored","damage_taken":0,"max_hp_gain":0,"max_hp_loss":0,"event_name":"SecretPortal","floor":36,"gold_loss":0}],"is_beta":false,"boss_relics":[{"not_picked":["Black Star","Sozu","Astrolabe"]},{"not_picked":["Calling Bell","Mark of Pain"],"picked":"Black Blood"}],"items_purged_floors":[5,25,27],"is_endless":false,"potions_floor_spawned":[3,8,13,14,16,24,28,30,35,37],"killed_by":"Transient","ascension_level":0}