{"gold_per_floor":[114,114,133,148,76,105,105,120,120,72,102,102,120,120,120,224,224,238,153,10,10,30,55,55,69,96,124,141,141,154,181,181,284,284,300,300,315,295,15,15,42,71,83,113,125,155,181,211,223,235],"floor_reached":50,"playtime":6774,"items_purged":[],"score":594,"play_id":"ff22d01f-58d7-4df6-9768-1e001d833c8b","local_time":"20190718213543","is_ascension_mode":false,"campfire_choices":[{"data":"Adrenaline","floor":7.0,"key":"SMITH"},{"floor":12,"key":"REST"},{"floor":15,"key":"REST"},{"data":"Adrenaline","floor":24,"key":"SMITH"},{"floor":29,"key":"REST"},{"floor":32,"key":"REST"},{"floor":40,"key":"REST"},{"floor":45,"key":"REST"},{"floor":49,"key":"REST"}],"neow_cost":"NONE","seed_source_timestamp":0,"circlet_count":0,"master_deck":["Strike_G","Strike_G+1","Strike_G","Strike_G","Defend_G","Defend_G","Defend_G","Defend_G","Survivor","Neutralize","Flying Knee","Caltrops","Flying Knee","Bouncing Flask","Adrenaline+1","Dagger Spray+1","Backflip","Predator","Catalyst","Adrenaline+1","Flying Knee","Bouncing Flask","Sucker Punch","Acrobatics","Leg Sweep","Leg Sweep","Doppelganger","Deadly Poison","Noxious Fumes","Crippling Poison+1","Dagger Throw+1","Poisoned Stab+1","Acrobatics+1","Poisoned Stab+1"],"special_seed":0,"relics":["Ring of the Snake","Bag of Marbles","Strawberry","Kunai","Pen Nib","Busted Crown","Matryoshka","Whetstone","Omamori","Letter Opener","Regal Pillow","Potion Belt","Dodecahedron","Black Star","Strange Spoon","Vajra","MawBank","Mercury Hourglass","Molten Egg 2"],"potions_floor_usage":[16,16,23,25,27,33,37,41,41,42,48,48,50],"damage_taken":[{"damage":0.0,"enemies":"2 Louse","floor":1.0,"turns":3.0},{"damage":5.0,"enemies":"Small Slimes","floor":3.0,"turns":4.0},{"damage":4.0,"enemies":"Jaw Worm","floor":4.0,"turns":7.0},{"damage":25.0,"enemies":"Lagavulin","floor":6.0,"turns":7.0},{"damage":13.0,"enemies":"Exordium Wildlife","floor":8.0,"turns":5.0},{"damage":13.0,"enemies":"3 Sentries","floor":11.0,"turns":7.0},{"damage":1,"enemies":"2 Fungi Beasts","floor":13,"turns":2},{"damage":39,"enemies":"Slime Boss","floor":16,"turns":10},{"damage":0,"enemies":"3 Byrds","floor":18,"turns":3},{"damage":6,"enemies":"Chosen","floor":22,"turns":2},{"damage":21,"enemies":"Book of Stabbing","floor":23,"turns":4},{"damage":6,"enemies":"Shelled Parasite and Fungi","floor":25,"turns":4},{"damage":0,"enemies":"Gremlin Leader","floor":27,"turns":4},{"damage":0,"enemies":"Chosen and Byrds","floor":28,"turns":3},{"damage":0,"enemies":"Snecko","floor":30,"turns":3},{"damage":12,"enemies":"Book of Stabbing","floor":31,"turns":3},{"damage":41,"enemies":"Automaton","floor":33,"turns":9},{"damage":34,"enemies":"3 Darklings","floor":35,"turns":3},{"damage":6,"enemies":"Orb Walker","floor":37,"turns":3},{"damage":42,"enemies":"Reptomancer","floor":41,"turns":6},{"damage":14,"enemies":"Maw","floor":42,"turns":5},{"damage":2,"enemies":"4 Shapes","floor":44,"turns":4},{"damage":12,"enemies":"Spire Growth","floor":46,"turns":4},{"damage":16,"enemies":"Maw","floor":47,"turns":5},{"damage":27,"enemies":"Writhing Mass","floor":48,"turns":4},{"damage":52,"enemies":"Time Eater","floor":50,"turns":5}],"seed_played":"2234374263625774944","potions_obtained":[{"floor":0.0,"key":"Regen Potion"},{"floor":0.0,"key":"SpeedPotion"},{"floor":0.0,"key":"Explosive Potion"},{"floor":4.0,"key":"SteroidPotion"},{"floor":8.0,"key":"SkillPotion"},{"floor":13,"key":"FearPotion"},{"floor":16,"key":"Fire Potion"},{"floor":18,"key":"Energy Potion"},{"floor":23,"key":"Swift Potion"},{"floor":30,"key":"Energy Potion"},{"floor":31,"key":"SteroidPotion"},{"floor":33,"key":"Dexterity Potion"},{"floor":35,"key":"Poison Potion"},{"floor":38,"key":"Weak Potion"},{"floor":41,"key":"Regen Potion"},{"floor":44,"key":"Fire Potion"},{"floor":48,"key":"GamblersBrew"}],"is_trial":false,"path_per_floor":["M","?","M","M","$","E","R","M","T","$","E","R","M","?","R","B",null,"M","?","$","?","M","E","R","M","T","E","M","R","M","E","R","B",null,"M","?","M","?","$","R","E","M","T","M","R","M","M","M","R","B"],"character_chosen":"THE_SILENT","items_purchased":["Bouncing Flask","Backflip","Whetstone","Noxious Fumes","Strange Spoon"],"campfire_rested":7,"item_purchase_floors":[5,10,20,39,39],"current_hp_per_floor":[70,63,58,54,54,44,44,31,38,38,25,48,47,35,58,19,77,77,77,77,77,71,50,50,44,44,44,44,77,77,65,77,36,77,43,43,37,37,37,75,33,33,33,31,69,57,41,14,52,0],"gold":235,"neow_bonus":"THREE_SMALL_POTIONS","is_prod":false,"is_daily":false,"chose_seed":false,"campfire_upgraded":2,"win_rate":0.0,"timestamp":1563482143,"path_taken":["M","?","M","M","$","E","R","M","T","$","E","R","M","?","R","BOSS","M","?","$","?","M","E","R","M","T","E","M","R","M","E","R","BOSS","M","?","M","?","$","R","E","M","T","M","R","M","M","?","R","BOSS"],"build_version":"2019-07-17","purchased_purges":0,"victory":false,"max_hp_per_floor":[70,70,70,70,70,70,70,70,77,77,77,77,77,77,77,77,77,77,77,77,77,77,77,77,77,77,77,77,77,77,77,77,77,77,77,77,77,77,77,77,77,77,77,77,77,77,77,77,77,77],"card_choices":[{"not_picked":["Infinite Blades","Dagger Throw"],"picked":"Flying Knee","floor":1.0},{"not_picked":["Dash","Sucker Punch"],"picked":"Caltrops","floor":3.0},{"not_picked":["Quick Slash","Calculated Gamble"],"picked":"Flying Knee","floor":4.0},{"not_picked":["Dodge and Roll","Choke"],"picked":"Adrenaline","floor":6.0},{"not_picked":["Sucker Punch","Bane"],"picked":"Dagger Spray","floor":8.0},{"not_picked":["Heel Hook","Skewer"],"picked":"Predator","floor":11},{"not_picked":["Dagger Throw","Flechettes"],"picked":"Catalyst","floor":13},{"not_picked":["Envenom","Die Die Die"],"picked":"Adrenaline","floor":16},{"not_picked":[],"picked":"Flying Knee","floor":18},{"not_picked":["Distraction+1"],"picked":"SKIP","floor":22},{"not_picked":[],"picked":"Sucker Punch","floor":23},{"not_picked":[],"picked":"Acrobatics","floor":25},{"not_picked":[],"picked":"Leg Sweep","floor":27},{"not_picked":["Footwork"],"picked":"SKIP","floor":28},{"not_picked":["Tactician"],"picked":"SKIP","floor":30},{"not_picked":[],"picked":"Leg Sweep","floor":31},{"not_picked":[],"picked":"Doppelganger","floor":33},{"not_picked":[],"picked":"Deadly Poison","floor":35},{"not_picked":["Deflect"],"picked":"SKIP","floor":37},{"not_picked":[],"picked":"Crippling Poison+1","floor":41},{"not_picked":[],"picked":"Dagger Throw+1","floor":42},{"not_picked":[],"picked":"Poisoned Stab+1","floor":44},{"not_picked":[],"picked":"Acrobatics+1","floor":46},{"not_picked":["Prepared"],"picked":"SKIP","floor":47},{"not_picked":[],"picked":"Poisoned Stab+1","floor":48}],"player_experience":326543,"relics_obtained":[{"floor":6.0,"key":"Bag of Marbles"},{"floor":9.0,"key":"Strawberry"},{"floor":11,"key":"Kunai"},{"floor":23,"key":"Omamori"},{"floor":26,"key":"Letter Opener"},{"floor":26,"key":"Regal Pillow"},{"floor":27,"key":"Potion Belt"},{"floor":31,"key":"Dodecahedron"},{"floor":41,"key":"Vajra"},{"floor":41,"key":"MawBank"},{"floor":43,"key":"Mercury Hourglass"},{"floor":43,"key":"Molten Egg 2"}],"event_choices":[{"cards_removed":["Strike_G"],"damage_healed":0.0,"max_hp_gain":0.0,"max_hp_loss":0.0,"gold_gain":0.0,"event_name":"Golden Wing","player_choice":"Card Removal","floor":2.0,"gold_loss":0.0,"damage_taken":7.0},{"damage_healed":0,"gold_gain":0,"player_choice":"Success","damage_taken":12,"relics_obtained":["Pen Nib"],"max_hp_gain":0,"max_hp_loss":0,"event_name":"Scrap Ooze","floor":14,"gold_loss":0},{"damage_healed":0,"gold_gain":0,"player_choice":"Obtained Relic","damage_taken":0,"relics_obtained":["Matryoshka"],"max_hp_gain":0,"max_hp_loss":0,"event_name":"Addict","floor":19,"gold_loss":85},{"damage_healed":0,"gold_gain":0,"player_choice":"Read","damage_taken":0,"max_hp_gain":0,"max_hp_loss":0,"event_name":"The Library","floor":21,"gold_loss":0,"cards_obtained":["Bouncing Flask"]},{"cards_removed":["Defend_G"],"damage_healed":0,"gold_gain":0,"player_choice":"Removed Skill","damage_taken":0,"max_hp_gain":0,"max_hp_loss":0,"event_name":"Falling","floor":36,"gold_loss":0},{"damage_healed":0,"gold_gain":0,"player_choice":"Bought 1 Potion","damage_taken":0,"max_hp_gain":0,"max_hp_loss":0,"event_name":"The Woman in Blue","floor":38,"gold_loss":0}],"is_beta":false,"boss_relics":[{"not_picked":["White Beast Statue","Tiny House"],"picked":"Busted Crown"},{"not_picked":["WristBlade","Calling Bell"],"picked":"Black Star"}],"items_purged_floors":[],"is_endless":false,"potions_floor_spawned":[4,8,13,16,18,23,30,31,33,35,41,44,48],"killed_by":"Time Eater","ascension_level":0}