{"gold_per_floor":[115,131,148,166,182,182,209,209,209,224,236,247,275,275,275,399,399,419,433,433,448,471,471,510,510,534,577,116,116,141,154,154,284,284,302,210,226,239,16,50,50,50,50,71,0,25,25,43,43,43,43,43,43,82,82],"floor_reached":56,"playtime":4587,"items_purged":["Normality"],"score":1385,"play_id":"85951e59-0f4a-45f5-b03a-48cbe32de1ba","local_time":"20190719185632","is_ascension_mode":false,"campfire_choices":[{"data":"Hello World","floor":6.0,"key":"SMITH"},{"data":"Chaos","floor":15.0,"key":"SMITH"},{"floor":23.0,"key":"REST"},{"floor":25.0,"key":"REST"},{"floor":29.0,"key":"REST"},{"floor":32.0,"key":"REST"},{"floor":42.0,"key":"REST"},{"floor":49.0,"key":"RECALL"},{"data":"Seek","floor":52.0,"key":"SMITH"}],"neow_cost":"NONE","seed_source_timestamp":24619597388000,"circlet_count":0,"master_deck":["Strike_B","Strike_B","Strike_B","Strike_B","Defend_B","Defend_B","Defend_B","Defend_B","Zap","Dualcast","Glacier","Hello World+1","Sunder","Reprogram","Sweeping Beam","Rip and Tear","Parasite","Injury","Gash","Aggregate","Barrage","Chaos+1","Injury","Meteor Strike","Doom and Gloom","Gash+1","Leap","Sweeping Beam+1","Heatsinks","Regret","Reboot","Heatsinks","Undo","Compile Driver","Skim+1","Seek+1","Doubt","Regret","Doom and Gloom","Coolheaded","Skim","Rebound","Reinforced Body","Hologram","Compile Driver","Turbo+1","Master of Strategy","Secret Technique","Impatience","Pain","Rebound+1","Compile Driver+1","Doubt","Hologram","Double Energy+1"],"special_seed":0,"relics":["Cursed Key","Regal Pillow","Gremlin Horn","Shuriken","Golden Idol","Philosopher\u0027s Stone","Nilry\u0027s Codex","Juzu Bracelet","Art of War","Cables","Dead Branch","Calling Bell","Centennial Puzzle","Dodecahedron","FossilizedHelix","Ancient Tea Set","Red Mask","Turnip"],"potions_floor_usage":[55,55],"damage_taken":[{"damage":0.0,"enemies":"Cultist","floor":1.0,"turns":4.0},{"damage":0.0,"enemies":"2 Louse","floor":2.0,"turns":4.0},{"damage":1.0,"enemies":"Jaw Worm","floor":3.0,"turns":4.0},{"damage":1.0,"enemies":"2 Fungi Beasts","floor":4.0,"turns":3.0},{"damage":0.0,"enemies":"3 Louse","floor":5.0,"turns":4.0},{"damage":8.0,"enemies":"3 Sentries","floor":7.0,"turns":3.0},{"damage":4.0,"enemies":"Large Slime","floor":10.0,"turns":4.0},{"damage":0.0,"enemies":"Looter","floor":11.0,"turns":3.0},{"damage":0.0,"enemies":"Exordium Wildlife","floor":12.0,"turns":2.0},{"damage":5.0,"enemies":"Gremlin Nob","floor":13.0,"turns":3.0},{"damage":2.0,"enemies":"Slime Boss","floor":16.0,"turns":9.0},{"damage":0.0,"enemies":"Spheric Guardian","floor":18.0,"turns":3.0},{"damage":0.0,"enemies":"Chosen","floor":19.0,"turns":5.0},{"damage":36.0,"enemies":"Snake Plant","floor":21.0,"turns":4.0},{"damage":3.0,"enemies":"Cultist and Chosen","floor":22.0,"turns":4.0},{"damage":40.0,"enemies":"Book of Stabbing","floor":24.0,"turns":5.0},{"damage":49.0,"enemies":"Slavers","floor":27.0,"turns":4.0},{"damage":0.0,"enemies":"Snecko","floor":30.0,"turns":3.0},{"damage":19.0,"enemies":"Centurion and Healer","floor":31.0,"turns":4.0},{"damage":16.0,"enemies":"Automaton","floor":33.0,"turns":5.0},{"damage":44.0,"enemies":"3 Shapes","floor":35.0,"turns":3.0},{"damage":20.0,"enemies":"3 Darklings","floor":37.0,"turns":6.0},{"damage":3.0,"enemies":"Transient","floor":38.0,"turns":5.0},{"damage":13.0,"enemies":"Giant Head","floor":40.0,"turns":8.0},{"damage":12.0,"enemies":"Jaw Worm Horde","floor":44.0,"turns":4.0},{"damage":13.0,"enemies":"4 Shapes","floor":46.0,"turns":2.0},{"damage":12.0,"enemies":"3 Darklings","floor":48.0,"turns":5.0},{"damage":43.0,"enemies":"Awakened One","floor":50.0,"turns":14.0},{"damage":1.0,"enemies":"Shield and Spear","floor":54.0,"turns":3.0},{"damage":67,"enemies":"The Heart","floor":55,"turns":11}],"seed_played":"1798359669223275518","potions_obtained":[{"floor":2.0,"key":"PowerPotion"},{"floor":3.0,"key":"Swift Potion"},{"floor":7.0,"key":"LiquidBronze"},{"floor":11.0,"key":"Explosive Potion"},{"floor":13.0,"key":"Block Potion"},{"floor":18.0,"key":"Strength Potion"},{"floor":22.0,"key":"PowerPotion"},{"floor":30.0,"key":"Ancient Potion"},{"floor":31.0,"key":"SteroidPotion"},{"floor":33.0,"key":"EssenceOfSteel"},{"floor":35.0,"key":"Regen Potion"},{"floor":37.0,"key":"Explosive Potion"},{"floor":44.0,"key":"Dexterity Potion"},{"floor":54.0,"key":"SpeedPotion"}],"is_trial":false,"path_per_floor":["M","M","M","M","M","R","E","?","T","M","M","M","E","?","R","B",null,"M","M","?","M","M","R","E","R","T","E","$","R","M","M","R","B",null,"M","$","M","M","$","E","?","R","T","M","?","M","?","M","R","B",null,"R","$","E","B",null],"character_chosen":"DEFECT","items_purchased":["Heatsinks","Undo","Dead Branch","Coolheaded","Skim","Hologram","Compile Driver","Regen Potion"],"campfire_rested":5,"item_purchase_floors":[28,28,28,36,36,39,39,39],"current_hp_per_floor":[75,75,74,73,73,73,65,75,75,71,71,71,66,66,66,64,75,75,75,59,23,20,57,17,54,54,5,5,42,42,23,60,44,75,31,31,26,23,23,25,15,52,52,40,40,27,75,63,63,20,75,75,75,74,7],"gold":82,"neow_bonus":"BOSS_RELIC","is_prod":false,"is_daily":false,"chose_seed":false,"campfire_upgraded":3,"win_rate":0,"timestamp":1563530192,"path_taken":["M","M","M","?","M","R","E","?","T","M","M","M","E","?","R","BOSS","M","M","?","M","M","R","E","R","T","E","$","R","M","M","R","BOSS","M","$","M","M","$","E","?","R","T","M","?","M","?","M","R","BOSS","R","$","E","BOSS"],"build_version":"2019-07-17","purchased_purges":1,"victory":true,"max_hp_per_floor":[75,75,75,75,75,75,75,75,75,75,75,75,75,75,75,75,75,75,75,75,75,75,75,75,75,75,75,75,75,75,75,75,75,75,75,75,75,75,75,75,75,75,75,75,75,75,75,75,75,75,75,75,75,75,75],"card_choices":[{"not_picked":["Beam Cell","BootSequence"],"picked":"Glacier","floor":1.0},{"not_picked":["Steam","Consume"],"picked":"Hello World","floor":2.0},{"not_picked":["Leap","Compile Driver"],"picked":"Sunder","floor":3.0},{"not_picked":["Coolheaded","Compile Driver"],"picked":"Reprogram","floor":4.0},{"not_picked":["White Noise","Coolheaded"],"picked":"Sweeping Beam","floor":5.0},{"not_picked":["Force Field","Recycle"],"picked":"Rip and Tear","floor":7.0},{"not_picked":["Streamline","Compile Driver"],"picked":"Gash","floor":10.0},{"not_picked":["Rebound","Cold Snap"],"picked":"Aggregate","floor":11.0},{"not_picked":["Coolheaded","Amplify"],"picked":"Barrage","floor":12.0},{"not_picked":["FTL","Self Repair"],"picked":"Chaos","floor":13.0},{"not_picked":["Thunder Strike","Fission"],"picked":"Meteor Strike","floor":16.0},{"not_picked":["Go for the Eyes","Static Discharge"],"picked":"Doom and Gloom","floor":18.0},{"not_picked":["Stack","Ball Lightning"],"picked":"Gash+1","floor":19.0},{"not_picked":["Auto Shields","Force Field"],"picked":"Leap","floor":21.0},{"not_picked":["Leap","Ball Lightning+1"],"picked":"Sweeping Beam+1","floor":22.0},{"not_picked":["Turbo","Ball Lightning"],"picked":"Heatsinks","floor":24.0},{"not_picked":["Capacitor","Hologram"],"picked":"Reboot","floor":27.0},{"not_picked":["Sweeping Beam+1","Turbo"],"picked":"Compile Driver","floor":30.0},{"not_picked":["Go for the Eyes+1","Gash"],"picked":"Skim+1","floor":31.0},{"not_picked":["Electrodynamics","Rainbow"],"picked":"Seek","floor":33.0},{"not_picked":["Go for the Eyes","Leap"],"picked":"Doom and Gloom","floor":35.0},{"not_picked":["Storm+1","Conserve Battery"],"picked":"Rebound","floor":37.0},{"not_picked":["Coolheaded","Cold Snap"],"picked":"Reinforced Body","floor":38.0},{"not_picked":["Leap","Redo+1"],"picked":"Turbo+1","floor":40.0},{"not_picked":["Dark Shackles","Thinking Ahead"],"picked":"Master of Strategy","floor":41.0},{"not_picked":["Swift Strike","Panacea"],"picked":"Secret Technique","floor":41.0},{"not_picked":["Deep Breath","Swift Strike"],"picked":"Impatience","floor":41.0},{"not_picked":["Steam","Redo"],"picked":"Rebound+1","floor":44.0},{"not_picked":["Rebound","Steam"],"picked":"Compile Driver+1","floor":46.0},{"not_picked":["Cold Snap+1","Stack"],"picked":"Hologram","floor":48.0},{"not_picked":["Hologram+1","Recycle+1"],"picked":"Double Energy+1","floor":54.0}],"player_experience":1610543,"relics_obtained":[{"floor":7.0,"key":"Regal Pillow"},{"floor":9.0,"key":"Gremlin Horn"},{"floor":13.0,"key":"Shuriken"},{"floor":20.0,"key":"Nilry\u0027s Codex"},{"floor":24.0,"key":"Juzu Bracelet"},{"floor":26.0,"key":"Art of War"},{"floor":27.0,"key":"Cables"},{"floor":34.0,"key":"Centennial Puzzle"},{"floor":34.0,"key":"Dodecahedron"},{"floor":34.0,"key":"FossilizedHelix"},{"floor":40.0,"key":"Ancient Tea Set"},{"floor":54.0,"key":"Turnip"}],"event_choices":[{"damage_healed":18.0,"max_hp_gain":0.0,"max_hp_loss":0.0,"gold_gain":0.0,"event_name":"Mushrooms","player_choice":"Healed and dodged fight","floor":8.0,"gold_loss":0.0,"damage_taken":0.0,"cards_obtained":["Parasite"]},{"damage_healed":0.0,"max_hp_gain":0.0,"max_hp_loss":0.0,"gold_gain":0.0,"event_name":"Golden Idol","player_choice":"Take Wound","floor":14.0,"gold_loss":0.0,"damage_taken":0.0,"relics_obtained":["Golden Idol"],"cards_obtained":["Injury"]},{"damage_healed":0.0,"max_hp_gain":0.0,"max_hp_loss":0.0,"gold_gain":0.0,"event_name":"Cursed Tome","player_choice":"Obtained Book","floor":20.0,"gold_loss":0.0,"damage_taken":16.0},{"damage_healed":0.0,"max_hp_gain":0.0,"max_hp_loss":0.0,"gold_gain":0.0,"event_name":"SensoryStone","player_choice":"Memory 3","floor":41.0,"gold_loss":0.0,"damage_taken":10.0},{"damage_healed":0.0,"max_hp_gain":0.0,"max_hp_loss":0.0,"gold_gain":0.0,"event_name":"Tomb of Lord Red Mask","player_choice":"Paid","floor":45.0,"gold_loss":71.0,"damage_taken":0.0,"relics_obtained":["Red Mask"]},{"damage_healed":48.0,"max_hp_gain":0.0,"max_hp_loss":0.0,"gold_gain":0.0,"event_name":"MindBloom","player_choice":"Heal","floor":47.0,"gold_loss":0.0,"damage_taken":0.0,"cards_obtained":["Doubt"]}],"is_beta":false,"boss_relics":[{"not_picked":["Lizard Tail","Astrolabe"],"picked":"Philosopher\u0027s Stone"},{"not_picked":["Fusion Hammer","Runic Dome"],"picked":"Calling Bell"}],"items_purged_floors":[39],"is_endless":false,"potions_floor_spawned":[2,3,7,11,13,18,22,30,31,33,35,37,44,54],"ascension_level":0}