{"gold_per_floor":[111,29,47,57,57,83,83,110,110,110,126,145,11,44,44,44],"floor_reached":16,"playtime":1206,"items_purged":["Strike_G"],"score":240,"play_id":"1dd93544-ebce-4e2f-bb32-9b58bd00c529","local_time":"20190721101037","is_ascension_mode":true,"campfire_choices":[{"floor":7,"key":"REST"},{"floor":10,"key":"REST"},{"floor":15,"key":"REST"}],"neow_cost":"TEN_PERCENT_HP_LOSS","seed_source_timestamp":126338408020669,"circlet_count":0,"master_deck":["AscendersBane","Strike_G","Strike_G","Defend_G","Defend_G","Defend_G","Defend_G","Defend_G","Survivor","Neutralize","Deadly Poison","Slice","Sucker Punch","Dash","Bane","Leg Sweep","Deadly Poison","Deadly Poison","Backflip","Noxious Fumes"],"relics":["Ring of the Snake","Art of War","Shuriken","Dodecahedron","Girya"],"potions_floor_usage":[8,16],"damage_taken":[{"damage":4,"enemies":"Small Slimes","floor":1,"turns":11},{"damage":2,"enemies":"Jaw Worm","floor":3,"turns":5},{"damage":2,"enemies":"2 Louse","floor":4,"turns":3},{"damage":33,"enemies":"Lagavulin","floor":6,"turns":8},{"damage":24,"enemies":"3 Sentries","floor":8,"turns":12},{"damage":0,"enemies":"Looter","floor":11,"turns":4},{"damage":8,"enemies":"3 Louse","floor":12,"turns":4},{"damage":18,"enemies":"Lagavulin","floor":14,"turns":7},{"damage":31,"enemies":"Slime Boss","floor":16,"turns":6}],"seed_played":"8649841740065394536","potions_obtained":[{"floor":1,"key":"AttackPotion"},{"floor":8,"key":"SkillPotion"},{"floor":12,"key":"LiquidBronze"}],"is_trial":false,"path_per_floor":["M","$","M","M","?","E","R","E","T","R","M","M","$","E","R","B"],"character_chosen":"THE_SILENT","items_purchased":["Deadly Poison","Slice","Backflip"],"campfire_rested":3,"item_purchase_floors":[2,2,13],"current_hp_per_floor":[55,55,53,51,56,23,42,18,18,37,37,29,29,11,30,0],"gold":44,"neow_bonus":"REMOVE_TWO","is_prod":false,"is_daily":false,"chose_seed":false,"campfire_upgraded":0,"win_rate":0,"timestamp":1563693037,"path_taken":["M","$","M","M","?","E","R","E","T","R","M","M","$","E","R","BOSS"],"build_version":"2019-07-17","purchased_purges":1,"victory":false,"max_hp_per_floor":[60,60,60,60,65,65,65,65,65,65,65,65,65,65,65,65],"card_choices":[{"not_picked":["Setup","Calculated Gamble","Accuracy"],"picked":"SKIP","floor":1},{"not_picked":["Outmaneuver","Expertise"],"picked":"Sucker Punch","floor":3},{"not_picked":["Well Laid Plans","Crippling Poison"],"picked":"Dash","floor":4},{"not_picked":["PiercingWail","Choke"],"picked":"Bane","floor":6},{"not_picked":["Deadly Poison","Acrobatics"],"picked":"Leg Sweep","floor":8},{"not_picked":["Flying Knee","Masterful Stab"],"picked":"Deadly Poison","floor":11},{"not_picked":["Prepared","Escape Plan"],"picked":"Deadly Poison","floor":12},{"not_picked":["Prepared","Blur"],"picked":"Noxious Fumes","floor":14}],"player_experience":850417,"relics_obtained":[{"floor":6,"key":"Art of War"},{"floor":8,"key":"Shuriken"},{"floor":9,"key":"Dodecahedron"},{"floor":14,"key":"Girya"}],"event_choices":[{"damage_healed":0,"gold_gain":0,"player_choice":"Donut","damage_taken":0,"max_hp_gain":5,"max_hp_loss":0,"event_name":"Big Fish","floor":5,"gold_loss":0}],"is_beta":false,"boss_relics":[],"items_purged_floors":[13],"is_endless":false,"potions_floor_spawned":[1,8,12],"killed_by":"Slime Boss","ascension_level":20}