{"gold_per_floor":[112,112,184,23,43,71,71,105,105,138,138,151,151,182,182,280,280,294,294,14,33,49,49,75,75,75,88,98,131,85,110,110,205,205,219,219,219,230,244,269,269,286,363,383,418,434,434,112,112,112,112,112,7,37,37],"floor_reached":56,"playtime":9427,"items_purged":["Strike_G"],"score":2124,"play_id":"14c84510-b08f-4bcf-be0d-08837ae2619a","local_time":"20190622194331","is_ascension_mode":true,"campfire_choices":[{"floor":7.0,"key":"REST"},{"data":"Cloak And Dagger","floor":11.0,"key":"SMITH"},{"data":"Catalyst","floor":15.0,"key":"SMITH"},{"data":"Apotheosis","floor":23,"key":"SMITH"},{"floor":25,"key":"REST"},{"data":"Backstab","floor":32,"key":"SMITH"},{"data":"Malaise","floor":41,"key":"SMITH"},{"floor":47,"key":"RECALL"},{"data":"Distraction","floor":49,"key":"SMITH"},{"data":"Cloak And Dagger","floor":52,"key":"SMITH"}],"neow_cost":"CURSE","seed_source_timestamp":0,"circlet_count":0,"master_deck":["AscendersBane","Defend_G","Defend_G","Defend_G","Defend_G","Defend_G","Strike_G+1","Strike_G+1","Survivor","Neutralize","Slice","Noxious Fumes+1","Backstab+1","Leg Sweep","Cloak And Dagger+1","Noxious Fumes+1","Deadly Poison","Escape Plan","Catalyst+1","Corpse Explosion","Backflip","Bane","Sucker Punch","Apotheosis+1","Distraction+1","Noxious Fumes+1","Cloak And Dagger+1","PiercingWail","Concentrate","Malaise+1","Backflip","Master of Strategy","Panache+1","Heel Hook+1","After Image+1","Backflip","Blade Dance+1","Acrobatics+1","Cloak And Dagger+1","After Image+1","Master of Strategy+1","Footwork+1","Distraction+1","Deflect+1","Malaise+1"],"special_seed":0,"relics":["Ring of the Snake","Dead Branch","Frozen Egg 2","Bottled Lightning","Whetstone","Regal Pillow","Kunai","Sozu","Anchor","Letter Opener","Dream Catcher","Blue Candle","Philosopher\u0027s Stone","Du-Vu Doll","Question Card","Toxic Egg 2","Membership Card","Lantern"],"potions_floor_usage":[55,55],"damage_taken":[{"damage":4.0,"enemies":"Small Slimes","floor":1.0,"turns":9.0},{"damage":0.0,"enemies":"Jaw Worm","floor":5.0,"turns":5.0},{"damage":23.0,"enemies":"Gremlin Nob","floor":6.0,"turns":6.0},{"damage":0.0,"enemies":"3 Sentries","floor":8.0,"turns":6.0},{"damage":15.0,"enemies":"Gremlin Nob","floor":10.0,"turns":4.0},{"damage":0.0,"enemies":"2 Louse","floor":12.0,"turns":2.0},{"damage":26.0,"enemies":"3 Sentries","floor":14.0,"turns":6.0},{"damage":14.0,"enemies":"Hexaghost","floor":16.0,"turns":6.0},{"damage":13,"enemies":"Chosen","floor":18,"turns":5},{"damage":0,"enemies":"Shell Parasite","floor":21,"turns":4},{"damage":0,"enemies":"Snake Plant","floor":22,"turns":5},{"damage":0,"enemies":"Gremlin Leader","floor":24,"turns":4},{"damage":0,"enemies":"Cultist and Chosen","floor":27,"turns":3},{"damage":0,"enemies":"Chosen and Byrds","floor":28,"turns":5},{"damage":0,"enemies":"Slavers","floor":29,"turns":3},{"damage":0,"enemies":"Gremlin Leader","floor":31,"turns":6},{"damage":20,"enemies":"Champ","floor":33,"turns":10},{"damage":10,"enemies":"3 Shapes","floor":35,"turns":3},{"damage":0,"enemies":"3 Darklings","floor":38,"turns":1},{"damage":11,"enemies":"Transient","floor":39,"turns":5},{"damage":1,"enemies":"Nemesis","floor":40,"turns":5},{"damage":0,"enemies":"Sphere and 2 Shapes","floor":42,"turns":2},{"damage":0,"enemies":"Writhing Mass","floor":44,"turns":6},{"damage":0,"enemies":"Giant Head","floor":45,"turns":6},{"damage":2,"enemies":"Maw","floor":46,"turns":6},{"damage":0,"enemies":"Donu and Deca","floor":50,"turns":5},{"damage":7,"enemies":"Shield and Spear","floor":54,"turns":5},{"damage":34,"enemies":"The Heart","floor":55,"turns":9}],"seed_played":"-1729214613469622697","potions_obtained":[{"floor":6.0,"key":"Dexterity Potion"},{"floor":10.0,"key":"Swift Potion"},{"floor":14.0,"key":"EssenceOfSteel"},{"floor":16.0,"key":"Weak Potion"}],"is_trial":false,"path_per_floor":["M","?","T","$","M","E","R","E","T","E","R","M","?","E","R","B",null,"M","?","$","M","M","R","E","R","T","M","M","E","$","E","R","B",null,"M","?","?","M","M","E","R","M","T","M","E","M","R","$","R","B",null,"R","$","E","B",null],"character_chosen":"THE_SILENT","items_purchased":["Noxious Fumes+1","Backstab","Apotheosis","Distraction","PiercingWail","Membership Card","After Image+1","Master of Strategy+1","Footwork+1","Distraction+1","Deflect+1"],"campfire_rested":2,"item_purchase_floors":[4,4,20,20,30,48,48,48,53,53,53],"current_hp_per_floor":[59,52,52,52,52,29,50,50,50,35,35,35,58,32,32,18,57,44,44,44,44,44,44,44,70,70,70,70,70,70,70,70,50,65,55,45,70,70,59,58,58,58,58,58,58,56,56,56,56,56,67,67,67,60,26],"gold":37,"neow_bonus":"ONE_RARE_RELIC","is_prod":false,"is_daily":false,"chose_seed":false,"campfire_upgraded":7,"win_rate":0,"timestamp":1561221811,"path_taken":["M","?","?","$","M","E","R","E","T","E","R","M","?","E","R","BOSS","M","?","$","M","M","R","E","R","T","M","M","E","$","E","R","BOSS","M","?","?","M","M","E","R","M","T","?","E","M","R","$","R","BOSS","R","$","E","BOSS"],"build_version":"2019-01-23","purchased_purges":1,"victory":true,"max_hp_per_floor":[70,70,70,70,70,70,70,70,70,70,70,70,70,70,70,70,70,70,70,70,70,70,70,70,70,70,70,70,70,70,70,70,70,70,70,70,70,70,70,70,70,70,70,70,70,70,70,70,70,70,70,70,70,70,70],"card_choices":[{"not_picked":["Underhanded Strike","Backflip"],"picked":"Slice","floor":1.0},{"not_picked":["Slice","Calculated Gamble"],"picked":"Leg Sweep","floor":5.0},{"not_picked":["Deadly Poison","Heel Hook"],"picked":"Cloak And Dagger","floor":6.0},{"not_picked":["Concentrate","Dagger Throw"],"picked":"Noxious Fumes+1","floor":8.0},{"not_picked":["Expertise","Finisher"],"picked":"Deadly Poison","floor":10.0},{"not_picked":["Dagger Throw","Acrobatics"],"picked":"Escape Plan","floor":12.0},{"not_picked":["Deflect","Deadly Poison"],"picked":"Catalyst","floor":14.0},{"not_picked":["Burst","A Thousand Cuts+1"],"picked":"Corpse Explosion","floor":16.0},{"not_picked":["Prepared","Poisoned Stab"],"picked":"Backflip","floor":18},{"not_picked":["Flechettes","Masterful Stab+1","Prepared"],"picked":"SKIP","floor":21},{"not_picked":["Quick Slash+1","Unload","Deadly Poison"],"picked":"SKIP","floor":22},{"not_picked":["Quick Slash+1","Unload","Deadly Poison"],"picked":"SKIP","floor":22},{"not_picked":["PiercingWail","Predator+1"],"picked":"Noxious Fumes+1","floor":24},{"not_picked":["Flying Knee","Riddle With Holes+1","Prepared"],"picked":"SKIP","floor":27},{"not_picked":["Dagger Spray","Reflex","Caltrops+1"],"picked":"SKIP","floor":28},{"not_picked":["Acrobatics","Dagger Throw"],"picked":"Cloak And Dagger","floor":29},{"not_picked":["Riddle With Holes","PiercingWail"],"picked":"Concentrate","floor":31},{"not_picked":["Unload","Corpse Explosion"],"picked":"Malaise","floor":33},{"not_picked":["Slice+1","Choke"],"picked":"Backflip","floor":35},{"not_picked":["Jack Of All Trades","Magnetism+1"],"picked":"Master of Strategy","floor":36},{"not_picked":["Metamorphosis","Apotheosis"],"picked":"Panache+1","floor":36},{"not_picked":["Deep Breath","Trip"],"picked":"Good Instincts","floor":36},{"not_picked":["Predator+1","Poisoned Stab"],"picked":"Heel Hook+1","floor":38},{"not_picked":["Dagger Throw+1","Masterful Stab+1","Quick Slash+1"],"picked":"SKIP","floor":39},{"not_picked":["Storm of Steel","Blade Dance+1"],"picked":"After Image+1","floor":40},{"not_picked":["Dagger Throw+1","Dash"],"picked":"Backflip","floor":42},{"not_picked":["Noxious Fumes+1","Heel Hook","Poisoned Stab+1"],"picked":"Blade Dance+1","floor":44},{"not_picked":["Escape Plan+1","Predator+1","Tactician"],"picked":"Acrobatics+1","floor":45},{"not_picked":["Riddle With Holes+1","Escape Plan+1","Accuracy+1"],"picked":"Cloak And Dagger+1","floor":46},{"not_picked":["Acrobatics+1","Flying Knee","Quick Slash+1"],"picked":"Malaise+1","floor":54}],"player_experience":409029,"relics_obtained":[{"floor":3.0,"key":"Frozen Egg 2"},{"floor":6.0,"key":"Bottled Lightning"},{"floor":8.0,"key":"Whetstone"},{"floor":10.0,"key":"Regal Pillow"},{"floor":14.0,"key":"Kunai"},{"floor":24,"key":"Anchor"},{"floor":26,"key":"Letter Opener"},{"floor":29,"key":"Dream Catcher"},{"floor":31,"key":"Blue Candle"},{"floor":40,"key":"Du-Vu Doll"},{"floor":43,"key":"Question Card"},{"floor":45,"key":"Toxic Egg 2"},{"floor":54,"key":"Lantern"}],"event_choices":[{"cards_removed":["Shame"],"damage_healed":0.0,"max_hp_gain":0.0,"max_hp_loss":0.0,"gold_gain":0.0,"event_name":"Golden Wing","player_choice":"Card Removal","floor":2.0,"gold_loss":0.0,"damage_taken":7.0},{"damage_healed":23.0,"max_hp_gain":0.0,"max_hp_loss":0.0,"gold_gain":0.0,"event_name":"Big Fish","player_choice":"Banana","floor":13.0,"gold_loss":0.0,"damage_taken":0.0},{"damage_healed":0,"gold_gain":0,"cards_transformed":["Strike_G","Strike_G"],"player_choice":"Became Test Subject","damage_taken":0,"max_hp_gain":0,"max_hp_loss":0,"event_name":"Drug Dealer","floor":19,"gold_loss":0,"cards_obtained":["Bane","Sucker Punch"]},{"damage_healed":0,"gold_gain":0,"player_choice":"Memory 3","damage_taken":10,"max_hp_gain":0,"max_hp_loss":0,"event_name":"SensoryStone","floor":36,"gold_loss":0},{"cards_removed":["Good Instincts"],"damage_healed":25,"gold_gain":0,"player_choice":"Offered Uncommon","damage_taken":0,"max_hp_gain":0,"max_hp_loss":0,"event_name":"Bonfire Elementals","floor":37,"gold_loss":0}],"is_beta":false,"boss_relics":[{"not_picked":["Black Star","Orrery"],"picked":"Sozu"},{"not_picked":["White Beast Statue","Empty Cage"],"picked":"Philosopher\u0027s Stone"}],"items_purged_floors":[20],"is_endless":false,"potions_floor_spawned":[6,10,14,16,18,22,31,38,40,42,45,54],"ascension_level":11}