{"gold_per_floor":[115,115,128,140,140,140,166,166,191,208,208,18,31,31],"floor_reached":14,"playtime":1345,"items_purged":[],"score":90,"play_id":"12a149d9-8914-4a43-9d16-e3283c49ca8b","local_time":"20190722124948","is_ascension_mode":false,"campfire_choices":[{"data":"Loop","floor":6,"key":"SMITH"},{"floor":11,"key":"REST"}],"neow_cost":"NONE","seed_source_timestamp":247815951321500,"circlet_count":0,"master_deck":["Strike_B","Strike_B","Strike_B","Defend_B","Defend_B","Defend_B","Zap","Dualcast","Machine Learning+1","Loop+1","Compile Driver","Static Discharge","Melter","Defragment","Redo","Static Discharge"],"relics":["Cracked Core","Strawberry","Lantern","ClockworkSouvenir"],"potions_floor_usage":[7,7],"damage_taken":[{"damage":0,"enemies":"Small Slimes","floor":1,"turns":3},{"damage":1,"enemies":"Cultist","floor":3,"turns":3},{"damage":13,"enemies":"Jaw Worm","floor":4,"turns":3},{"damage":26,"enemies":"3 Sentries","floor":7,"turns":4},{"damage":20,"enemies":"Looter","floor":10,"turns":3},{"damage":33,"enemies":"Exordium Thugs","floor":13,"turns":4},{"damage":13,"enemies":"3 Louse","floor":14,"turns":1}],"seed_played":"-7673123973094564646","potions_obtained":[{"floor":1,"key":"AttackPotion"},{"floor":3,"key":"Dexterity Potion"},{"floor":4,"key":"Explosive Potion"},{"floor":10,"key":"SpeedPotion"}],"is_trial":false,"path_per_floor":["M","?","M","M","?","R","E","?","T","M","R","$","M","M"],"character_chosen":"DEFECT","items_purchased":["ClockworkSouvenir"],"campfire_rested":1,"item_purchase_floors":[12],"current_hp_per_floor":[75,75,74,61,61,61,42,42,42,22,46,46,13,0],"gold":31,"neow_bonus":"TRANSFORM_CARD","is_prod":false,"is_daily":false,"chose_seed":false,"campfire_upgraded":1,"win_rate":0.0,"timestamp":1563796188,"path_taken":["M","?","?","M","?","R","E","?","T","M","R","$","M","M"],"build_version":"2019-07-17","purchased_purges":0,"victory":false,"max_hp_per_floor":[75,75,75,75,75,75,82,82,82,82,82,82,82,82],"card_choices":[{"not_picked":["BootSequence","Reinforced Body"],"picked":"Loop","floor":1},{"not_picked":["Reprogram","Coolheaded"],"picked":"Compile Driver","floor":3},{"not_picked":["Compile Driver","Heatsinks"],"picked":"Static Discharge","floor":4},{"not_picked":["Reprogram","Streamline"],"picked":"Melter","floor":7},{"not_picked":["Storm","Cold Snap"],"picked":"Redo","floor":10},{"not_picked":["Doom and Gloom","Barrage"],"picked":"Static Discharge","floor":13}],"player_experience":358660,"relics_obtained":[{"floor":7,"key":"Strawberry"},{"floor":9,"key":"Lantern"}],"event_choices":[{"damage_healed":0,"gold_gain":0,"player_choice":"Bought 0 Potions","damage_taken":0,"max_hp_gain":0,"max_hp_loss":0,"event_name":"The Woman in Blue","floor":2,"gold_loss":0},{"damage_healed":0,"gold_gain":0,"player_choice":"Grow","damage_taken":0,"max_hp_gain":0,"max_hp_loss":0,"event_name":"Living Wall","floor":5,"gold_loss":0,"cards_upgraded":["Machine Learning"]},{"damage_healed":0,"gold_gain":0,"cards_transformed":["Strike_B"],"player_choice":"Transformed","damage_taken":0,"max_hp_gain":0,"max_hp_loss":0,"event_name":"Transmorgrifier","floor":8,"gold_loss":0,"cards_obtained":["Defragment"]}],"is_beta":false,"boss_relics":[],"items_purged_floors":[],"is_endless":false,"potions_floor_spawned":[1,3,4,10],"killed_by":"3 Louse","ascension_level":0}