{"gold_per_floor":[117,117,130,95,112,147,147,182,205,221,221],"floor_reached":11,"playtime":791,"items_purged":[],"score":162,"play_id":"18fe19bb-573b-431c-98ef-b879dea953c6","local_time":"20190715214849","is_ascension_mode":true,"campfire_choices":[{"data":"Zap","floor":7.0,"key":"SMITH"}],"neow_cost":"NONE","seed_source_timestamp":150916709971818,"circlet_count":0,"master_deck":["AscendersBane","Strike_B","Strike_B","Defend_B","Defend_B","Defend_B","Defend_B","Zap+1","Dualcast","FTL","Hologram","Conserve Battery","Chill","Loop"],"special_seed":0,"relics":["Cracked Core","Bag of Preparation","Orichalcum","Art of War"],"potions_floor_usage":[],"damage_taken":[{"damage":5.0,"enemies":"Small Slimes","floor":1.0,"turns":3.0},{"damage":2.0,"enemies":"Cultist","floor":3.0,"turns":4.0},{"damage":1.0,"enemies":"2 Louse","floor":5.0,"turns":3.0},{"damage":32.0,"enemies":"Lagavulin","floor":6.0,"turns":7.0},{"damage":35.0,"enemies":"Gremlin Nob","floor":8.0,"turns":4.0},{"damage":0.0,"enemies":"Exordium Wildlife","floor":10.0,"turns":4.0},{"damage":23,"enemies":"Gremlin Gang","floor":11,"turns":3}],"seed_played":"2977823901796101955","potions_obtained":[{"floor":1.0,"key":"Ancient Potion"},{"floor":5.0,"key":"Weak Potion"},{"floor":6.0,"key":"Explosive Potion"},{"floor":8.0,"key":"Ancient Potion"}],"is_trial":false,"path_per_floor":["M","?","M","?","M","E","R","E","T","M","M"],"character_chosen":"DEFECT","items_purchased":[],"campfire_rested":0,"item_purchase_floors":[],"current_hp_per_floor":[59,59,57,71,70,38,38,3,3,3,0],"gold":221,"neow_bonus":"REMOVE_CARD","is_prod":false,"is_daily":false,"chose_seed":false,"campfire_upgraded":1,"win_rate":0,"timestamp":1563216529,"path_taken":["M","?","M","?","M","E","R","E","T","M","M"],"build_version":"2019-07-05","purchased_purges":0,"victory":false,"max_hp_per_floor":[71,71,71,71,71,71,71,71,71,71,71],"card_choices":[{"not_picked":["Consume","Tempest"],"picked":"FTL","floor":1.0},{"not_picked":["Aggregate","BootSequence"],"picked":"Hologram","floor":3.0},{"not_picked":["Darkness","Double Energy"],"picked":"Conserve Battery","floor":5.0},{"not_picked":["Rebound","Beam Cell","Chaos"],"picked":"SKIP","floor":6.0},{"not_picked":["Reinforced Body","Beam Cell"],"picked":"Chill","floor":8.0},{"not_picked":["Hologram","Rebound"],"picked":"Loop","floor":10.0}],"player_experience":714720,"relics_obtained":[{"floor":6.0,"key":"Bag of Preparation"},{"floor":8.0,"key":"Orichalcum"},{"floor":9.0,"key":"Art of War"}],"event_choices":[{"cards_removed":["Strike_B"],"damage_healed":0.0,"max_hp_gain":0.0,"max_hp_loss":0.0,"gold_gain":0.0,"event_name":"Living Wall","player_choice":"Forget","floor":2.0,"gold_loss":0.0,"damage_taken":0.0},{"damage_healed":17.0,"max_hp_gain":0.0,"max_hp_loss":0.0,"gold_gain":0.0,"event_name":"The Cleric","player_choice":"Healed","floor":4.0,"gold_loss":35.0,"damage_taken":0.0}],"is_beta":false,"boss_relics":[],"items_purged_floors":[],"is_endless":false,"potions_floor_spawned":[1,5,6,8],"killed_by":"Gremlin Gang","ascension_level":19}