{"gold_per_floor":[115,65,78,94,94,124,124,143,143,51,79,79,98,116,116,216,216,227,317,228,247,76,76,106,106,106,133,149,163,163],"floor_reached":30,"playtime":2936,"items_purged":[],"score":260,"play_id":"ef6e0fa5-20c5-43ca-8b82-18c6e3932650","local_time":"20190713210744","is_ascension_mode":false,"campfire_choices":[{"floor":7,"key":"REST"},{"data":"Flame Barrier","floor":12,"key":"SMITH"},{"data":"Bash","floor":15,"key":"SMITH"},{"data":"Armaments","floor":23,"key":"SMITH"},{"floor":25,"key":"REST"}],"neow_cost":"NONE","seed_source_timestamp":174699635493400,"circlet_count":0,"master_deck":["Strike_R","Strike_R","Strike_R","Strike_R","Defend_R","Defend_R","Defend_R","Defend_R","Bash+1","Headbutt+1","Corruption+1","Havoc","True Grit","Impervious","Flame Barrier+1","Cleave","Inflame","Bludgeon","Pommel Strike","Limit Break","Sword Boomerang+1","Armaments","Evolve","Armaments","Armaments+1","Battle Trance","Normality","Shrug It Off","Seeing Red","Shrug It Off"],"relics":["Burning Blood","Pen Nib","Torii","Darkstone Periapt","Question Card","Cursed Key","Juzu Bracelet","Strawberry","Potion Belt","Red Mask"],"potions_floor_usage":[6,13,16,18,24,24,28],"damage_taken":[{"damage":10,"enemies":"Small Slimes","floor":1,"turns":4},{"damage":8,"enemies":"2 Louse","floor":3,"turns":2},{"damage":1,"enemies":"Jaw Worm","floor":4,"turns":3},{"damage":30,"enemies":"Gremlin Nob","floor":6,"turns":4},{"damage":1,"enemies":"3 Louse","floor":8,"turns":4},{"damage":21,"enemies":"Lagavulin","floor":11,"turns":7},{"damage":6,"enemies":"Exordium Thugs","floor":13,"turns":5},{"damage":1,"enemies":"2 Fungi Beasts","floor":14,"turns":3},{"damage":40,"enemies":"Hexaghost","floor":16,"turns":8},{"damage":18,"enemies":"Shell Parasite","floor":18,"turns":3},{"damage":2,"enemies":"Spheric Guardian","floor":21,"turns":4},{"damage":26,"enemies":"Gremlin Leader","floor":24,"turns":8},{"damage":28,"enemies":"Masked Bandits","floor":27,"turns":5},{"damage":27,"enemies":"3 Cultists","floor":28,"turns":5},{"damage":24,"enemies":"Centurion and Healer","floor":29,"turns":7},{"damage":21,"enemies":"Sentry and Sphere","floor":30,"turns":3}],"seed_played":"1637212928662780949","potions_obtained":[{"floor":1,"key":"Regen Potion"},{"floor":11,"key":"Dexterity Potion"},{"floor":14,"key":"Dexterity Potion"},{"floor":16,"key":"EntropicBrew"},{"floor":24,"key":"SpeedPotion"}],"is_trial":false,"path_per_floor":["M","?","M","M","?","E","R","M","T","$","E","R","M","M","R","B",null,"M","?","$","M","$","R","E","R","T","?","M","M","M"],"character_chosen":"IRONCLAD","items_purchased":["Flame Barrier","Cleave","Armaments","Evolve","Juzu Bracelet","Armaments"],"campfire_rested":2,"item_purchase_floors":[10,10,20,20,22,22],"current_hp_per_floor":[76,76,74,79,63,51,75,80,80,80,65,65,65,70,70,36,80,68,52,52,56,56,56,43,69,75,53,32,14,0],"gold":163,"neow_bonus":"RANDOM_COMMON_RELIC","is_prod":false,"is_daily":false,"chose_seed":false,"campfire_upgraded":3,"win_rate":0.0,"timestamp":1563048464,"path_taken":["M","?","M","M","?","E","R","M","T","?","E","R","M","M","R","BOSS","M","?","$","M","?","R","E","R","T","?","M","M","M"],"build_version":"2019-07-05","purchased_purges":0,"victory":false,"max_hp_per_floor":[80,80,80,80,80,80,80,80,80,80,80,80,80,80,80,80,80,80,80,80,80,80,80,87,87,93,93,93,93,93],"card_choices":[{"not_picked":["Twin Strike","Flex"],"picked":"Headbutt","floor":1},{"not_picked":["Shrug It Off","Thunderclap"],"picked":"Corruption","floor":3},{"not_picked":["Warcry","Feel No Pain"],"picked":"Havoc","floor":4},{"not_picked":["Rampage","Rupture"],"picked":"True Grit","floor":6},{"not_picked":["Dropkick","Flex"],"picked":"Impervious","floor":8},{"not_picked":["Bloodletting","Cleave"],"picked":"Inflame","floor":11},{"not_picked":["Iron Wave","Heavy Blade","Shrug It Off"],"picked":"Bludgeon","floor":13},{"not_picked":["Burning Pact","Rage","Iron Wave"],"picked":"Pommel Strike","floor":14},{"not_picked":["Brutality","Berserk","Juggernaut"],"picked":"Limit Break","floor":16},{"not_picked":["Dual Wield+1","Bloodletting+1","Wild Strike"],"picked":"Sword Boomerang+1","floor":18},{"not_picked":["Thunderclap","Fire Breathing+1","Sword Boomerang"],"picked":"Armaments","floor":21},{"not_picked":["Fire Breathing","Ghostly Armor","Armaments"],"picked":"Battle Trance","floor":24},{"not_picked":["Heavy Blade+1","Anger","Cleave"],"picked":"Shrug It Off","floor":27},{"not_picked":["Clash","Wild Strike","Iron Wave"],"picked":"Seeing Red","floor":28},{"not_picked":["Exhume","Searing Blow","Power Through"],"picked":"Shrug It Off","floor":29}],"player_experience":311878,"relics_obtained":[{"floor":6,"key":"Torii"},{"floor":9,"key":"Darkstone Periapt"},{"floor":11,"key":"Question Card"},{"floor":24,"key":"Strawberry"},{"floor":26,"key":"Potion Belt"},{"floor":27,"key":"Red Mask"}],"event_choices":[{"cards_removed":["Strike_R"],"damage_healed":0,"gold_gain":0,"player_choice":"Card Removal","damage_taken":0,"max_hp_gain":0,"max_hp_loss":0,"event_name":"The Cleric","floor":2,"gold_loss":50},{"damage_healed":0,"gold_gain":0,"player_choice":"Entered Light","damage_taken":16,"max_hp_gain":0,"max_hp_loss":0,"event_name":"Shining Light","floor":5,"gold_loss":0,"cards_upgraded":["Headbutt","Corruption"]},{"damage_healed":0,"gold_gain":90,"player_choice":"GOLD ","damage_taken":16,"max_hp_gain":0,"max_hp_loss":0,"event_name":"Knowing Skull","floor":19,"potions_obtained":[],"gold_loss":0,"cards_obtained":[]},{"damage_healed":0,"gold_gain":0,"player_choice":"Fought Bandits","damage_taken":0,"max_hp_gain":0,"max_hp_loss":0,"event_name":"Masked Bandits","floor":27,"gold_loss":0}],"is_beta":false,"boss_relics":[{"not_picked":["Runic Dome","Eternal Feather"],"picked":"Cursed Key"}],"items_purged_floors":[],"is_endless":false,"potions_floor_spawned":[1,11,14,16,18,24],"killed_by":"Sentry and Sphere","ascension_level":0}