{"gold_per_floor":[110,110,123,123,134,134,166,166,166,166,182,182,217,9,9,83,83,96,107,157,27,39,39,69,69,69,86,116,116,116,132,132,209,209,227,242,252,252,252,252,252],"floor_reached":41,"playtime":3424,"items_purged":["Strike_B"],"score":1197,"play_id":"2b0b6c06-2f68-4654-8553-f026e7df47df","local_time":"20190715213213","is_ascension_mode":true,"campfire_choices":[{"data":"Zap","floor":6.0,"key":"SMITH"},{"floor":8.0,"key":"REST"},{"data":"Capacitor","floor":12.0,"key":"SMITH"},{"data":"Dualcast","floor":15.0,"key":"SMITH"},{"floor":23.0,"key":"REST"},{"floor":25.0,"key":"REST"},{"floor":30.0,"key":"REST"},{"floor":32.0,"key":"REST"},{"floor":40.0,"key":"REST"}],"neow_cost":"NONE","seed_source_timestamp":146481268341854,"circlet_count":0,"master_deck":["AscendersBane","Defend_B","Defend_B","Defend_B","Defend_B","Zap+1","Dualcast+1","Ball Lightning","Capacitor+1","Cold Snap","Ball Lightning","Gash","Capacitor","All For One","Steam","Electrodynamics","Gash","Genetic Algorithm","Hologram","Leap","All For One","Genetic Algorithm","Gash","Core Surge","Rainbow","Self Repair+1","Beam Cell","Self Repair"],"special_seed":0,"relics":["White Beast Statue","Unceasing Top","Thread and Needle","Bottled Tornado","Nuclear Battery","Sundial","The Courier","Orichalcum","WarpedTongs","Empty Cage","Ancient Tea Set"],"potions_floor_usage":[41],"damage_taken":[{"damage":12.0,"enemies":"Jaw Worm","floor":1.0,"turns":4.0},{"damage":0.0,"enemies":"2 Louse","floor":3.0,"turns":2.0},{"damage":0.0,"enemies":"Small Slimes","floor":5.0,"turns":2.0},{"damage":19.0,"enemies":"Lagavulin","floor":7.0,"turns":5.0},{"damage":0.0,"enemies":"Exordium Wildlife","floor":11.0,"turns":3.0},{"damage":19.0,"enemies":"Gremlin Nob","floor":13.0,"turns":4.0},{"damage":32.0,"enemies":"Hexaghost","floor":16.0,"turns":9.0},{"damage":1.0,"enemies":"Chosen","floor":18.0,"turns":3.0},{"damage":5.0,"enemies":"2 Thieves","floor":19.0,"turns":4.0},{"damage":44.0,"enemies":"Shelled Parasite and Fungi","floor":22.0,"turns":6.0},{"damage":23.0,"enemies":"Slavers","floor":24.0,"turns":4.0},{"damage":0.0,"enemies":"3 Cultists","floor":27.0,"turns":5.0},{"damage":4.0,"enemies":"Book of Stabbing","floor":28.0,"turns":3.0},{"damage":34.0,"enemies":"Snake Plant","floor":31.0,"turns":5.0},{"damage":40.0,"enemies":"Collector","floor":33.0,"turns":8.0},{"damage":18.0,"enemies":"3 Darklings","floor":35.0,"turns":4.0},{"damage":0.0,"enemies":"3 Shapes","floor":36.0,"turns":6.0},{"damage":44.0,"enemies":"Jaw Worm Horde","floor":37.0,"turns":4.0},{"damage":24,"enemies":"Giant Head","floor":41,"turns":5}],"seed_played":"-2952872575711404273","potions_obtained":[{"floor":1.0,"key":"Fire Potion"},{"floor":3.0,"key":"SneckoOil"},{"floor":5.0,"key":"SneckoOil"},{"floor":7.0,"key":"Swift Potion"},{"floor":11.0,"key":"Swift Potion"},{"floor":13.0,"key":"AttackPotion"},{"floor":16.0,"key":"Explosive Potion"},{"floor":18.0,"key":"Block Potion"},{"floor":19.0,"key":"PowerPotion"},{"floor":22.0,"key":"Strength Potion"},{"floor":24.0,"key":"SkillPotion"},{"floor":27.0,"key":"AttackPotion"},{"floor":28.0,"key":"Poison Potion"},{"floor":31.0,"key":"Regen Potion"},{"floor":33.0,"key":"AttackPotion"},{"floor":35.0,"key":"SkillPotion"},{"floor":36.0,"key":"Energy Potion"},{"floor":37.0,"key":"Poison Potion"}],"is_trial":false,"path_per_floor":["M","?","M","?","M","R","E","R","T","?","M","R","E","$","R","B",null,"M","M","?","$","M","R","E","R","T","M","E","?","R","M","R","B",null,"M","M","M","?","?","R","E"],"character_chosen":"DEFECT","items_purchased":["All For One","Steam","Hologram"],"campfire_rested":6,"item_purchase_floors":[14,14,21],"current_hp_per_floor":[52,45,45,45,45,45,26,47,47,70,70,70,51,51,51,19,58,57,52,52,52,8,29,6,27,27,27,23,23,44,10,31,6,55,37,47,3,3,3,23,0],"gold":252,"neow_bonus":"BOSS_RELIC","is_prod":false,"is_daily":false,"chose_seed":false,"campfire_upgraded":3,"win_rate":0,"timestamp":1563215533,"path_taken":["M","?","M","?","M","R","E","R","T","?","?","R","E","$","R","BOSS","M","M","?","?","M","R","E","R","T","M","E","?","R","M","R","BOSS","M","?","M","?","?","R","E"],"build_version":"2019-07-05","purchased_purges":1,"victory":false,"max_hp_per_floor":[71,71,71,71,71,71,71,71,71,71,71,71,71,71,71,71,71,71,71,71,71,71,71,71,71,71,71,71,71,71,71,71,71,71,71,71,71,67,67,67,67],"card_choices":[{"not_picked":["Redo","Turbo"],"picked":"Ball Lightning","floor":1.0},{"not_picked":["Aggregate","Conserve Battery"],"picked":"Capacitor","floor":3.0},{"not_picked":["Go for the Eyes","BootSequence"],"picked":"Cold Snap","floor":5.0},{"not_picked":["BootSequence","Steam Power"],"picked":"Ball Lightning","floor":7.0},{"not_picked":["Rebound","Sweeping Beam"],"picked":"Gash","floor":11.0},{"not_picked":["Chaos","Coolheaded"],"picked":"Capacitor","floor":13.0},{"not_picked":["Amplify","Fission"],"picked":"Electrodynamics","floor":16.0},{"not_picked":["Compile Driver","Steam"],"picked":"Gash","floor":18.0},{"not_picked":["Turbo","Hologram"],"picked":"Genetic Algorithm","floor":19.0},{"not_picked":["Streamline","White Noise"],"picked":"Leap","floor":22.0},{"not_picked":["Sweeping Beam","Leap"],"picked":"All For One","floor":24.0},{"not_picked":["Beam Cell","Redo"],"picked":"Genetic Algorithm","floor":27.0},{"not_picked":["Rebound","Redo"],"picked":"Gash","floor":28.0},{"not_picked":["Aggregate+1","Turbo"],"picked":"Core Surge","floor":31.0},{"not_picked":["Multi-Cast","Meteor Strike"],"picked":"Rainbow","floor":33.0},{"not_picked":["Sweeping Beam+1","Aggregate+1"],"picked":"Self Repair+1","floor":35.0},{"not_picked":["Conserve Battery","Darkness"],"picked":"Beam Cell","floor":36.0},{"not_picked":["Beam Cell+1","Compile Driver+1"],"picked":"Self Repair","floor":37.0}],"player_experience":711296,"relics_obtained":[{"floor":7.0,"key":"Unceasing Top"},{"floor":9.0,"key":"Thread and Needle"},{"floor":13.0,"key":"Bottled Tornado"},{"floor":24.0,"key":"Sundial"},{"floor":26.0,"key":"The Courier"},{"floor":28.0,"key":"Orichalcum"}],"event_choices":[{"cards_removed":["Strike_B"],"damage_healed":0.0,"max_hp_gain":0.0,"max_hp_loss":0.0,"gold_gain":0.0,"event_name":"Golden Wing","player_choice":"Card Removal","floor":2.0,"gold_loss":0.0,"damage_taken":7.0},{"cards_removed":["Strike_B"],"damage_healed":0.0,"max_hp_gain":0.0,"max_hp_loss":0.0,"gold_gain":0.0,"event_name":"Living Wall","player_choice":"Forget","floor":4.0,"gold_loss":0.0,"damage_taken":0.0},{"damage_healed":23.0,"max_hp_gain":0.0,"max_hp_loss":0.0,"gold_gain":0.0,"event_name":"Big Fish","player_choice":"Banana","floor":10.0,"gold_loss":0.0,"damage_taken":0.0},{"damage_healed":0.0,"max_hp_gain":0.0,"max_hp_loss":0.0,"gold_gain":100.0,"event_name":"The Joust","player_choice":"Bet on Murderer","floor":20.0,"gold_loss":50.0,"damage_taken":0.0},{"damage_healed":0.0,"max_hp_gain":0.0,"max_hp_loss":0.0,"gold_gain":0.0,"event_name":"Accursed Blacksmith","player_choice":"Rummage","floor":29.0,"gold_loss":0.0,"damage_taken":0.0,"relics_obtained":["WarpedTongs"],"cards_obtained":["Pain"]},{"damage_healed":0.0,"max_hp_gain":0.0,"max_hp_loss":4.0,"gold_gain":0.0,"event_name":"Winding Halls","player_choice":"Max HP","floor":38.0,"gold_loss":0.0,"damage_taken":0.0},{"damage_healed":0.0,"max_hp_gain":0.0,"max_hp_loss":0.0,"gold_gain":0.0,"event_name":"WeMeetAgain","player_choice":"Gave Potion","floor":39.0,"gold_loss":0.0,"damage_taken":0.0,"relics_obtained":["Ancient Tea Set"]}],"is_beta":false,"boss_relics":[{"not_picked":["Velvet Choker","Black Star"],"picked":"Nuclear Battery"},{"not_picked":["Sozu","Inserter"],"picked":"Empty Cage"}],"items_purged_floors":[21],"is_endless":false,"potions_floor_spawned":[1,3,5,7,11,13,16,18,19,22,24,27,28,31,33,35,36,37],"killed_by":"Giant Head","ascension_level":19}