{"gold_per_floor":[109,123,142,92,106,106,138,138,161,171,171],"floor_reached":11,"playtime":1574,"items_purged":[],"score":86,"play_id":"9e8adc96-b12b-4b27-829f-67de881aba2c","local_time":"20190613235128","is_ascension_mode":true,"campfire_choices":[{"data":"Ghostly Armor","floor":6,"key":"SMITH"}],"neow_cost":"NONE","seed_source_timestamp":70754149020018,"circlet_count":0,"master_deck":["Strike_R","Strike_R","Strike_R","Strike_R","Defend_R","Defend_R","Defend_R","Defend_R","Bash","Ghostly Armor+1","Shockwave","Second Wind","Havoc","Disarm","Armaments"],"relics":["Burning Blood","Dream Catcher","Bronze Scales"],"potions_floor_usage":[],"damage_taken":[{"damage":6,"enemies":"Cultist","floor":1,"turns":4},{"damage":5,"enemies":"Small Slimes","floor":2,"turns":5},{"damage":8,"enemies":"2 Louse","floor":3,"turns":4},{"damage":19,"enemies":"Blue Slaver","floor":5,"turns":5},{"damage":50,"enemies":"Gremlin Nob","floor":7,"turns":6},{"damage":5,"enemies":"3 Louse","floor":10,"turns":4},{"damage":31,"enemies":"Lagavulin","floor":11,"turns":10}],"seed_played":"2793804999535197033","potions_obtained":[{"floor":1,"key":"SneckoOil"},{"floor":5,"key":"BloodPotion"}],"is_trial":false,"path_per_floor":["M","M","M","?","M","R","E","$","T","M","E"],"character_chosen":"IRONCLAD","items_purchased":[],"campfire_rested":0,"item_purchase_floors":[],"current_hp_per_floor":[88,88,86,86,73,73,29,29,29,30,0],"gold":171,"neow_bonus":"TEN_PERCENT_HP_BONUS","is_prod":false,"is_daily":false,"chose_seed":false,"campfire_upgraded":1,"win_rate":0,"timestamp":1560459088,"path_taken":["M","?","?","?","M","R","E","$","T","M","E"],"build_version":"2019-01-23","purchased_purges":0,"victory":false,"max_hp_per_floor":[88,88,88,88,88,88,88,88,88,88,88],"card_choices":[{"not_picked":["Carnage","Iron Wave"],"picked":"Ghostly Armor","floor":1},{"not_picked":["Rupture","Pommel Strike"],"picked":"Shockwave","floor":2},{"not_picked":["Flex","Anger"],"picked":"Second Wind","floor":3},{"not_picked":["Headbutt","Body Slam"],"picked":"Havoc","floor":5},{"not_picked":["Rage","Dark Embrace"],"picked":"Disarm","floor":7},{"not_picked":["Headbutt","Anger"],"picked":"Armaments","floor":10}],"player_experience":167734,"relics_obtained":[{"floor":7,"key":"Dream Catcher"},{"floor":9,"key":"Bronze Scales"}],"event_choices":[{"cards_removed":["Strike_R"],"damage_healed":0,"gold_gain":0,"player_choice":"Card Removal","damage_taken":0,"max_hp_gain":0,"max_hp_loss":0,"event_name":"The Cleric","floor":4,"gold_loss":50}],"is_beta":false,"boss_relics":[],"items_purged_floors":[],"is_endless":false,"potions_floor_spawned":[1,5],"killed_by":"Lagavulin","ascension_level":3}