{"gold_per_floor":[16,36,46,66,84,84,104,104,127,127,161,161,180,207,207,207],"floor_reached":16,"playtime":610,"items_purged":[],"score":228,"play_id":"d1c5cb89-c68e-42ef-ab88-215413401038","local_time":"20190701131051","is_ascension_mode":true,"campfire_choices":[{"data":"Flex","floor":6,"key":"SMITH"},{"data":"Iron Wave","floor":8,"key":"SMITH"},{"data":"Clothesline","floor":10,"key":"SMITH"},{"data":"Bash","floor":12,"key":"SMITH"},{"data":"Whirlwind","floor":15,"key":"SMITH"}],"neow_cost":"NO_GOLD","seed_source_timestamp":265531815751600,"circlet_count":0,"master_deck":["AscendersBane","Strike_R","Strike_R","Strike_R","Strike_R","Strike_R","Defend_R","Defend_R","Defend_R","Defend_R","Bash+1","Armaments","Iron Wave+1","Disarm","Shrug It Off","Flex+1","Clothesline+1","Seeing Red","Brutality","Whirlwind+1"],"relics":["Burning Blood","Bag of Preparation","Singing Bowl","Centennial Puzzle"],"potions_floor_usage":[7,14,16,16],"damage_taken":[{"damage":6,"enemies":"Cultist","floor":1,"turns":3},{"damage":0,"enemies":"2 Louse","floor":2,"turns":2},{"damage":7,"enemies":"Jaw Worm","floor":3,"turns":4},{"damage":18,"enemies":"Blue Slaver","floor":4,"turns":6},{"damage":5,"enemies":"2 Fungi Beasts","floor":5,"turns":4},{"damage":14,"enemies":"Lots of Slimes","floor":7,"turns":8},{"damage":28,"enemies":"Lagavulin","floor":11,"turns":7},{"damage":1,"enemies":"Blue Slaver","floor":13,"turns":4},{"damage":45,"enemies":"3 Sentries","floor":14,"turns":9},{"damage":29,"enemies":"Slime Boss","floor":16,"turns":6}],"seed_played":"-4741231705397877912","potions_obtained":[{"floor":3,"key":"Regen Potion"},{"floor":7,"key":"Fire Potion"},{"floor":11,"key":"Ancient Potion"},{"floor":14,"key":"SteroidPotion"}],"is_trial":false,"path_per_floor":["M","M","M","M","M","R","M","R","T","R","E","R","M","E","R","B"],"character_chosen":"IRONCLAD","items_purchased":[],"campfire_rested":0,"item_purchase_floors":[],"current_hp_per_floor":[82,88,87,75,76,76,83,83,83,83,61,61,66,27,27,0],"gold":207,"neow_bonus":"TWENTY_PERCENT_HP_BONUS","is_prod":false,"is_daily":false,"chose_seed":false,"campfire_upgraded":5,"win_rate":0,"timestamp":1562001051,"path_taken":["M","M","M","M","M","R","M","R","T","R","E","R","M","E","R","BOSS"],"build_version":"2019-01-23","purchased_purges":0,"victory":false,"max_hp_per_floor":[89,89,89,89,89,89,89,89,89,89,89,89,89,89,89,89],"card_choices":[{"not_picked":["Heavy Blade","Cleave"],"picked":"Armaments","floor":1},{"not_picked":["Thunderclap","Warcry"],"picked":"Iron Wave","floor":2},{"not_picked":["Twin Strike","Havoc"],"picked":"Disarm","floor":3},{"not_picked":["Battle Trance","Hemokinesis"],"picked":"Shrug It Off","floor":4},{"not_picked":["Anger","Ghostly Armor"],"picked":"Flex","floor":5},{"not_picked":["Evolve","Infernal Blade"],"picked":"Clothesline","floor":7},{"not_picked":["Dual Wield","Spot Weakness"],"picked":"Seeing Red","floor":11},{"not_picked":["Anger","Pommel Strike"],"picked":"Brutality","floor":13},{"not_picked":["Rupture","Inflame"],"picked":"Whirlwind","floor":14}],"player_experience":1615622,"relics_obtained":[{"floor":9,"key":"Bag of Preparation"},{"floor":11,"key":"Singing Bowl"},{"floor":14,"key":"Centennial Puzzle"}],"event_choices":[],"is_beta":false,"boss_relics":[],"items_purged_floors":[],"is_endless":false,"potions_floor_spawned":[3,7,11,13,14],"killed_by":"Slime Boss","ascension_level":20}