{"gold_per_floor":[10,28,28,38,49,49,80,93,93,122,134,43,62,93,93,188,188,200,215,215,189,200,232,232,264,264,289,309,335,232,247,247,346,346,356,145,159,159,159,159,191,191,191,220,239,270,280,21,21,21,21,21,21,50,50],"floor_reached":56,"playtime":17687,"items_purged":["Regret"],"score":1779,"play_id":"8615ae1a-6083-4970-84d5-ff4bb4ae4da8","local_time":"20190613142507","is_ascension_mode":true,"campfire_choices":[{"data":"Loop","floor":6.0,"key":"SMITH"},{"data":"Hologram","floor":15.0,"key":"SMITH"},{"floor":24.0,"key":"DIG"},{"floor":32.0,"key":"DIG"},{"floor":40.0,"key":"DIG"},{"floor":42.0,"key":"DIG"},{"floor":49.0,"key":"RECALL"},{"floor":52.0,"key":"DIG"}],"neow_cost":"NO_GOLD","seed_source_timestamp":0,"circlet_count":0,"master_deck":["Strike_B+1","Strike_B+1","Strike_B+1","Strike_B+1","Defend_B+1","Defend_B+1","Defend_B+1","Defend_B+1","Zap+1","Dualcast+1","Hologram+1","Undo+1","Zap+1","Loop+1","Seek+1","Genetic Algorithm+1","BootSequence+1","Glacier+1","Redo+1","Enlightenment+1","Seek+1","Machine Learning+1","Conserve Battery+1","Force Field+1","Defragment+1","Cold Snap+1","Echo Form+1","Chill+1","Loop+1","Consume+1","Consume+1","Blizzard+1","BootSequence+1","Conserve Battery+1","Creative AI+1","Loop+1","Master of Strategy+1","Redo+1","Conserve Battery+1","Heatsinks+1","Madness+1","Madness+1","Skim+1","Buffer","Glacier","Recycle+1","Undo"],"special_seed":0,"relics":["Cracked Core","Ice Cream","Thread and Needle","Meat on the Bone","Pen Nib","Dead Branch","Philosopher\u0027s Stone","Shovel","Oddly Smooth Stone","Red Mask","Ancient Tea Set","Lantern","Dodecahedron","The Courier","Cursed Key","Mark of the Bloom","Centennial Puzzle","Mango","StoneCalendar","Blood Vial","Pantograph","Mummified Hand","Mercury Hourglass","Bag of Preparation"],"potions_floor_usage":[55,55,55],"damage_taken":[{"damage":7.0,"enemies":"Small Slimes","floor":1.0,"turns":3.0},{"damage":1.0,"enemies":"Cultist","floor":2.0,"turns":3.0},{"damage":1.0,"enemies":"2 Louse","floor":4.0,"turns":3.0},{"damage":19.0,"enemies":"Exordium Wildlife","floor":5.0,"turns":5.0},{"damage":20.0,"enemies":"3 Sentries","floor":7.0,"turns":7.0},{"damage":0.0,"enemies":"Looter","floor":8.0,"turns":3.0},{"damage":10.0,"enemies":"Gremlin Nob","floor":10.0,"turns":4.0},{"damage":0.0,"enemies":"Blue Slaver","floor":11.0,"turns":3.0},{"damage":2.0,"enemies":"Exordium Wildlife","floor":13.0,"turns":5.0},{"damage":7.0,"enemies":"3 Sentries","floor":14.0,"turns":9.0},{"damage":27.0,"enemies":"Slime Boss","floor":16.0,"turns":14.0},{"damage":10.0,"enemies":"Spheric Guardian","floor":18.0,"turns":6.0},{"damage":0.0,"enemies":"Chosen","floor":19.0,"turns":3.0},{"damage":0.0,"enemies":"Shelled Parasite and Fungi","floor":22.0,"turns":9.0},{"damage":0.0,"enemies":"Book of Stabbing","floor":23.0,"turns":8.0},{"damage":8.0,"enemies":"Masked Bandits","floor":25.0,"turns":6.0},{"damage":0.0,"enemies":"Slavers","floor":27.0,"turns":6.0},{"damage":0.0,"enemies":"Centurion and Healer","floor":28.0,"turns":6.0},{"damage":17.0,"enemies":"Book of Stabbing","floor":29.0,"turns":7.0},{"damage":0.0,"enemies":"Sentry and Sphere","floor":31.0,"turns":7.0},{"damage":0.0,"enemies":"Automaton","floor":33.0,"turns":13.0},{"damage":1.0,"enemies":"Orb Walker","floor":35.0,"turns":6.0},{"damage":0.0,"enemies":"3 Darklings","floor":37.0,"turns":7.0},{"damage":0.0,"enemies":"Reptomancer","floor":41.0,"turns":5.0},{"damage":0.0,"enemies":"Nemesis","floor":44.0,"turns":5.0},{"damage":0.0,"enemies":"Spire Growth","floor":45.0,"turns":5.0},{"damage":0.0,"enemies":"Giant Head","floor":46.0,"turns":7.0},{"damage":0.0,"enemies":"Sphere and 2 Shapes","floor":47.0,"turns":14.0},{"damage":0.0,"enemies":"Time Eater","floor":50.0,"turns":7.0},{"damage":0.0,"enemies":"Shield and Spear","floor":54.0,"turns":4.0},{"damage":0,"enemies":"The Heart","floor":55,"turns":7}],"seed_played":"-5675735050394582125","potions_obtained":[{"floor":2.0,"key":"PowerPotion"},{"floor":7.0,"key":"Strength Potion"},{"floor":8.0,"key":"GamblersBrew"},{"floor":10.0,"key":"AttackPotion"},{"floor":13.0,"key":"EssenceOfSteel"},{"floor":18.0,"key":"EssenceOfSteel"},{"floor":25.0,"key":"SkillPotion"},{"floor":27.0,"key":"Explosive Potion"},{"floor":35.0,"key":"PowerPotion"}],"is_trial":false,"path_per_floor":["M","M","?","M","M","R","E","M","T","E","M","$","M","E","R","B",null,"M","M","?","$","M","E","R","?","T","E","M","E","$","M","R","B",null,"M","$","M","?","?","R","E","R","T","E","M","E","M","$","R","B",null,"R","$","E","B",null],"character_chosen":"DEFECT","items_purchased":["Enlightenment","Cold Snap","Blizzard","BootSequence","Master of Strategy","Redo","Conserve Battery","Mummified Hand"],"campfire_rested":0,"item_purchase_floors":[12,21,30,30,36,36,36,48],"current_hp_per_floor":[68,67,67,66,47,47,27,27,27,29,41,41,39,44,44,29,75,65,65,65,65,65,65,65,57,57,57,57,40,40,40,40,40,75,74,74,74,65,65,65,65,65,65,65,65,65,65,65,65,65,65,65,65,65,65],"gold":50,"neow_bonus":"ONE_RARE_RELIC","is_prod":false,"is_daily":false,"chose_seed":false,"campfire_upgraded":2,"win_rate":0,"timestamp":1560425107,"path_taken":["M","M","?","M","?","R","E","M","T","E","M","$","M","E","R","BOSS","M","M","?","$","M","E","R","?","T","E","M","E","$","M","R","BOSS","M","$","M","?","?","R","E","R","T","E","M","E","M","$","R","BOSS","R","$","E","BOSS"],"build_version":"2019-01-23","purchased_purges":1,"victory":true,"max_hp_per_floor":[75,75,75,75,75,75,75,75,75,75,75,75,75,75,75,75,75,75,75,75,75,75,75,75,75,75,75,75,75,75,75,75,75,75,75,75,75,75,75,75,89,89,89,89,89,89,89,89,89,89,89,89,89,89,89],"card_choices":[{"not_picked":["Turbo","Streamline"],"picked":"Hologram","floor":1.0},{"not_picked":["Stack","White Noise"],"picked":"Undo","floor":2.0},{"not_picked":["Coolheaded","Streamline"],"picked":"Loop","floor":4.0},{"not_picked":["Rebound","Rip and Tear"],"picked":"Seek","floor":5.0},{"not_picked":["Streamline","Steam"],"picked":"Genetic Algorithm","floor":7.0},{"not_picked":["Streamline","Turbo"],"picked":"BootSequence","floor":8.0},{"not_picked":["Turbo","White Noise"],"picked":"Glacier","floor":10.0},{"not_picked":["Rainbow","Compile Driver"],"picked":"Redo","floor":11.0},{"not_picked":["Stack","Turbo","Streamline"],"picked":"SKIP","floor":13.0},{"not_picked":["Turbo","Go for the Eyes"],"picked":"Seek","floor":14.0},{"not_picked":["All For One","Fission"],"picked":"Machine Learning","floor":16.0},{"not_picked":["Steam+1","Redo"],"picked":"Conserve Battery+1","floor":18.0},{"not_picked":["Sweeping Beam","Steam"],"picked":"Force Field","floor":19.0},{"not_picked":["Conserve Battery","Tempest+1"],"picked":"Echo Form","floor":22.0},{"not_picked":["Compile Driver+1","Doom and Gloom"],"picked":"Chill","floor":23.0},{"not_picked":["Self Repair","Compile Driver"],"picked":"Loop","floor":25.0},{"not_picked":["Force Field","Cold Snap"],"picked":"Consume","floor":27.0},{"not_picked":["BootSequence","Barrage"],"picked":"Consume+1","floor":28.0},{"not_picked":["Beam Cell","Stack+1","Steam"],"picked":"SKIP","floor":29.0},{"not_picked":["Stack+1","Doom and Gloom"],"picked":"Conserve Battery","floor":31.0},{"not_picked":["Rainbow","Hyperbeam"],"picked":"Creative AI","floor":33.0},{"not_picked":["Cold Snap","BootSequence"],"picked":"Loop+1","floor":35.0},{"not_picked":["Barrage+1","Conserve Battery+1"],"picked":"Heatsinks+1","floor":37.0},{"not_picked":["Fission","Aggregate"],"picked":"Skim+1","floor":41.0},{"not_picked":["Reinforced Body+1","Redo"],"picked":"Buffer","floor":44.0},{"not_picked":["Self Repair+1","Streamline"],"picked":"Glacier","floor":45.0},{"not_picked":["Cold Snap","Ball Lightning","Beam Cell+1"],"picked":"SKIP","floor":46.0},{"not_picked":["Cold Snap","Ball Lightning","Beam Cell+1"],"picked":"SKIP","floor":46.0},{"not_picked":["Leap+1","Rebound"],"picked":"Recycle+1","floor":47.0},{"not_picked":["Auto Shields+1","Chaos"],"picked":"Undo","floor":54.0}],"player_experience":125221,"relics_obtained":[{"floor":7.0,"key":"Thread and Needle"},{"floor":9.0,"key":"Meat on the Bone"},{"floor":10.0,"key":"Pen Nib"},{"floor":14.0,"key":"Dead Branch"},{"floor":23.0,"key":"Shovel"},{"floor":24.0,"key":"Oddly Smooth Stone"},{"floor":25.0,"key":"Red Mask"},{"floor":26.0,"key":"Ancient Tea Set"},{"floor":27.0,"key":"Lantern"},{"floor":29.0,"key":"Dodecahedron"},{"floor":32.0,"key":"The Courier"},{"floor":40.0,"key":"Centennial Puzzle"},{"floor":41.0,"key":"Mango"},{"floor":42.0,"key":"StoneCalendar"},{"floor":44.0,"key":"Blood Vial"},{"floor":46.0,"key":"Pantograph"},{"floor":52.0,"key":"Mercury Hourglass"},{"floor":54.0,"key":"Bag of Preparation"}],"event_choices":[{"damage_healed":0.0,"max_hp_gain":0.0,"max_hp_loss":0.0,"gold_gain":0.0,"event_name":"Match and Keep!","player_choice":"1 cards matched","floor":3.0,"gold_loss":0.0,"damage_taken":0.0,"cards_obtained":["Zap"]},{"damage_healed":0.0,"max_hp_gain":0.0,"max_hp_loss":0.0,"gold_gain":0.0,"event_name":"The Library","player_choice":"Read","floor":20.0,"gold_loss":0.0,"damage_taken":0.0,"cards_obtained":["Defragment"]},{"damage_healed":0.0,"max_hp_gain":0.0,"max_hp_loss":0.0,"gold_gain":0.0,"event_name":"Masked Bandits","player_choice":"Fought Bandits","floor":25.0,"gold_loss":0.0,"damage_taken":0.0},{"damage_healed":0.0,"max_hp_gain":0.0,"max_hp_loss":0.0,"gold_gain":0.0,"event_name":"Winding Halls","player_choice":"Embrace Madness","floor":38.0,"gold_loss":0.0,"damage_taken":9.0,"cards_obtained":["Madness","Madness"]},{"damage_healed":0.0,"max_hp_gain":0.0,"max_hp_loss":0.0,"gold_gain":0.0,"event_name":"MindBloom","player_choice":"Upgrade","floor":39.0,"gold_loss":0.0,"damage_taken":0.0,"cards_upgraded":["Strike_B","Strike_B","Strike_B","Strike_B","Defend_B","Defend_B","Defend_B","Defend_B","Zap","Dualcast","Undo","Zap","Seek","Genetic Algorithm","BootSequence","Glacier","Redo","Enlightenment","Seek","Machine Learning","Force Field","Defragment","Cold Snap","Echo Form","Chill","Loop","Consume","Blizzard","BootSequence","Conserve Battery","Creative AI","Master of Strategy","Redo","Conserve Battery","Madness","Madness"],"relics_obtained":["Mark of the Bloom"]}],"is_beta":false,"boss_relics":[{"not_picked":["Busted Crown","Lizard Tail"],"picked":"Philosopher\u0027s Stone"},{"not_picked":["Black Star","Eternal Feather"],"picked":"Cursed Key"}],"items_purged_floors":[48],"is_endless":false,"potions_floor_spawned":[2,7,8,10,13,18,25,27,35,41,54],"ascension_level":2}