{"gold_per_floor":[116,129,142,154,329,329,341,359,432,432,443,343,343,357,357,455,455,465,479,479],"floor_reached":20,"playtime":718,"items_purged":["Doubt"],"score":170,"play_id":"e48a9cda-9c56-41c5-9385-bcceb0aa490d","local_time":"20190712175339","is_ascension_mode":false,"campfire_choices":[{"data":"Deep Breath","floor":6,"key":"SMITH"},{"data":"Flex","floor":13,"key":"SMITH"},{"data":"Inflame","floor":15,"key":"SMITH"}],"neow_cost":"NONE","seed_source_timestamp":25505921793800,"circlet_count":0,"master_deck":["Strike_R","Strike_R","Strike_R","Strike_R","Strike_R","Defend_R","Defend_R","Defend_R","Defend_R","Bash","Deep Breath+1","Inflame+1","Flex+1","Cleave","Shrug It Off","Disarm","Heavy Blade","Disarm","Flex","Intimidate","Demon Form","Shrug It Off","Perfected Strike+1"],"relics":["Burning Blood"],"potions_floor_usage":[19,20,20,20,20,20],"damage_taken":[{"damage":14,"enemies":"Small Slimes","floor":1,"turns":4},{"damage":1,"enemies":"Cultist","floor":2,"turns":4},{"damage":5,"enemies":"2 Louse","floor":3,"turns":4},{"damage":15,"enemies":"Red Slaver","floor":4,"turns":4},{"damage":8,"enemies":"Exordium Wildlife","floor":7,"turns":3},{"damage":5,"enemies":"Lots of Slimes","floor":8,"turns":2},{"damage":0,"enemies":"2 Fungi Beasts","floor":11,"turns":3},{"damage":3,"enemies":"Blue Slaver","floor":14,"turns":5},{"damage":56,"enemies":"Slime Boss","floor":16,"turns":10},{"damage":47,"enemies":"Spheric Guardian","floor":18,"turns":7},{"damage":21,"enemies":"3 Byrds","floor":19,"turns":9},{"damage":42,"enemies":"Cultist and Chosen","floor":20,"turns":10}],"seed_played":"2340362795034529980","potions_obtained":[{"floor":1,"key":"Dexterity Potion"},{"floor":3,"key":"EssenceOfSteel"},{"floor":8,"key":"EntropicBrew"}],"is_trial":false,"path_per_floor":["M","M","M","M","?","R","M","M","T","?","M","$","R","M","R","B",null,"M","M","M"],"character_chosen":"IRONCLAD","items_purchased":["Flex"],"campfire_rested":0,"item_purchase_floors":[12],"current_hp_per_floor":[72,77,78,69,69,69,67,68,68,68,74,74,74,77,77,27,80,39,24,0],"gold":479,"neow_bonus":"RANDOM_COLORLESS","is_prod":false,"is_daily":false,"chose_seed":false,"campfire_upgraded":3,"win_rate":0,"timestamp":1562968419,"path_taken":["M","M","M","M","?","R","M","M","T","?","M","$","R","M","R","BOSS","M","M","M"],"build_version":"2019-07-05","purchased_purges":1,"victory":false,"max_hp_per_floor":[80,80,80,80,80,80,80,80,80,80,80,80,80,80,80,80,80,80,80,80],"card_choices":[{"not_picked":["Rampage","Sword Boomerang"],"picked":"Inflame","floor":1},{"not_picked":["Warcry","Clash"],"picked":"Flex","floor":2},{"not_picked":["Perfected Strike","Iron Wave"],"picked":"Cleave","floor":3},{"not_picked":["Second Wind","Armaments"],"picked":"Shrug It Off","floor":4},{"not_picked":["Iron Wave","Hemokinesis"],"picked":"Disarm","floor":7},{"not_picked":["Rupture","Barricade"],"picked":"Heavy Blade","floor":8},{"not_picked":["Body Slam","Hemokinesis"],"picked":"Disarm","floor":11},{"not_picked":["Pommel Strike","Iron Wave"],"picked":"Intimidate","floor":14},{"not_picked":["Brutality","Fiend Fire"],"picked":"Demon Form","floor":16},{"not_picked":["Twin Strike","Flex"],"picked":"Shrug It Off","floor":18},{"not_picked":["Combust","Twin Strike"],"picked":"Perfected Strike+1","floor":19}],"player_experience":1859046,"relics_obtained":[],"event_choices":[{"damage_healed":0,"gold_gain":175,"player_choice":"AGREE","damage_taken":0,"max_hp_gain":0,"max_hp_loss":0,"event_name":"Liars Game","floor":5,"gold_loss":0,"cards_obtained":["Doubt"]},{"damage_healed":0,"gold_gain":0,"player_choice":"Ignored","damage_taken":0,"max_hp_gain":0,"max_hp_loss":0,"event_name":"WeMeetAgain","floor":10,"gold_loss":0}],"is_beta":false,"boss_relics":[{"not_picked":["Orrery","Runic Dome","Sozu"]}],"items_purged_floors":[12],"is_endless":false,"potions_floor_spawned":[1,3,8,16],"killed_by":"Cultist and Chosen","ascension_level":0}