{"gold_per_floor":[114,114,114,127,127,160,160,171,171,171,197,197,47,47,47,47],"floor_reached":16,"playtime":329,"items_purged":["Strike_R"],"score":246,"play_id":"85e5a0db-a0ef-46c3-ae57-6f327dbb23fe","local_time":"20190701152851","is_ascension_mode":true,"campfire_choices":[{"data":"Flex","floor":7,"key":"SMITH"},{"data":"Flex","floor":12,"key":"SMITH"},{"data":"Inflame","floor":15,"key":"SMITH"}],"neow_cost":"NONE","seed_source_timestamp":274092256026700,"circlet_count":0,"master_deck":["AscendersBane","Strike_R","Strike_R+1","Strike_R","Defend_R+1","Defend_R","Defend_R","Defend_R","Bash","Sword Boomerang","Flex+1","Corruption","Body Slam","Flex+1","Inflame+1"],"relics":["Burning Blood","NeowsBlessing","Ice Cream","Meat on the Bone","Odd Mushroom","Charon\u0027s Ashes"],"potions_floor_usage":[10,10],"damage_taken":[{"damage":0,"enemies":"2 Louse","floor":1,"turns":1},{"damage":0,"enemies":"Cultist","floor":4,"turns":1},{"damage":0,"enemies":"Lagavulin","floor":6,"turns":1},{"damage":7,"enemies":"Small Slimes","floor":8,"turns":3},{"damage":16,"enemies":"Gremlin Gang","floor":10,"turns":3},{"damage":31,"enemies":"The Mushroom Lair","floor":11,"turns":4},{"damage":44,"enemies":"Slime Boss","floor":16,"turns":7}],"seed_played":"1620223207529449502","potions_obtained":[{"floor":1,"key":"Strength Potion"},{"floor":5,"key":"SmokeBomb"},{"floor":11,"key":"SkillPotion"}],"is_trial":false,"path_per_floor":["M","?","?","M","?","E","R","M","T","M","?","R","$","?","R","B"],"character_chosen":"IRONCLAD","items_purchased":["Inflame"],"campfire_rested":0,"item_purchase_floors":[13],"current_hp_per_floor":[74,51,51,57,57,63,63,62,62,52,39,39,39,39,39,0],"gold":47,"neow_bonus":"THREE_ENEMY_KILL","is_prod":false,"is_daily":false,"chose_seed":false,"campfire_upgraded":3,"win_rate":0,"timestamp":1562009331,"path_taken":["M","?","?","?","?","E","R","M","T","?","?","R","?","?","R","BOSS"],"build_version":"2019-01-23","purchased_purges":1,"victory":false,"max_hp_per_floor":[75,75,75,75,75,75,75,75,75,75,75,75,75,75,75,75],"card_choices":[{"not_picked":["Rupture","Thunderclap"],"picked":"Sword Boomerang","floor":1},{"not_picked":["Perfected Strike","Dual Wield"],"picked":"Flex","floor":4},{"not_picked":["Entrench","Body Slam"],"picked":"Corruption","floor":6},{"not_picked":["Second Wind","Wild Strike"],"picked":"Body Slam","floor":8},{"not_picked":["Warcry","Havoc"],"picked":"Flex","floor":11}],"player_experience":1624067,"relics_obtained":[{"floor":6,"key":"Ice Cream"},{"floor":9,"key":"Meat on the Bone"},{"floor":11,"key":"Odd Mushroom"}],"event_choices":[{"damage_healed":0,"gold_gain":0,"player_choice":"Entered Light","damage_taken":23,"max_hp_gain":0,"max_hp_loss":0,"event_name":"Shining Light","floor":2,"gold_loss":0,"cards_upgraded":["Defend_R","Strike_R"]},{"cards_removed":["Strike_R"],"damage_healed":0,"gold_gain":0,"player_choice":"Offered Basic","damage_taken":0,"max_hp_gain":0,"max_hp_loss":0,"event_name":"Bonfire Elementals","floor":3,"gold_loss":0},{"damage_healed":0,"gold_gain":0,"player_choice":"Got Potions","damage_taken":0,"max_hp_gain":0,"max_hp_loss":0,"event_name":"Lab","floor":5,"gold_loss":0},{"damage_healed":0,"gold_gain":0,"player_choice":"Fought Mushrooms","damage_taken":0,"max_hp_gain":0,"max_hp_loss":0,"event_name":"Mushrooms","floor":11,"gold_loss":0},{"damage_healed":0,"gold_gain":0,"player_choice":"Gave Potion","damage_taken":0,"relics_obtained":["Charon\u0027s Ashes"],"max_hp_gain":0,"max_hp_loss":0,"event_name":"WeMeetAgain","floor":14,"gold_loss":0}],"is_beta":false,"boss_relics":[],"items_purged_floors":[13],"is_endless":false,"potions_floor_spawned":[1,11],"killed_by":"Slime Boss","ascension_level":20}