{"gold_per_floor":[110,130,148,148,168,200,218,30,30,30,58,58,92,92,92,92],"floor_reached":16,"playtime":1305,"items_purged":["Strike_B"],"score":268,"play_id":"b5029024-cf4f-4c3b-abda-cf5f2b7e3297","local_time":"20190714134414","is_ascension_mode":true,"campfire_choices":[{"data":"Biased Cognition","floor":12,"key":"SMITH"},{"data":"Chill","floor":15,"key":"SMITH"}],"neow_cost":"NONE","seed_source_timestamp":34864471919213,"circlet_count":0,"master_deck":["AscendersBane","Strike_B","Defend_B","Defend_B","Defend_B","Defend_B","Zap","Dualcast","Streamline","Auto Shields","Biased Cognition+1","Multi-Cast","Coolheaded","Cold Snap","Conserve Battery","Chill+1","Leap","Ball Lightning","Auto Shields"],"special_seed":0,"relics":["Cracked Core","Cables","Meat on the Bone","Regal Pillow","Letter Opener","Ancient Tea Set"],"potions_floor_usage":[13],"damage_taken":[{"damage":2.0,"enemies":"2 Louse","floor":1.0,"turns":3.0},{"damage":1.0,"enemies":"Cultist","floor":2.0,"turns":3.0},{"damage":3.0,"enemies":"Small Slimes","floor":3.0,"turns":3.0},{"damage":7.0,"enemies":"Looter","floor":5.0,"turns":3.0},{"damage":16.0,"enemies":"Lagavulin","floor":6.0,"turns":7.0},{"damage":0.0,"enemies":"Blue Slaver","floor":7.0,"turns":3.0},{"damage":0,"enemies":"3 Sentries","floor":11,"turns":9},{"damage":7,"enemies":"Gremlin Nob","floor":13,"turns":4},{"damage":39,"enemies":"Hexaghost","floor":16,"turns":11}],"seed_played":"-931052075701810275","potions_obtained":[{"floor":2.0,"key":"LiquidBronze"},{"floor":3.0,"key":"Block Potion"},{"floor":6.0,"key":"Swift Potion"},{"floor":11,"key":"Dexterity Potion"}],"is_trial":false,"path_per_floor":["M","M","M","?","M","E","M","$","T","?","E","R","E","?","R","B"],"character_chosen":"DEFECT","items_purchased":["Chill","Leap"],"campfire_rested":0,"item_purchase_floors":[8,8],"current_hp_per_floor":[69,68,65,65,58,42,42,42,42,37,49,49,42,35,35,0],"gold":92,"neow_bonus":"TEN_PERCENT_HP_BONUS","is_prod":false,"is_daily":false,"chose_seed":false,"campfire_upgraded":2,"win_rate":0,"timestamp":1563101054,"path_taken":["M","M","M","?","?","E","M","$","T","?","E","R","E","?","R","BOSS"],"build_version":"2019-07-05","purchased_purges":1,"victory":false,"max_hp_per_floor":[78,78,78,78,78,78,78,78,78,78,78,78,78,78,78,78],"card_choices":[{"not_picked":["Compile Driver","Beam Cell"],"picked":"Streamline","floor":1.0},{"not_picked":["Storm","Barrage"],"picked":"Auto Shields","floor":2.0},{"not_picked":["Turbo","BootSequence"],"picked":"Biased Cognition","floor":3.0},{"not_picked":["Go for the Eyes","Stack"],"picked":"Coolheaded","floor":5.0},{"not_picked":["Reprogram","Static Discharge"],"picked":"Cold Snap","floor":6.0},{"not_picked":["Steam Power","Stack"],"picked":"Conserve Battery","floor":7.0},{"not_picked":["Hologram","Sweeping Beam"],"picked":"Ball Lightning","floor":11},{"not_picked":["Skim","Blizzard"],"picked":"Auto Shields","floor":13}],"player_experience":686482,"relics_obtained":[{"floor":6.0,"key":"Cables"},{"floor":9,"key":"Meat on the Bone"},{"floor":11,"key":"Letter Opener"},{"floor":13,"key":"Ancient Tea Set"}],"event_choices":[{"damage_healed":0.0,"max_hp_gain":0.0,"max_hp_loss":0.0,"gold_gain":0.0,"cards_transformed":["Strike_B"],"event_name":"Transmorgrifier","player_choice":"Transformed","floor":4.0,"gold_loss":0.0,"damage_taken":0.0,"cards_obtained":["Multi-Cast"]},{"damage_healed":0,"gold_gain":0,"player_choice":"Success","damage_taken":5,"relics_obtained":["Regal Pillow"],"max_hp_gain":0,"max_hp_loss":0,"event_name":"Scrap Ooze","floor":10,"gold_loss":0},{"cards_removed":["Strike_B"],"damage_healed":0,"gold_gain":0,"player_choice":"Card Removal","damage_taken":7,"max_hp_gain":0,"max_hp_loss":0,"event_name":"Golden Wing","floor":14,"gold_loss":0}],"is_beta":false,"boss_relics":[],"items_purged_floors":[8],"is_endless":false,"potions_floor_spawned":[2,3,6,7,11],"killed_by":"Hexaghost","ascension_level":17}