{"gold_per_floor":[110,129,11,31,43,43,70,70,95,125,175,175,236,261,261,335,335,351,361,361,380,393,393,424,327,372,372,384,414,424,453,453,528,528,545,561,561,577,588,618,618,648,675,700,714,714],"floor_reached":46,"playtime":6636,"items_purged":["Strike_G"],"score":1165,"play_id":"0087349c-7df7-4c7a-868b-f9cd6b9e6849","local_time":"20190718190219","is_ascension_mode":true,"campfire_choices":[{"data":"Dash","floor":6.0,"key":"SMITH"},{"data":"Glass Knife","floor":8.0,"key":"SMITH"},{"data":"Noxious Fumes","floor":12.0,"key":"SMITH"},{"data":"Adrenaline","floor":15.0,"key":"SMITH"},{"floor":23.0,"key":"REST"},{"data":"Malaise","floor":27.0,"key":"SMITH"},{"floor":32.0,"key":"REST"},{"floor":41.0,"key":"REST"}],"neow_cost":"NONE","seed_source_timestamp":394049801204717,"circlet_count":0,"master_deck":["AscendersBane","Strike_G","Strike_G","Strike_G","Strike_G","Defend_G+1","Defend_G","Defend_G","Defend_G+1","Defend_G","Survivor","Neutralize","Poisoned Stab","Dash+1","Noxious Fumes+1","Poisoned Stab","Adrenaline+1","Glass Knife+1","PiercingWail","Backflip","Malaise+1","Blur","Footwork","Dodge and Roll","Footwork","Dodge and Roll+1","Deflect","Acrobatics","Backflip","Catalyst","Dodge and Roll+1","Corpse Explosion","PiercingWail+1","Deflect+1","Thinking Ahead","Thinking Ahead","Footwork","PiercingWail","Calculated Gamble","Prepared+1"],"special_seed":0,"relics":["Ring of the Snake","Orichalcum","Art of War","War Paint","Ancient Tea Set","Dream Catcher","Bottled Flame","Sozu","Enchiridion","Darkstone Periapt","Vajra","Blood Vial","Bag of Marbles","Red Mask","Philosopher\u0027s Stone","Tingsha","Strawberry","Question Card"],"potions_floor_usage":[44],"damage_taken":[{"damage":6.0,"enemies":"Cultist","floor":1.0,"turns":5.0},{"damage":1.0,"enemies":"2 Louse","floor":2.0,"turns":2.0},{"damage":3.0,"enemies":"Small Slimes","floor":4.0,"turns":3.0},{"damage":3.0,"enemies":"Looter","floor":5.0,"turns":4.0},{"damage":10.0,"enemies":"Lagavulin","floor":7.0,"turns":7.0},{"damage":11.0,"enemies":"Gremlin Nob","floor":10.0,"turns":4.0},{"damage":2.0,"enemies":"Gremlin Nob","floor":13.0,"turns":3.0},{"damage":17.0,"enemies":"Lagavulin","floor":14.0,"turns":6.0},{"damage":6.0,"enemies":"Hexaghost","floor":16.0,"turns":9.0},{"damage":0.0,"enemies":"Shell Parasite","floor":18.0,"turns":8.0},{"damage":8.0,"enemies":"2 Thieves","floor":19.0,"turns":4.0},{"damage":19.0,"enemies":"Sentry and Sphere","floor":21.0,"turns":7.0},{"damage":1.0,"enemies":"3 Cultists","floor":22.0,"turns":5.0},{"damage":6.0,"enemies":"Book of Stabbing","floor":24.0,"turns":7.0},{"damage":0.0,"enemies":"Snecko","floor":28.0,"turns":6.0},{"damage":18.0,"enemies":"Gremlin Leader","floor":29.0,"turns":8.0},{"damage":1.0,"enemies":"Centurion and Healer","floor":30.0,"turns":8.0},{"damage":0.0,"enemies":"Masked Bandits","floor":31.0,"turns":5.0},{"damage":10.0,"enemies":"Automaton","floor":33.0,"turns":14.0},{"damage":0.0,"enemies":"Orb Walker","floor":35.0,"turns":3.0},{"damage":0.0,"enemies":"3 Darklings","floor":36.0,"turns":4.0},{"damage":0.0,"enemies":"Sphere and 2 Shapes","floor":38.0,"turns":4.0},{"damage":1.0,"enemies":"4 Shapes","floor":39.0,"turns":3.0},{"damage":46.0,"enemies":"Reptomancer","floor":40.0,"turns":13.0},{"damage":22.0,"enemies":"Nemesis","floor":42.0,"turns":9.0},{"damage":10,"enemies":"Giant Head","floor":44,"turns":11},{"damage":0,"enemies":"Jaw Worm Horde","floor":45,"turns":3},{"damage":28,"enemies":"Reptomancer","floor":46,"turns":3}],"seed_played":"-8837258979529261120","potions_obtained":[{"floor":2.0,"key":"GhostInAJar"},{"floor":10.0,"key":"EssenceOfSteel"},{"floor":13.0,"key":"PowerPotion"}],"is_trial":false,"path_per_floor":["M","M","$","M","M","R","E","R","T","E","T","R","?","E","R","B",null,"M","M","?","M","M","R","E","?","T","R","M","E","M","?","R","B",null,"M","M","?","M","M","E","R","E","T","E","M","E"],"character_chosen":"THE_SILENT","items_purchased":["Noxious Fumes"],"campfire_rested":3,"item_purchase_floors":[3],"current_hp_per_floor":[59,58,58,55,52,52,42,42,42,31,31,31,29,12,12,6,56,56,48,27,8,7,28,22,22,22,22,24,8,9,11,32,24,60,62,64,54,56,57,13,34,21,21,13,15,0],"gold":714,"neow_bonus":"TEN_PERCENT_HP_BONUS","is_prod":false,"is_daily":false,"chose_seed":false,"campfire_upgraded":5,"win_rate":0,"timestamp":1563465739,"path_taken":["M","M","$","?","M","R","E","R","T","E","?","R","?","E","R","BOSS","M","M","?","M","M","R","E","?","T","R","M","E","?","?","R","BOSS","M","M","?","M","M","E","R","E","T","E","M","E"],"build_version":"2019-07-17","purchased_purges":1,"victory":false,"max_hp_per_floor":[72,72,72,72,72,72,72,72,72,72,72,72,72,72,72,72,72,72,72,72,72,72,72,72,72,72,72,72,72,72,72,72,72,72,72,72,72,72,72,72,72,79,79,79,79,79],"card_choices":[{"not_picked":["Dagger Spray","Dagger Throw"],"picked":"Poisoned Stab","floor":1.0},{"not_picked":["Quick Slash","Dagger Spray"],"picked":"Dash","floor":2.0},{"not_picked":["Endless Agony","Expertise"],"picked":"Poisoned Stab","floor":4.0},{"not_picked":["Deadly Poison","Sucker Punch"],"picked":"Adrenaline","floor":5.0},{"not_picked":["Underhanded Strike","Dash"],"picked":"Glass Knife","floor":7.0},{"not_picked":["Terror","Backflip"],"picked":"PiercingWail","floor":10.0},{"not_picked":["All Out Attack","Deadly Poison"],"picked":"Backflip","floor":14.0},{"not_picked":["Venomology","Corpse Explosion"],"picked":"Malaise","floor":16.0},{"not_picked":["Dash","Slice"],"picked":"Blur","floor":18.0},{"not_picked":["Deflect","Bane","Finisher"],"picked":"SKIP","floor":19.0},{"not_picked":["Deadly Poison","Flying Knee"],"picked":"Footwork","floor":21.0},{"not_picked":["Bane","Calculated Gamble+1"],"picked":"Dodge and Roll","floor":22.0},{"not_picked":["Burst","Flying Knee"],"picked":"Footwork","floor":23.0},{"not_picked":["Concentrate+1","All Out Attack"],"picked":"Dodge and Roll+1","floor":24.0},{"not_picked":["Calculated Gamble","Cloak And Dagger"],"picked":"Deflect","floor":28.0},{"not_picked":["A Thousand Cuts","Dodge and Roll"],"picked":"Acrobatics","floor":29.0},{"not_picked":["Deflect","Cloak And Dagger"],"picked":"Backflip","floor":30.0},{"not_picked":["Poisoned Stab+1","Deflect"],"picked":"Catalyst","floor":31.0},{"not_picked":["Expertise+1","Dash"],"picked":"Dodge and Roll+1","floor":32.0},{"not_picked":["A Thousand Cuts","Grand Finale"],"picked":"Corpse Explosion","floor":33.0},{"not_picked":["Setup","Eviscerate"],"picked":"PiercingWail+1","floor":35.0},{"not_picked":["Slice","Flying Knee+1"],"picked":"Deflect+1","floor":36.0},{"not_picked":["Deep Breath","Jack Of All Trades"],"picked":"Thinking Ahead","floor":37.0},{"not_picked":["Magnetism","Flash of Steel"],"picked":"Thinking Ahead","floor":37.0},{"not_picked":["Outmaneuver","Dash","Choke"],"picked":"SKIP","floor":38.0},{"not_picked":["Riddle With Holes","Dagger Spray","Underhanded Strike"],"picked":"SKIP","floor":39.0},{"not_picked":["Endless Agony+1","Calculated Gamble+1"],"picked":"Footwork","floor":40.0},{"not_picked":["Terror+1","Slice"],"picked":"PiercingWail","floor":41.0},{"not_picked":["Cloak And Dagger","Storm of Steel","Setup+1"],"picked":"SKIP","floor":42.0},{"not_picked":["Grand Finale","Underhanded Strike+1"],"picked":"Calculated Gamble","floor":44},{"not_picked":["Reflex","Setup+1","Quick Slash"],"picked":"Prepared+1","floor":45}],"player_experience":774485,"relics_obtained":[{"floor":7.0,"key":"Orichalcum"},{"floor":9.0,"key":"Art of War"},{"floor":10.0,"key":"War Paint"},{"floor":11.0,"key":"Ancient Tea Set"},{"floor":13.0,"key":"Dream Catcher"},{"floor":14.0,"key":"Bottled Flame"},{"floor":20.0,"key":"Enchiridion"},{"floor":24.0,"key":"Darkstone Periapt"},{"floor":26.0,"key":"Blood Vial"},{"floor":29.0,"key":"Bag of Marbles"},{"floor":31.0,"key":"Red Mask"},{"floor":40.0,"key":"Tingsha"},{"floor":42.0,"key":"Strawberry"},{"floor":44,"key":"Question Card"}],"event_choices":[{"damage_healed":0.0,"max_hp_gain":0.0,"max_hp_loss":0.0,"gold_gain":0.0,"event_name":"Dead Adventurer","player_choice":"Searched \u00271\u0027 times","floor":13.0,"gold_loss":0.0,"damage_taken":0.0},{"damage_healed":0.0,"max_hp_gain":0.0,"max_hp_loss":0.0,"gold_gain":0.0,"event_name":"Cursed Tome","player_choice":"Obtained Book","floor":20.0,"gold_loss":0.0,"damage_taken":21.0},{"damage_healed":0.0,"max_hp_gain":0.0,"max_hp_loss":0.0,"gold_gain":0.0,"event_name":"WeMeetAgain","player_choice":"Paid Gold","floor":25.0,"gold_loss":97.0,"damage_taken":0.0,"relics_obtained":["Vajra"]},{"damage_healed":0.0,"max_hp_gain":0.0,"max_hp_loss":0.0,"gold_gain":0.0,"event_name":"Masked Bandits","player_choice":"Fought Bandits","floor":31.0,"gold_loss":0.0,"damage_taken":0.0},{"damage_healed":0.0,"max_hp_gain":0.0,"max_hp_loss":0.0,"gold_gain":0.0,"event_name":"SensoryStone","player_choice":"Memory 3","floor":37.0,"gold_loss":0.0,"damage_taken":10.0}],"is_beta":false,"boss_relics":[{"not_picked":["Astrolabe","Runic Dome"],"picked":"Sozu"},{"not_picked":["Calling Bell","Snecko Eye"],"picked":"Philosopher\u0027s Stone"}],"items_purged_floors":[3],"is_endless":false,"potions_floor_spawned":[2,10,13,14,18,19,22,24,38,42,45],"killed_by":"Reptomancer","ascension_level":20}