{"gold_per_floor":[209,209,220,230,17,50,50,76,103,378,378],"floor_reached":11,"playtime":593,"items_purged":["Strike_G"],"score":162,"play_id":"18f8a3ab-c48d-49d5-a0ba-6b33af879a21","local_time":"20190720203235","is_ascension_mode":true,"campfire_choices":[{"floor":7.0,"key":"REST"}],"neow_cost":"NONE","seed_source_timestamp":77832694325567,"circlet_count":0,"master_deck":["AscendersBane","Strike_G","Strike_G","Strike_G","Defend_G","Defend_G","Defend_G","Defend_G","Defend_G","Survivor","Neutralize","Quick Slash","Bouncing Flask","Flechettes","Infinite Blades","PiercingWail","Bane","Envenom"],"special_seed":0,"relics":["Ring of the Snake","Smiling Mask","Centennial Puzzle","Omamori"],"potions_floor_usage":[8],"damage_taken":[{"damage":3.0,"enemies":"Cultist","floor":1.0,"turns":5.0},{"damage":4.0,"enemies":"Small Slimes","floor":3.0,"turns":3.0},{"damage":1.0,"enemies":"2 Louse","floor":4.0,"turns":3.0},{"damage":31.0,"enemies":"Lagavulin","floor":6.0,"turns":6.0},{"damage":32,"enemies":"Gremlin Nob","floor":8,"turns":4},{"damage":12,"enemies":"Exordium Thugs","floor":11,"turns":1}],"seed_played":"-9220481431637891531","potions_obtained":[{"floor":6.0,"key":"EssenceOfSteel"}],"is_trial":false,"path_per_floor":["M","?","M","M","$","E","R","E","T","?","M"],"character_chosen":"THE_SILENT","items_purchased":["Infinite Blades","PiercingWail"],"campfire_rested":1,"item_purchase_floors":[5,5],"current_hp_per_floor":[56,56,52,51,51,20,39,7,7,7,0],"gold":378,"neow_bonus":"HUNDRED_GOLD","is_prod":false,"is_daily":false,"chose_seed":false,"campfire_upgraded":0,"win_rate":0,"timestamp":1563643955,"path_taken":["M","?","?","M","$","E","R","E","T","?","?"],"build_version":"2019-07-17","purchased_purges":1,"victory":false,"max_hp_per_floor":[66,66,66,66,66,66,66,66,66,66,66],"card_choices":[{"not_picked":["Dagger Throw","PiercingWail"],"picked":"Quick Slash","floor":1.0},{"not_picked":["Backstab","Backflip"],"picked":"Bouncing Flask","floor":3.0},{"not_picked":["Blade Dance","Backflip"],"picked":"Flechettes","floor":4.0},{"not_picked":["Caltrops","Outmaneuver"],"picked":"Bane","floor":6.0},{"not_picked":["Slice","Setup"],"picked":"Envenom","floor":8}],"player_experience":833244,"relics_obtained":[{"floor":6.0,"key":"Smiling Mask"},{"floor":8,"key":"Centennial Puzzle"},{"floor":9,"key":"Omamori"}],"event_choices":[{"cards_removed":["Strike_G"],"damage_healed":0.0,"max_hp_gain":0.0,"max_hp_loss":0.0,"gold_gain":0.0,"event_name":"Bonfire Elementals","player_choice":"Offered Basic","floor":2.0,"gold_loss":0.0,"damage_taken":0.0},{"damage_healed":0,"gold_gain":275,"player_choice":"Desecrate","damage_taken":0,"max_hp_gain":0,"max_hp_loss":0,"event_name":"Golden Shrine","floor":10,"gold_loss":0,"cards_obtained":["Regret"]}],"is_beta":false,"boss_relics":[],"items_purged_floors":[5],"is_endless":false,"potions_floor_spawned":[6],"killed_by":"Exordium Thugs","ascension_level":20}