{"gold_per_floor":[114,134,145,12,30,64,64,74,124,155,155],"floor_reached":11,"playtime":419,"items_purged":[],"score":170,"play_id":"0622f2fb-bd25-43e7-baa1-a15204ef8006","local_time":"20190702100439","is_ascension_mode":true,"campfire_choices":[{"data":"Flex","floor":7,"key":"SMITH"}],"neow_cost":"PERCENT_DAMAGE","seed_source_timestamp":340950434780300,"circlet_count":0,"master_deck":["AscendersBane","Strike_R","Strike_R","Strike_R","Defend_R","Defend_R","Defend_R","Defend_R","Bash","Wild Strike","Shrug It Off","Demon Form","Flex+1","Heavy Blade","Heavy Blade","Armaments","True Grit","Feel No Pain"],"relics":["Burning Blood","Blood Vial","Vajra","Shuriken"],"potions_floor_usage":[8,10,10,11],"damage_taken":[{"damage":3,"enemies":"2 Louse","floor":1,"turns":4},{"damage":1,"enemies":"Cultist","floor":2,"turns":3},{"damage":4,"enemies":"Small Slimes","floor":3,"turns":3},{"damage":6,"enemies":"2 Fungi Beasts","floor":5,"turns":3},{"damage":32,"enemies":"Lagavulin","floor":6,"turns":6},{"damage":1,"enemies":"Looter","floor":8,"turns":3},{"damage":40,"enemies":"Gremlin Nob","floor":10,"turns":5},{"damage":14,"enemies":"Large Slime","floor":11,"turns":5}],"seed_played":"-5746096851507146914","potions_obtained":[{"floor":2,"key":"GamblersBrew"},{"floor":8,"key":"Block Potion"},{"floor":10,"key":"Poison Potion"}],"is_trial":false,"path_per_floor":["M","M","M","$","M","E","R","M","T","E","M"],"character_chosen":"IRONCLAD","items_purchased":["Flex","Heavy Blade","AttackPotion"],"campfire_rested":0,"item_purchase_floors":[4,4,4],"current_hp_per_floor":[53,58,60,60,60,34,34,41,41,9,0],"gold":155,"neow_bonus":"REMOVE_TWO","is_prod":false,"is_daily":false,"chose_seed":false,"campfire_upgraded":1,"win_rate":0,"timestamp":1562076279,"path_taken":["M","M","M","$","M","E","R","M","T","E","M"],"build_version":"2019-07-01","purchased_purges":0,"victory":false,"max_hp_per_floor":[75,75,75,75,75,75,75,75,75,75,75],"card_choices":[{"not_picked":["Warcry","Twin Strike"],"picked":"Wild Strike","floor":1},{"not_picked":["Perfected Strike","True Grit"],"picked":"Shrug It Off","floor":2},{"not_picked":["True Grit","Combust"],"picked":"Demon Form","floor":3},{"not_picked":["Clothesline","Perfected Strike"],"picked":"Heavy Blade","floor":5},{"not_picked":["Entrench","Pommel Strike"],"picked":"Armaments","floor":6},{"not_picked":["Warcry","Armaments"],"picked":"True Grit","floor":8},{"not_picked":["Pommel Strike","Sever Soul"],"picked":"Feel No Pain","floor":10}],"player_experience":1644434,"relics_obtained":[{"floor":6,"key":"Blood Vial"},{"floor":9,"key":"Vajra"},{"floor":10,"key":"Shuriken"}],"event_choices":[],"is_beta":false,"boss_relics":[],"items_purged_floors":[],"is_endless":false,"potions_floor_spawned":[2,6,8,10],"killed_by":"Large Slime","ascension_level":20}