{"gold_per_floor":[112,132,144,162,172,203,36,51,106,106,140,168,243,257,257,361,361,373,393,412,412,118,118,144,144,144,179,191,215,262,374,386,497,509,534,546,558,127,142,142,174,0,0,0,15,40,40,59,59,59,59,59,59,93,93],"floor_reached":56,"playtime":14727,"items_purged":["Strike_G","Shame"],"score":1640,"play_id":"183feb56-a2c6-4039-b3b9-cda5110e0146","local_time":"20190613194449","is_ascension_mode":true,"campfire_choices":[{"data":"Well Laid Plans","floor":10.0,"key":"SMITH"},{"floor":15.0,"key":"REST"},{"data":"Malaise","floor":23.0,"key":"SMITH"},{"data":"After Image","floor":25.0,"key":"SMITH"},{"data":"Footwork","floor":28.0,"key":"SMITH"},{"floor":32.0,"key":"REST"},{"data":"Wraith Form v2","floor":40.0,"key":"SMITH"},{"data":"Noxious Fumes","floor":44.0,"key":"SMITH"},{"data":"Expertise","floor":47.0,"key":"SMITH"},{"floor":49.0,"key":"RECALL"},{"data":"Bouncing Flask","floor":52.0,"key":"SMITH"}],"neow_cost":"NONE","seed_source_timestamp":41583301240323,"circlet_count":0,"master_deck":["Defend_G","Defend_G","Defend_G","Defend_G","Defend_G","Strike_G","Strike_G+1","Strike_G+1","Strike_G","Survivor","Neutralize","PiercingWail","Dodge and Roll","Bouncing Flask","Leg Sweep","Acrobatics","Well Laid Plans+1","Blur","Noxious Fumes+1","PiercingWail","Expertise+1","Acrobatics","Crippling Poison","Malaise+1","Infinite Blades","Bouncing Flask+1","Tactician+1","Backflip","Dodge and Roll","After Image+1","Footwork+1","PiercingWail","Bouncing Flask","Wraith Form v2+1","PiercingWail","Dramatic Entrance","Footwork","PiercingWail","Parasite","Acrobatics+1","Escape Plan","Well Laid Plans+1","Acrobatics"],"special_seed":0,"relics":["Sozu","Bottled Lightning","Whetstone","Torii","Odd Mushroom","Cursed Key","Enchiridion","Dodecahedron","MawBank","Bottled Flame","Tingsha","Blue Candle","Busted Crown","Incense Burner","Happy Flower","Red Mask","Frozen Egg 2","Mummified Hand","Pear"],"potions_floor_usage":[],"damage_taken":[{"damage":0.0,"enemies":"Cultist","floor":1.0,"turns":5.0},{"damage":0.0,"enemies":"Jaw Worm","floor":2.0,"turns":5.0},{"damage":0.0,"enemies":"Small Slimes","floor":3.0,"turns":4.0},{"damage":10.0,"enemies":"Exordium Wildlife","floor":4.0,"turns":5.0},{"damage":0.0,"enemies":"2 Fungi Beasts","floor":5.0,"turns":4.0},{"damage":12.0,"enemies":"3 Sentries","floor":6.0,"turns":16.0},{"damage":0.0,"enemies":"Blue Slaver","floor":8.0,"turns":6.0},{"damage":16.0,"enemies":"Lagavulin","floor":11.0,"turns":6.0},{"damage":0.0,"enemies":"The Mushroom Lair","floor":12.0,"turns":5.0},{"damage":0.0,"enemies":"Looter","floor":14.0,"turns":4.0},{"damage":32.0,"enemies":"Slime Boss","floor":16.0,"turns":16.0},{"damage":0.0,"enemies":"3 Byrds","floor":18.0,"turns":6.0},{"damage":3.0,"enemies":"Chosen","floor":19.0,"turns":8.0},{"damage":2.0,"enemies":"Snake Plant","floor":20.0,"turns":6.0},{"damage":0.0,"enemies":"Book of Stabbing","floor":24.0,"turns":7.0},{"damage":10.0,"enemies":"Gremlin Leader","floor":27.0,"turns":10.0},{"damage":1.0,"enemies":"Chosen and Byrds","floor":29.0,"turns":8.0},{"damage":0.0,"enemies":"Book of Stabbing","floor":30.0,"turns":7.0},{"damage":0.0,"enemies":"Colosseum Slavers","floor":31.0,"turns":5.0},{"damage":32.0,"enemies":"Colosseum Nobs","floor":31.0,"turns":6.0},{"damage":23.0,"enemies":"Automaton","floor":33.0,"turns":13.0},{"damage":0.0,"enemies":"3 Shapes","floor":35.0,"turns":5.0},{"damage":0.0,"enemies":"Orb Walker","floor":39.0,"turns":5.0},{"damage":0.0,"enemies":"Nemesis","floor":41.0,"turns":9.0},{"damage":1.0,"enemies":"3 Darklings","floor":45.0,"turns":8.0},{"damage":6.0,"enemies":"Giant Head","floor":46.0,"turns":12.0},{"damage":0.0,"enemies":"Maw","floor":48.0,"turns":9.0},{"damage":12.0,"enemies":"Time Eater","floor":50.0,"turns":16.0},{"damage":0.0,"enemies":"Shield and Spear","floor":54.0,"turns":7.0},{"damage":53,"enemies":"The Heart","floor":55,"turns":14}],"seed_played":"6849462924816319910","potions_obtained":[],"is_trial":false,"path_per_floor":["M","M","M","M","M","E","$","M","T","R","E","?","?","M","R","B",null,"M","M","M","?","$","R","E","R","T","E","R","M","E","?","R","B",null,"M","?","?","$","M","R","E","?","T","R","M","E","R","M","R","B",null,"R","$","E","B",null],"character_chosen":"THE_SILENT","items_purchased":["Blur","Noxious Fumes","PiercingWail","Backflip","Dodge and Roll","After Image","Footwork","Incense Burner"],"campfire_rested":2,"item_purchase_floors":[7,7,7,22,22,22,38,38],"current_hp_per_floor":[70,70,70,60,60,48,48,48,48,48,32,32,21,21,42,10,70,70,67,65,49,49,49,49,49,49,39,39,38,38,6,27,4,70,70,70,70,70,70,70,70,70,70,70,69,63,63,63,63,51,70,70,70,80,27],"gold":93,"neow_bonus":"BOSS_RELIC","is_prod":false,"is_daily":false,"chose_seed":false,"campfire_upgraded":8,"win_rate":0,"timestamp":1560444289,"path_taken":["M","M","M","M","M","E","$","?","T","R","E","?","?","M","R","BOSS","M","M","M","?","$","R","E","R","T","E","R","M","E","?","R","BOSS","M","?","?","$","M","R","E","?","T","R","M","E","R","?","R","BOSS","R","$","E","BOSS"],"build_version":"2019-01-23","purchased_purges":2,"victory":true,"max_hp_per_floor":[70,70,70,70,70,70,70,70,70,70,70,70,70,70,70,70,70,70,70,70,70,70,70,70,70,70,70,70,70,70,70,70,70,70,70,70,70,70,70,70,70,70,70,70,70,70,70,70,70,70,70,70,70,80,80],"card_choices":[{"not_picked":["Prepared","Heel Hook"],"picked":"PiercingWail","floor":1.0},{"not_picked":["Dagger Throw","Blade Dance"],"picked":"Dodge and Roll","floor":2.0},{"not_picked":["Slice","Poisoned Stab"],"picked":"Bouncing Flask","floor":3.0},{"not_picked":["Poisoned Stab","Accuracy"],"picked":"Leg Sweep","floor":4.0},{"not_picked":["Choke","Setup"],"picked":"Acrobatics","floor":5.0},{"not_picked":["All Out Attack","Flechettes"],"picked":"Well Laid Plans","floor":6.0},{"not_picked":["Flying Knee","Eviscerate"],"picked":"Expertise","floor":8.0},{"not_picked":["Flying Knee","Backstab"],"picked":"Acrobatics","floor":11.0},{"not_picked":["Distraction","Slice"],"picked":"Crippling Poison","floor":14.0},{"not_picked":["Venomology","Grand Finale"],"picked":"Malaise","floor":16.0},{"not_picked":["Cloak And Dagger","Underhanded Strike+1"],"picked":"Infinite Blades","floor":18.0},{"not_picked":["Outmaneuver","Setup+1"],"picked":"Bouncing Flask","floor":19.0},{"not_picked":["Predator","Blade Dance+1"],"picked":"Tactician+1","floor":20.0},{"not_picked":["Poisoned Stab+1","Dagger Spray"],"picked":"Footwork","floor":24.0},{"not_picked":["Blade Dance","Deadly Poison"],"picked":"PiercingWail","floor":27.0},{"not_picked":["Masterful Stab+1","Choke","Sucker Punch+1"],"picked":"SKIP","floor":29.0},{"not_picked":["Sucker Punch","Dagger Spray"],"picked":"Bouncing Flask","floor":30.0},{"not_picked":["Adrenaline","A Thousand Cuts"],"picked":"Wraith Form v2","floor":33.0},{"not_picked":[],"picked":"PiercingWail","floor":35.0},{"not_picked":[],"picked":"Dramatic Entrance","floor":36.0},{"not_picked":["Dagger Spray+1"],"picked":"SKIP","floor":39.0},{"not_picked":[],"picked":"PiercingWail","floor":41.0},{"not_picked":[],"picked":"Acrobatics+1","floor":45.0},{"not_picked":[],"picked":"Escape Plan","floor":46.0},{"not_picked":[],"picked":"Well Laid Plans+1","floor":48.0},{"not_picked":[],"picked":"Acrobatics","floor":54.0}],"player_experience":142908,"relics_obtained":[{"floor":6.0,"key":"Bottled Lightning"},{"floor":9.0,"key":"Whetstone"},{"floor":11.0,"key":"Torii"},{"floor":12.0,"key":"Odd Mushroom"},{"floor":21.0,"key":"Enchiridion"},{"floor":24.0,"key":"Dodecahedron"},{"floor":27.0,"key":"MawBank"},{"floor":30.0,"key":"Bottled Flame"},{"floor":31.0,"key":"Tingsha"},{"floor":31.0,"key":"Blue Candle"},{"floor":41.0,"key":"Happy Flower"},{"floor":43.0,"key":"Frozen Egg 2"},{"floor":46.0,"key":"Mummified Hand"},{"floor":54.0,"key":"Pear"}],"event_choices":[{"damage_healed":0.0,"max_hp_gain":0.0,"max_hp_loss":0.0,"gold_gain":0.0,"event_name":"Mushrooms","player_choice":"Fought Mushrooms","floor":12.0,"gold_loss":0.0,"damage_taken":0.0},{"damage_healed":0.0,"max_hp_gain":0.0,"max_hp_loss":0.0,"gold_gain":75.0,"event_name":"World of Goop","player_choice":"Gather Gold","floor":13.0,"gold_loss":0.0,"damage_taken":11.0},{"damage_healed":0.0,"max_hp_gain":0.0,"max_hp_loss":0.0,"gold_gain":0.0,"event_name":"Cursed Tome","player_choice":"Obtained Book","floor":21.0,"gold_loss":0.0,"damage_taken":16.0},{"damage_healed":0.0,"max_hp_gain":0.0,"max_hp_loss":0.0,"gold_gain":0.0,"event_name":"Colosseum","player_choice":"Fight","floor":31.0,"gold_loss":0.0,"damage_taken":0.0},{"damage_healed":0.0,"max_hp_gain":0.0,"max_hp_loss":0.0,"gold_gain":0.0,"event_name":"Colosseum","player_choice":"Fought Nobs","floor":31.0,"gold_loss":0.0,"damage_taken":0.0},{"damage_healed":0.0,"max_hp_gain":0.0,"max_hp_loss":0.0,"gold_gain":0.0,"event_name":"SensoryStone","player_choice":"Memory 1","floor":36.0,"gold_loss":0.0,"damage_taken":0.0},{"damage_healed":0.0,"max_hp_gain":0.0,"max_hp_loss":0.0,"gold_gain":0.0,"event_name":"Mysterious Sphere","player_choice":"Ignored","floor":37.0,"gold_loss":0.0,"damage_taken":0.0},{"damage_healed":0.0,"max_hp_gain":0.0,"max_hp_loss":0.0,"gold_gain":0.0,"event_name":"Tomb of Lord Red Mask","player_choice":"Paid","floor":42.0,"gold_loss":174.0,"damage_taken":0.0,"relics_obtained":["Red Mask"]}],"is_beta":false,"boss_relics":[{"not_picked":["Calling Bell","Fusion Hammer"],"picked":"Cursed Key"},{"not_picked":["WristBlade","Snecko Eye"],"picked":"Busted Crown"}],"items_purged_floors":[22,38],"is_endless":false,"potions_floor_spawned":[2,4,12,14,20,24,29,33,39,45,46,48,54],"ascension_level":4}