{"gold_per_floor":[114,130,146,71,91,91,123,123,146,180,180,180,190,201,201,201],"floor_reached":16,"playtime":456,"items_purged":["Strike_R"],"score":224,"play_id":"1c812cd4-f7c6-4460-92eb-4cb36152d364","local_time":"20190702064739","is_ascension_mode":true,"campfire_choices":[{"data":"Whirlwind","floor":6,"key":"SMITH"},{"data":"Bloodletting","floor":8,"key":"SMITH"},{"data":"True Grit","floor":11,"key":"SMITH"},{"data":"Wild Strike","floor":15,"key":"SMITH"}],"neow_cost":"NONE","seed_source_timestamp":329093512062900,"circlet_count":0,"master_deck":["AscendersBane","Strike_R","Strike_R","Strike_R","Strike_R","Defend_R","Defend_R","Defend_R","Defend_R+1","Bash+1","Whirlwind+1","Bloodletting+1","Armaments","Shockwave","Battle Trance","True Grit+1","Wild Strike+1"],"relics":["Burning Blood","NeowsBlessing","Bronze Scales","Centennial Puzzle","Lantern"],"potions_floor_usage":[7,7,10,16],"damage_taken":[{"damage":0,"enemies":"Cultist","floor":1,"turns":1},{"damage":0,"enemies":"Jaw Worm","floor":2,"turns":1},{"damage":0,"enemies":"2 Louse","floor":3,"turns":1},{"damage":9,"enemies":"Looter","floor":5,"turns":4},{"damage":14,"enemies":"Lagavulin","floor":7,"turns":6},{"damage":9,"enemies":"Gremlin Nob","floor":10,"turns":3},{"damage":0,"enemies":"Red Slaver","floor":13,"turns":3},{"damage":3,"enemies":"Exordium Thugs","floor":14,"turns":1},{"damage":51,"enemies":"Hexaghost","floor":16,"turns":9}],"seed_played":"-9221948213318153811","potions_obtained":[{"floor":1,"key":"Block Potion"},{"floor":3,"key":"SkillPotion"},{"floor":7,"key":"GamblersBrew"},{"floor":14,"key":"Explosive Potion"}],"is_trial":false,"path_per_floor":["M","M","M","$","M","R","E","R","T","E","R","?","M","M","R","B"],"character_chosen":"IRONCLAD","items_purchased":[],"campfire_rested":0,"item_purchase_floors":[],"current_hp_per_floor":[74,75,75,75,72,72,64,64,64,61,61,38,44,47,47,0],"gold":201,"neow_bonus":"THREE_ENEMY_KILL","is_prod":false,"is_daily":false,"chose_seed":false,"campfire_upgraded":4,"win_rate":0,"timestamp":1562064459,"path_taken":["M","M","M","?","M","R","E","R","T","E","R","?","M","M","R","BOSS"],"build_version":"2019-07-01","purchased_purges":1,"victory":false,"max_hp_per_floor":[75,75,75,75,75,75,75,75,75,75,75,75,75,75,75,75],"card_choices":[{"not_picked":["Thunderclap","Fire Breathing"],"picked":"Whirlwind","floor":1},{"not_picked":["Anger","Infernal Blade"],"picked":"Bloodletting","floor":2},{"not_picked":["Wild Strike","Fire Breathing"],"picked":"Armaments","floor":3},{"not_picked":["Carnage","Reckless Charge"],"picked":"Shockwave","floor":5},{"not_picked":["Bloodletting","Armaments"],"picked":"Battle Trance","floor":7},{"not_picked":["Burning Pact","Anger"],"picked":"True Grit","floor":10},{"not_picked":["Warcry","True Grit","Evolve"],"picked":"SKIP","floor":13},{"not_picked":["Rupture","Searing Blow"],"picked":"Wild Strike","floor":14}],"player_experience":1635508,"relics_obtained":[{"floor":7,"key":"Bronze Scales"},{"floor":9,"key":"Centennial Puzzle"},{"floor":10,"key":"Lantern"}],"event_choices":[{"damage_healed":0,"gold_gain":0,"player_choice":"Entered Light","damage_taken":23,"max_hp_gain":0,"max_hp_loss":0,"event_name":"Shining Light","floor":12,"gold_loss":0,"cards_upgraded":["Bash","Defend_R"]}],"is_beta":false,"boss_relics":[],"items_purged_floors":[4],"is_endless":false,"potions_floor_spawned":[1,3,7,14],"killed_by":"Hexaghost","ascension_level":20}