{"gold_per_floor":[116,129,141,63,63,92,92,110,187,204,204,74,85,117,117,191,191,205,218,218,236,136,136,86,119,119,154,154,164,193,209,209,280,280,299,311,25,36,52,87,98,126,126,139,149,162,162,188,188,188,188,188,135,163,163],"floor_reached":56,"playtime":6244,"items_purged":["Regret","Anger","Strike_R+1"],"score":2445,"play_id":"77c28a0d-6f65-4985-8959-7684795bc3d5","local_time":"20190628131738","is_ascension_mode":true,"campfire_choices":[{"data":"Bash","floor":7.0,"key":"SMITH"},{"data":"Corruption","floor":15.0,"key":"SMITH"},{"data":"Sentinel","floor":28,"key":"SMITH"},{"data":"Bludgeon","floor":32,"key":"SMITH"},{"floor":47,"key":"RECALL"},{"data":"Flame Barrier","floor":49,"key":"SMITH"},{"data":"Impervious","floor":52,"key":"SMITH"}],"neow_cost":"NONE","seed_source_timestamp":0,"circlet_count":0,"master_deck":["AscendersBane","Strike_R+1","Strike_R+1","Strike_R+1","Strike_R+1","Defend_R+1","Defend_R+1","Defend_R+1","Defend_R+1","Bash+1","Sever Soul","Iron Wave","Shockwave","Shrug It Off","Sentinel+1","Corruption+1","Battle Trance","Reaper","Spot Weakness","Shrug It Off","Shockwave","Body Slam","Carnage+1","Impervious","Heavy Blade+1","Entrench","Ghostly Armor+1","Bludgeon+1","Shockwave","Demon Form+1","Armaments+1","Reaper","Havoc+1","Impervious+1","Feel No Pain+1","Pummel+1","Sever Soul","Bludgeon","Heavy Blade+1","Dual Wield+1","Entrench","Flame Barrier+1","Barricade+1"],"special_seed":0,"relics":["Burning Blood","NeowsBlessing","Prayer Wheel","Happy Flower","Kunai","Bag of Preparation","Snecko Eye","Frozen Egg 2","Whetstone","Charon\u0027s Ashes","Red Skull","Mark of Pain","Centennial Puzzle","Bird Faced Urn","Pen Nib","Oddly Smooth Stone","Anchor"],"potions_floor_usage":[48,55],"damage_taken":[{"damage":0.0,"enemies":"Cultist","floor":1.0,"turns":1.0},{"damage":0.0,"enemies":"Small Slimes","floor":2.0,"turns":1.0},{"damage":0.0,"enemies":"Jaw Worm","floor":3.0,"turns":1.0},{"damage":38.0,"enemies":"3 Sentries","floor":6.0,"turns":9.0},{"damage":5.0,"enemies":"Blue Slaver","floor":8.0,"turns":4.0},{"damage":9.0,"enemies":"Looter","floor":10.0,"turns":4.0},{"damage":10.0,"enemies":"Gremlin Gang","floor":13.0,"turns":6.0},{"damage":40.0,"enemies":"Gremlin Nob","floor":14.0,"turns":5.0},{"damage":2.0,"enemies":"Hexaghost","floor":16.0,"turns":8.0},{"damage":8,"enemies":"2 Thieves","floor":18,"turns":3},{"damage":16,"enemies":"3 Byrds","floor":19,"turns":5},{"damage":0,"enemies":"Sentry and Sphere","floor":21,"turns":3},{"damage":0,"enemies":"Book of Stabbing","floor":25,"turns":3},{"damage":21,"enemies":"Slavers","floor":27,"turns":4},{"damage":10,"enemies":"Centurion and Healer","floor":29,"turns":3},{"damage":8,"enemies":"Gremlin Leader","floor":30,"turns":3},{"damage":0,"enemies":"Cultist and Chosen","floor":31,"turns":3},{"damage":16,"enemies":"Automaton","floor":33,"turns":6},{"damage":0,"enemies":"3 Darklings","floor":35,"turns":4},{"damage":15,"enemies":"3 Shapes","floor":36,"turns":2},{"damage":1,"enemies":"Writhing Mass","floor":38,"turns":4},{"damage":0,"enemies":"Jaw Worm Horde","floor":39,"turns":2},{"damage":0,"enemies":"Giant Head","floor":40,"turns":5},{"damage":0,"enemies":"Transient","floor":41,"turns":6},{"damage":14,"enemies":"Reptomancer","floor":42,"turns":5},{"damage":0,"enemies":"3 Darklings","floor":44,"turns":2},{"damage":6,"enemies":"4 Shapes","floor":45,"turns":3},{"damage":10,"enemies":"Writhing Mass","floor":46,"turns":6},{"damage":1,"enemies":"Nemesis","floor":48,"turns":5},{"damage":0,"enemies":"Time Eater","floor":50,"turns":7},{"damage":71,"enemies":"Shield and Spear","floor":54,"turns":8},{"damage":71,"enemies":"The Heart","floor":55,"turns":8}],"seed_played":"9187132083656100219","potions_obtained":[{"floor":1.0,"key":"Ancient Potion"},{"floor":3.0,"key":"BloodPotion"},{"floor":6.0,"key":"Weak Potion"},{"floor":13.0,"key":"Fruit Juice"},{"floor":19,"key":"GamblersBrew"},{"floor":30,"key":"Energy Potion"}],"is_trial":false,"path_per_floor":["M","M","M","$","?","E","R","M","T","M","?","$","M","E","R","B",null,"M","M","?","M","$","?","?","E","T","E","R","M","E","M","R","B",null,"M","M","$","M","M","E","M","E","T","M","M","M","R","E","R","B",null,"R","$","E","B",null],"character_chosen":"IRONCLAD","items_purchased":["Anger","Shrug It Off","Shrug It Off","Centennial Puzzle","PowerPotion"],"campfire_rested":0,"item_purchase_floors":[4,4,12,37,53],"current_hp_per_floor":[74,75,75,75,75,50,50,51,51,48,48,48,44,21,21,35,69,67,66,66,72,72,72,72,80,80,65,65,61,69,80,80,70,78,80,71,71,80,80,80,80,76,76,80,80,80,80,80,80,80,80,80,80,80,80],"gold":163,"neow_bonus":"THREE_ENEMY_KILL","is_prod":false,"is_daily":false,"chose_seed":false,"campfire_upgraded":6,"win_rate":0,"timestamp":1561717058,"path_taken":["M","M","?","$","?","E","R","M","T","M","?","$","M","E","R","BOSS","M","M","?","M","$","?","?","E","T","E","R","?","E","M","R","BOSS","M","M","$","M","M","E","M","E","T","M","M","M","R","E","R","BOSS","R","$","E","BOSS"],"build_version":"2019-01-23","purchased_purges":3,"victory":true,"max_hp_per_floor":[75,75,75,75,75,75,75,75,75,75,75,75,75,80,80,80,80,80,80,80,80,80,80,80,80,80,80,80,80,80,80,80,80,80,80,80,80,80,80,80,80,80,80,80,80,80,80,80,80,80,80,80,80,80,80],"card_choices":[{"not_picked":["Battle Trance","Armaments"],"picked":"Sever Soul","floor":1.0},{"not_picked":["Warcry","Havoc"],"picked":"Iron Wave","floor":2.0},{"not_picked":["Disarm","Flex"],"picked":"Shockwave","floor":3.0},{"not_picked":["Wild Strike","Thunderclap"],"picked":"Sentinel","floor":6.0},{"not_picked":["Heavy Blade","Clothesline"],"picked":"Corruption","floor":8.0},{"not_picked":["Reckless Charge","Armaments"],"picked":"Battle Trance","floor":8.0},{"not_picked":["Havoc","Cleave"],"picked":"Reaper","floor":10.0},{"not_picked":["Anger","Body Slam"],"picked":"Spot Weakness","floor":10.0},{"not_picked":["Havoc","Heavy Blade"],"picked":"Shockwave","floor":13.0},{"not_picked":["Cleave","Searing Blow"],"picked":"Body Slam","floor":13.0},{"not_picked":["True Grit","Twin Strike"],"picked":"Carnage","floor":14.0},{"not_picked":["Dark Embrace","Reaper"],"picked":"Impervious","floor":16.0},{"not_picked":["Shrug It Off","Whirlwind"],"picked":"Heavy Blade","floor":18},{"not_picked":["Twin Strike","Clothesline","Armaments"],"picked":"SKIP","floor":18},{"not_picked":["Bloodletting","Body Slam"],"picked":"Entrench","floor":19},{"not_picked":["Rampage+1","Second Wind","Battle Trance"],"picked":"SKIP","floor":19},{"not_picked":["Cleave","Rupture"],"picked":"Ghostly Armor+1","floor":21},{"not_picked":["Cleave","Evolve","Warcry"],"picked":"SKIP","floor":21},{"not_picked":["Burning Pact","Armaments","Searing Blow"],"picked":"SKIP","floor":25},{"not_picked":["Battle Trance","Clash"],"picked":"Shockwave","floor":27},{"not_picked":["Wild Strike","Dropkick+1","Cleave"],"picked":"SKIP","floor":29},{"not_picked":["Thunderclap","Flex","Rupture+1"],"picked":"SKIP","floor":29},{"not_picked":["Uppercut+1","Heavy Blade"],"picked":"Demon Form+1","floor":30},{"not_picked":["Intimidate","Pommel Strike"],"picked":"Armaments+1","floor":31},{"not_picked":["Twin Strike","Body Slam","Infernal Blade+1"],"picked":"SKIP","floor":31},{"not_picked":["Brutality+1","Impervious"],"picked":"Reaper","floor":33},{"not_picked":["Havoc","Pommel Strike+1","Twin Strike"],"picked":"SKIP","floor":35},{"not_picked":["Heavy Blade","Flex+1","Wild Strike"],"picked":"SKIP","floor":35},{"not_picked":["Twin Strike","Reckless Charge"],"picked":"Havoc+1","floor":36},{"not_picked":["Cleave","Thunderclap"],"picked":"Impervious","floor":36},{"not_picked":["Anger","Heavy Blade+1"],"picked":"Feel No Pain+1","floor":38},{"not_picked":["Sword Boomerang","Armaments+1"],"picked":"Pummel+1","floor":38},{"not_picked":["Inflame+1","Thunderclap"],"picked":"Sever Soul","floor":39},{"not_picked":["Wild Strike+1","Metallicize+1","Havoc"],"picked":"SKIP","floor":39},{"not_picked":["Seeing Red","Warcry+1"],"picked":"Bludgeon","floor":40},{"not_picked":["Havoc+1","Pommel Strike"],"picked":"Heavy Blade+1","floor":41},{"not_picked":["Pommel Strike","Warcry","Pummel"],"picked":"SKIP","floor":41},{"not_picked":["Anger","Thunderclap"],"picked":"Dual Wield+1","floor":42},{"not_picked":["Metallicize+1","Rage"],"picked":"Entrench","floor":44},{"not_picked":["Dual Wield","Brutality+1","Clash"],"picked":"SKIP","floor":44},{"not_picked":["Thunderclap","Warcry","Headbutt"],"picked":"SKIP","floor":45},{"not_picked":["Entrench+1","Flex","Body Slam"],"picked":"SKIP","floor":45},{"not_picked":["Dropkick","Rampage"],"picked":"Flame Barrier","floor":46},{"not_picked":["Searing Blow+1","Havoc","Heavy Blade"],"picked":"SKIP","floor":46},{"not_picked":["Clash+1","Cleave+1","True Grit"],"picked":"SKIP","floor":48},{"not_picked":["Warcry+1","Dropkick+1"],"picked":"Barricade+1","floor":54}],"player_experience":627980,"relics_obtained":[{"floor":6.0,"key":"Happy Flower"},{"floor":9.0,"key":"Kunai"},{"floor":14.0,"key":"Bag of Preparation"},{"floor":25,"key":"Frozen Egg 2"},{"floor":26,"key":"Whetstone"},{"floor":27,"key":"Charon\u0027s Ashes"},{"floor":30,"key":"Red Skull"},{"floor":40,"key":"Bird Faced Urn"},{"floor":42,"key":"Pen Nib"},{"floor":48,"key":"Oddly Smooth Stone"},{"floor":54,"key":"Anchor"}],"event_choices":[{"damage_healed":0.0,"max_hp_gain":0.0,"max_hp_loss":0.0,"gold_gain":0.0,"event_name":"Big Fish","player_choice":"Box","floor":5.0,"gold_loss":0.0,"damage_taken":0.0,"relics_obtained":["Prayer Wheel"],"cards_obtained":["Regret"]},{"damage_healed":0.0,"max_hp_gain":0.0,"max_hp_loss":0.0,"gold_gain":0.0,"event_name":"Liars Game","player_choice":"Ignored","floor":11.0,"gold_loss":0.0,"damage_taken":0.0},{"damage_healed":0,"gold_gain":0,"player_choice":"Simplicity","damage_taken":0,"max_hp_gain":0,"max_hp_loss":0,"event_name":"Back to Basics","floor":20,"gold_loss":0,"cards_upgraded":["Strike_R","Strike_R","Strike_R","Strike_R","Strike_R","Defend_R","Defend_R","Defend_R","Defend_R"]},{"damage_healed":0,"gold_gain":0,"player_choice":"Read","damage_taken":0,"max_hp_gain":0,"max_hp_loss":0,"event_name":"The Library","floor":23,"gold_loss":0,"cards_obtained":["Bludgeon"]},{"damage_healed":0,"gold_gain":0,"player_choice":"Bet on Murderer","damage_taken":0,"max_hp_gain":0,"max_hp_loss":0,"event_name":"The Joust","floor":24,"gold_loss":50}],"is_beta":false,"boss_relics":[{"not_picked":["Cursed Key","Velvet Choker"],"picked":"Snecko Eye"},{"not_picked":["Calling Bell","Busted Crown"],"picked":"Mark of Pain"}],"items_purged_floors":[12,22,37],"is_endless":false,"potions_floor_spawned":[1,3,6,10,13,19,27,30,31,33,38,40,41,46],"ascension_level":19}