{"gold_per_floor":[20,32,49,59,134,134,149,174,227,246,246,316,350,369,369,443,443,461,511,511,214,231,265,265,282,282,282,24,24,59,75,75,154,154,172,89,89,108,108,108,140,152,152,184,194,194,209,236,236,236,236,236,236,3,37,37],"floor_reached":57,"playtime":10296,"items_purged":["Strike_B","Strike_B+1","Sunder"],"score":2959,"play_id":"23baef16-28ef-4094-88a4-ec455193f5a4","local_time":"20190717012125","is_ascension_mode":true,"campfire_choices":[{"data":"Zap","floor":6.0,"key":"SMITH"},{"floor":11.0,"key":"REST"},{"floor":15.0,"key":"REST"},{"floor":24.0,"key":"RECALL"},{"floor":29.0,"key":"REST"},{"floor":32.0,"key":"REST"},{"floor":40.0,"key":"REST"},{"floor":49.0,"key":"REST"},{"floor":53.0,"key":"REST"}],"neow_cost":"NO_GOLD","seed_source_timestamp":240464856335975,"circlet_count":0,"master_deck":["AscendersBane","Defend_B+1","Defend_B+1","Defend_B+1","Defend_B+1","Zap+1","Dualcast","Tempest","Cold Snap","Sunder","Go for the Eyes","Hologram","Glacier","Chill+1","Capacitor+1","Coolheaded","Biased Cognition+1","Self Repair+1","Coolheaded","Genetic Algorithm","Cold Snap","Force Field","Creative AI+1","Decay","Clumsy","Parasite","Hologram","Defragment+1","Capacitor+1","Writhe","Cold Snap","Cold Snap+1","Defragment+1","Coolheaded"],"special_seed":0,"relics":["Cracked Core","Frozen Egg 2","Centennial Puzzle","Blue Candle","Fusion Hammer","ClockworkSouvenir","Bag of Marbles","Bag of Preparation","Lantern","Calling Bell","Oddly Smooth Stone","Matryoshka","Dead Branch","Unceasing Top","DataDisk","Dream Catcher","Smiling Mask","The Courier","DollysMirror","Art of War"],"potions_floor_usage":[56],"damage_taken":[{"damage":10.0,"enemies":"Small Slimes","floor":1.0,"turns":3.0},{"damage":0.0,"enemies":"Jaw Worm","floor":2.0,"turns":3.0},{"damage":0.0,"enemies":"Cultist","floor":3.0,"turns":2.0},{"damage":2.0,"enemies":"Blue Slaver","floor":4.0,"turns":3.0},{"damage":6.0,"enemies":"Large Slime","floor":7.0,"turns":3.0},{"damage":23.0,"enemies":"Lagavulin","floor":8.0,"turns":8.0},{"damage":7.0,"enemies":"Red Slaver","floor":10.0,"turns":2.0},{"damage":10.0,"enemies":"3 Sentries","floor":13.0,"turns":7.0},{"damage":4.0,"enemies":"3 Louse","floor":14.0,"turns":2.0},{"damage":2.0,"enemies":"The Guardian","floor":16.0,"turns":15.0},{"damage":0.0,"enemies":"Shell Parasite","floor":18.0,"turns":5.0},{"damage":0.0,"enemies":"Chosen","floor":22.0,"turns":5.0},{"damage":13.0,"enemies":"Slavers","floor":23.0,"turns":7.0},{"damage":1.0,"enemies":"3 Cultists","floor":25.0,"turns":5.0},{"damage":17.0,"enemies":"Book of Stabbing","floor":30.0,"turns":7.0},{"damage":0.0,"enemies":"Chosen and Byrds","floor":31.0,"turns":5.0},{"damage":12.0,"enemies":"Automaton","floor":33.0,"turns":13.0},{"damage":2.0,"enemies":"3 Darklings","floor":35.0,"turns":7.0},{"damage":1.0,"enemies":"3 Shapes","floor":38.0,"turns":5.0},{"damage":23.0,"enemies":"Reptomancer","floor":41.0,"turns":5.0},{"damage":2.0,"enemies":"Sphere and 2 Shapes","floor":42.0,"turns":5.0},{"damage":6.0,"enemies":"Nemesis","floor":44.0,"turns":9.0},{"damage":2.0,"enemies":"Spire Growth","floor":45.0,"turns":8.0},{"damage":2.0,"enemies":"4 Shapes","floor":47.0,"turns":7.0},{"damage":8.0,"enemies":"Giant Head","floor":48.0,"turns":10.0},{"damage":7.0,"enemies":"Time Eater","floor":50.0,"turns":22.0},{"damage":3.0,"enemies":"Awakened One","floor":51.0,"turns":27.0},{"damage":2,"enemies":"Shield and Spear","floor":55,"turns":13},{"damage":28,"enemies":"The Heart","floor":56,"turns":13}],"seed_played":"-4281012585260603976","potions_obtained":[{"floor":1.0,"key":"Block Potion"},{"floor":3.0,"key":"Weak Potion"},{"floor":4.0,"key":"Explosive Potion"},{"floor":8.0,"key":"Swift Potion"},{"floor":14.0,"key":"EssenceOfSteel"},{"floor":23.0,"key":"SteroidPotion"},{"floor":30.0,"key":"Dexterity Potion"},{"floor":33.0,"key":"Swift Potion"},{"floor":44.0,"key":"GamblersBrew"},{"floor":45.0,"key":"Block Potion"}],"is_trial":false,"path_per_floor":["M","M","M","M","?","R","M","E","T","M","R","?","E","M","R","B",null,"M","?","?","$","M","E","R","M","T","?","$","R","E","M","R","B",null,"M","$","?","M","?","R","E","M","T","E","M","?","M","E","R","B","B",null,"R","$","E","B",null],"character_chosen":"DEFECT","items_purchased":["ClockworkSouvenir","Bag of Preparation","Defragment+1","DollysMirror"],"campfire_rested":7,"item_purchase_floors":[21,28,36,54],"current_hp_per_floor":[54,54,54,52,41,41,35,12,12,5,26,26,16,12,33,31,61,61,61,61,61,71,68,68,71,71,71,71,71,64,71,71,69,71,71,71,67,71,71,71,58,66,66,70,71,71,71,71,71,71,71,71,71,71,71,53],"gold":37,"neow_bonus":"TRANSFORM_TWO_CARDS","is_prod":false,"is_daily":false,"chose_seed":false,"campfire_upgraded":1,"win_rate":0,"timestamp":1563315685,"path_taken":["M","M","M","M","?","R","M","E","T","M","R","?","E","M","R","BOSS","M","?","?","$","?","E","R","M","T","?","$","R","E","M","R","BOSS","M","$","?","?","?","R","E","M","T","E","M","?","M","E","R","BOSS","BOSS","R","$","E","BOSS"],"build_version":"2019-07-05","purchased_purges":3,"victory":true,"max_hp_per_floor":[71,71,71,71,71,71,71,71,71,71,71,71,71,71,71,71,71,71,71,71,71,71,71,71,71,71,71,71,71,71,71,71,71,71,71,71,71,71,71,71,71,71,71,71,71,71,71,71,71,71,71,71,71,71,71,71],"card_choices":[{"not_picked":["Skim","Fusion"],"picked":"Cold Snap","floor":1.0},{"not_picked":["Steam","Force Field"],"picked":"Sunder","floor":2.0},{"not_picked":["Turbo","Sweeping Beam"],"picked":"Go for the Eyes","floor":3.0},{"not_picked":["Turbo","Storm"],"picked":"Hologram","floor":4.0},{"not_picked":["Rebound","Fusion"],"picked":"Glacier","floor":7.0},{"not_picked":["Barrage","Consume"],"picked":"Chill","floor":8.0},{"not_picked":["Conserve Battery","Hologram"],"picked":"Capacitor+1","floor":10.0},{"not_picked":["Steam Power","Hyperbeam","Doom and Gloom"],"picked":"SKIP","floor":13.0},{"not_picked":["Redo","Beam Cell"],"picked":"Coolheaded","floor":14.0},{"not_picked":["Amplify","Thunder Strike"],"picked":"Biased Cognition+1","floor":16.0},{"not_picked":["Double Energy+1","Ball Lightning"],"picked":"Self Repair+1","floor":18.0},{"not_picked":["Undo","Sweeping Beam"],"picked":"Coolheaded","floor":22.0},{"not_picked":["Darkness","Hologram"],"picked":"Genetic Algorithm","floor":23.0},{"not_picked":["Doom and Gloom+1","Barrage"],"picked":"Cold Snap","floor":25.0},{"not_picked":["Self Repair+1","Double Energy"],"picked":"Force Field","floor":30.0},{"not_picked":["Go for the Eyes","Leap","Recycle"],"picked":"SKIP","floor":31.0},{"not_picked":["Machine Learning+1","Amplify"],"picked":"Creative AI+1","floor":33.0},{"not_picked":["Stack","Scrape"],"picked":"Hologram","floor":35.0},{"not_picked":["Redo+1","Sweeping Beam"],"picked":"Capacitor+1","floor":38.0},{"not_picked":["Streamline+1","Steam Power","Hello World+1"],"picked":"SKIP","floor":41.0},{"not_picked":["FTL","Beam Cell","Sweeping Beam+1"],"picked":"SKIP","floor":42.0},{"not_picked":["Gash","Fusion"],"picked":"Cold Snap","floor":44.0},{"not_picked":["Sunder","Compile Driver","Gash"],"picked":"SKIP","floor":45.0},{"not_picked":["Gash","Beam Cell","All For One"],"picked":"SKIP","floor":47.0},{"not_picked":["Recycle","Redo"],"picked":"Cold Snap+1","floor":48.0},{"not_picked":["Sweeping Beam","Beam Cell+1"],"picked":"Coolheaded","floor":55}],"player_experience":728560,"relics_obtained":[{"floor":8.0,"key":"Frozen Egg 2"},{"floor":9.0,"key":"Centennial Puzzle"},{"floor":13.0,"key":"Blue Candle"},{"floor":23.0,"key":"Bag of Marbles"},{"floor":30.0,"key":"Lantern"},{"floor":34.0,"key":"Oddly Smooth Stone"},{"floor":34.0,"key":"Matryoshka"},{"floor":34.0,"key":"Dead Branch"},{"floor":41.0,"key":"Unceasing Top"},{"floor":43.0,"key":"DataDisk"},{"floor":43.0,"key":"Dream Catcher"},{"floor":44.0,"key":"Smiling Mask"},{"floor":48.0,"key":"The Courier"},{"floor":55,"key":"Art of War"}],"event_choices":[{"damage_healed":0.0,"max_hp_gain":0.0,"max_hp_loss":0.0,"gold_gain":75.0,"event_name":"World of Goop","player_choice":"Gather Gold","floor":5.0,"gold_loss":0.0,"damage_taken":11.0},{"damage_healed":0.0,"max_hp_gain":0.0,"max_hp_loss":0.0,"gold_gain":70.0,"event_name":"Golden Wing","player_choice":"Gained Gold","floor":12.0,"gold_loss":0.0,"damage_taken":0.0},{"damage_healed":0.0,"max_hp_gain":0.0,"max_hp_loss":0.0,"gold_gain":50.0,"event_name":"Nest","player_choice":"Stole From Cult","floor":19.0,"gold_loss":0.0,"damage_taken":0.0},{"damage_healed":0.0,"max_hp_gain":0.0,"max_hp_loss":0.0,"gold_gain":0.0,"event_name":"Upgrade Shrine","player_choice":"Upgraded","floor":20.0,"gold_loss":0.0,"damage_taken":0.0,"cards_upgraded":["Chill"]},{"damage_healed":0.0,"max_hp_gain":0.0,"max_hp_loss":0.0,"gold_gain":0.0,"event_name":"Back to Basics","player_choice":"Simplicity","floor":27.0,"gold_loss":0.0,"damage_taken":0.0,"cards_upgraded":["Strike_B","Defend_B","Defend_B","Defend_B","Defend_B"]},{"damage_healed":0.0,"max_hp_gain":0.0,"max_hp_loss":0.0,"gold_gain":0.0,"event_name":"The Woman in Blue","player_choice":"Bought 0 Potions","floor":37.0,"gold_loss":0.0,"damage_taken":0.0},{"damage_healed":14.0,"max_hp_gain":0.0,"max_hp_loss":0.0,"gold_gain":0.0,"event_name":"Winding Halls","player_choice":"Writhe","floor":39.0,"gold_loss":0.0,"damage_taken":0.0,"cards_obtained":["Writhe"]},{"damage_healed":0.0,"max_hp_gain":0.0,"max_hp_loss":0.0,"gold_gain":0.0,"event_name":"SecretPortal","player_choice":"Ignored","floor":46.0,"gold_loss":0.0,"damage_taken":0.0}],"is_beta":false,"boss_relics":[{"not_picked":["Ectoplasm","Cursed Key"],"picked":"Fusion Hammer"},{"not_picked":["Astrolabe","Runic Dome"],"picked":"Calling Bell"}],"items_purged_floors":[21,28,54],"is_endless":false,"potions_floor_spawned":[1,3,4,8,14,23,30,33,42,44,45,48],"ascension_level":20}