{"gold_per_floor":[118,133,133,153,168,203,94,108,108,108,121,136,136],"floor_reached":13,"playtime":1421,"items_purged":[],"score":89,"play_id":"09147212-ec4f-47ab-8a83-5ef017f8678e","local_time":"20190719143733","is_ascension_mode":false,"campfire_choices":[{"floor":10,"key":"REST"}],"neow_cost":"NONE","seed_source_timestamp":671204041967200,"circlet_count":0,"master_deck":["Strike_G","Strike_G","Strike_G+1","Strike_G","Strike_G","Defend_G","Defend_G","Defend_G","Defend_G","Defend_G","Survivor","Neutralize+1","Skewer","Bouncing Flask","Blur","Quick Slash","Noxious Fumes","Bouncing Flask","Crippling Poison","Malaise","Deflect"],"relics":["Ring of the Snake","Whetstone","Unceasing Top","Paper Crane","Darkstone Periapt"],"potions_floor_usage":[12,13],"damage_taken":[{"damage":0,"enemies":"2 Louse","floor":1,"turns":2},{"damage":0,"enemies":"Cultist","floor":2,"turns":3},{"damage":0,"enemies":"Jaw Worm","floor":4,"turns":3},{"damage":11,"enemies":"3 Louse","floor":5,"turns":2},{"damage":18,"enemies":"Gremlin Nob","floor":6,"turns":5},{"damage":28,"enemies":"Exordium Thugs","floor":8,"turns":4},{"damage":21,"enemies":"Gremlin Gang","floor":11,"turns":4},{"damage":5,"enemies":"Red Slaver","floor":12,"turns":4},{"damage":11,"enemies":"Lagavulin","floor":13,"turns":5}],"seed_played":"-4489861068784505783","potions_obtained":[{"floor":2,"key":"Explosive Potion"},{"floor":8,"key":"Fire Potion"},{"floor":11,"key":"GamblersBrew"},{"floor":12,"key":"Fire Potion"}],"is_trial":false,"path_per_floor":["M","M","?","M","M","E","$","M","T","R","M","M","E"],"character_chosen":"THE_SILENT","items_purchased":["Noxious Fumes","Bouncing Flask"],"campfire_rested":1,"item_purchase_floors":[7,7],"current_hp_per_floor":[70,70,70,70,59,41,41,13,13,34,13,8,0],"gold":136,"neow_bonus":"RANDOM_COMMON_RELIC","is_prod":false,"is_daily":false,"chose_seed":false,"campfire_upgraded":0,"win_rate":0.0,"timestamp":1563543453,"path_taken":["M","M","?","?","M","E","$","M","T","R","M","M","E"],"build_version":"2019-07-17","purchased_purges":0,"victory":false,"max_hp_per_floor":[70,70,70,70,70,70,70,70,70,70,70,70,70],"card_choices":[{"not_picked":["Dagger Throw","Sucker Punch"],"picked":"Skewer","floor":1},{"not_picked":["Catalyst","Slice"],"picked":"Bouncing Flask","floor":2},{"not_picked":["All Out Attack","Dodge and Roll","Reflex"],"picked":"SKIP","floor":4},{"not_picked":["Poisoned Stab","Underhanded Strike"],"picked":"Blur","floor":5},{"not_picked":["Escape Plan","Acrobatics"],"picked":"Quick Slash","floor":6},{"not_picked":["Underhanded Strike","Outmaneuver"],"picked":"Crippling Poison","floor":8},{"not_picked":["Outmaneuver","Slice"],"picked":"Malaise","floor":11},{"not_picked":["Riddle With Holes","Sucker Punch"],"picked":"Deflect","floor":12}],"player_experience":342284,"relics_obtained":[{"floor":6,"key":"Paper Crane"},{"floor":9,"key":"Darkstone Periapt"}],"event_choices":[{"damage_healed":0,"gold_gain":0,"player_choice":"Gave Potion","damage_taken":0,"relics_obtained":["Unceasing Top"],"max_hp_gain":0,"max_hp_loss":0,"event_name":"WeMeetAgain","floor":3,"gold_loss":0}],"is_beta":false,"boss_relics":[],"items_purged_floors":[],"is_endless":false,"potions_floor_spawned":[2,8,11,12],"killed_by":"Lagavulin","ascension_level":0}