{"gold_per_floor":[366,22,39,54,54,54,68,68,93,113,144,69,69,102,102,176,176,196,47,60,74,74,74,74],"floor_reached":24,"playtime":3138,"items_purged":["Rampage"],"score":427,"play_id":"27caeb6a-49a8-431c-85e7-5d3edcd3be2b","local_time":"20190627151713","is_ascension_mode":true,"campfire_choices":[{"data":"Bash","floor":6,"key":"SMITH"},{"data":"Havoc","floor":8,"key":"SMITH"},{"data":"Shockwave","floor":13,"key":"SMITH"},{"data":"Clothesline","floor":15,"key":"SMITH"},{"floor":23,"key":"REST"}],"neow_cost":"CURSE","seed_source_timestamp":1247920195513597,"circlet_count":0,"master_deck":["AscendersBane","Bash+1","Pommel Strike","Headbutt","Havoc+1","Twin Strike","Shockwave+1","Clothesline+1","Exhume","Berserk","Dual Wield","Barricade","Corruption","Body Slam","Entrench","Clash","Spot Weakness"],"relics":["Burning Blood","Dead Branch","Pen Nib","Lantern","Unceasing Top","Pandora\u0027s Box"],"potions_floor_usage":[11,16,24,24],"damage_taken":[{"damage":7,"enemies":"Jaw Worm","floor":1,"turns":3},{"damage":10,"enemies":"Small Slimes","floor":3,"turns":3},{"damage":0,"enemies":"2 Louse","floor":4,"turns":4},{"damage":19,"enemies":"Gremlin Gang","floor":7,"turns":4},{"damage":13,"enemies":"Large Slime","floor":10,"turns":3},{"damage":16,"enemies":"Gremlin Nob","floor":11,"turns":3},{"damage":10,"enemies":"Lagavulin","floor":14,"turns":5},{"damage":29,"enemies":"Hexaghost","floor":16,"turns":9},{"damage":25,"enemies":"3 Byrds","floor":18,"turns":4},{"damage":22,"enemies":"2 Thieves","floor":20,"turns":2},{"damage":13,"enemies":"Cultist and Chosen","floor":21,"turns":5},{"damage":57,"enemies":"Gremlin Leader","floor":24,"turns":4}],"seed_played":"4578167289148359414","potions_obtained":[{"floor":10,"key":"Strength Potion"},{"floor":14,"key":"Regen Potion"},{"floor":18,"key":"SpeedPotion"},{"floor":21,"key":"BloodPotion"},{"floor":22,"key":"Fruit Juice"},{"floor":22,"key":"EssenceOfSteel"}],"is_trial":false,"path_per_floor":["M","$","M","M","?","R","M","R","T","M","E","?","R","E","R","B",null,"M","$","M","M","?","R","E"],"character_chosen":"IRONCLAD","items_purchased":["Dead Branch","Spot Weakness"],"campfire_rested":1,"item_purchase_floors":[2,19],"current_hp_per_floor":[67,67,63,69,69,69,56,56,56,49,39,39,39,35,35,21,62,43,43,27,20,20,42,0],"gold":74,"neow_bonus":"TWO_FIFTY_GOLD","is_prod":false,"is_daily":false,"chose_seed":false,"campfire_upgraded":4,"win_rate":0,"timestamp":1561637833,"path_taken":["M","$","M","M","?","R","M","R","T","M","E","?","R","E","R","BOSS","M","$","M","M","?","R","E"],"build_version":"2019-01-23","purchased_purges":1,"victory":false,"max_hp_per_floor":[75,75,75,75,75,75,75,75,75,75,75,75,75,75,75,75,75,75,75,75,75,75,75,80],"card_choices":[{"not_picked":["Warcry","Shockwave"],"picked":"Pommel Strike","floor":1},{"not_picked":["True Grit","Heavy Blade"],"picked":"Headbutt","floor":3},{"not_picked":["Fire Breathing","Pummel"],"picked":"Havoc","floor":4},{"not_picked":["Thunderclap","Searing Blow","Wild Strike"],"picked":"SKIP","floor":7},{"not_picked":["Thunderclap","Searing Blow","Wild Strike"],"picked":"SKIP","floor":7},{"not_picked":["Anger","Clothesline"],"picked":"Twin Strike","floor":10},{"not_picked":["Rampage","Havoc"],"picked":"Shockwave","floor":11},{"not_picked":["Flex","Pommel Strike"],"picked":"Clothesline","floor":14},{"not_picked":["Fiend Fire","Immolate"],"picked":"Exhume","floor":16},{"not_picked":["Clash","Headbutt","Twin Strike"],"picked":"SKIP","floor":18},{"not_picked":["Cleave","Bloodletting","Clash"],"picked":"SKIP","floor":20},{"not_picked":["Wild Strike","Dropkick+1","Cleave"],"picked":"SKIP","floor":21}],"player_experience":597422,"relics_obtained":[{"floor":9,"key":"Pen Nib"},{"floor":11,"key":"Lantern"},{"floor":14,"key":"Unceasing Top"}],"event_choices":[{"cards_removed":["Shame"],"damage_healed":0,"gold_gain":0,"player_choice":"Forget","damage_taken":0,"max_hp_gain":0,"max_hp_loss":0,"event_name":"Living Wall","floor":5,"gold_loss":0},{"cards_removed":["Strike_R"],"damage_healed":0,"gold_gain":0,"player_choice":"Card Removal","damage_taken":0,"max_hp_gain":0,"max_hp_loss":0,"event_name":"The Cleric","floor":12,"gold_loss":75},{"damage_healed":0,"gold_gain":0,"player_choice":"Got Potions","damage_taken":0,"max_hp_gain":0,"max_hp_loss":0,"event_name":"Lab","floor":22,"gold_loss":0}],"is_beta":false,"boss_relics":[{"not_picked":["Orrery","Calling Bell"],"picked":"Pandora\u0027s Box"}],"items_purged_floors":[19],"is_endless":false,"potions_floor_spawned":[10,14,18,21],"killed_by":"Gremlin Leader","ascension_level":17}