{"gold_per_floor":[112,112,112,112,56,56,56,86,86,102,123,139,139,172,172,172],"floor_reached":16,"playtime":603,"items_purged":[],"score":262,"play_id":"7f8e71ee-13d1-4ec5-8c91-07b72ee3a6e8","local_time":"20190721210826","is_ascension_mode":true,"campfire_choices":[{"data":"Predator","floor":6.0,"key":"SMITH"},{"floor":13.0,"key":"REST"},{"floor":15.0,"key":"DIG"}],"neow_cost":"NONE","seed_source_timestamp":166027745134325,"circlet_count":0,"master_deck":["AscendersBane","Strike_G+1","Strike_G","Strike_G","Strike_G","Defend_G","Defend_G","Defend_G","Defend_G","Defend_G","Survivor","Neutralize+1","Predator+1","Quick Slash","Backstab","Backflip","Backflip"],"special_seed":0,"relics":["Ring of the Snake","NeowsBlessing","Singing Bowl","Shovel","Frozen Egg 2","Odd Mushroom","Bag of Marbles","PreservedInsect"],"potions_floor_usage":[16,16],"damage_taken":[{"damage":0.0,"enemies":"Small Slimes","floor":1.0,"turns":1.0},{"damage":0.0,"enemies":"Lagavulin","floor":8.0,"turns":1.0},{"damage":0.0,"enemies":"Jaw Worm","floor":10.0,"turns":1.0},{"damage":13.0,"enemies":"The Mushroom Lair","floor":11.0,"turns":5.0},{"damage":0.0,"enemies":"2 Louse","floor":12.0,"turns":3.0},{"damage":6.0,"enemies":"Gremlin Nob","floor":14.0,"turns":3.0},{"damage":45,"enemies":"Slime Boss","floor":16,"turns":6}],"seed_played":"-3160767201121172464","potions_obtained":[{"floor":10.0,"key":"Energy Potion"},{"floor":11.0,"key":"FearPotion"}],"is_trial":false,"path_per_floor":["M","?","?","?","$","R","T","E","T","M","?","M","R","E","R","B"],"character_chosen":"THE_SILENT","items_purchased":["PowerPotion"],"campfire_rested":1,"item_purchase_floors":[5],"current_hp_per_floor":[59,52,32,32,32,32,32,32,32,34,21,21,41,35,35,0],"gold":172,"neow_bonus":"THREE_ENEMY_KILL","is_prod":false,"is_daily":false,"chose_seed":false,"campfire_upgraded":1,"win_rate":0,"timestamp":1563732506,"path_taken":["M","?","?","?","?","R","?","E","T","?","?","M","R","E","R","BOSS"],"build_version":"2019-07-17","purchased_purges":0,"victory":false,"max_hp_per_floor":[66,66,66,66,66,66,66,66,66,68,68,68,68,68,68,68],"card_choices":[{"not_picked":["Prepared","Dagger Spray"],"picked":"Predator","floor":1.0},{"not_picked":["Blade Dance","Dodge and Roll"],"picked":"Quick Slash","floor":8.0},{"not_picked":["Unload","Sucker Punch","Blade Dance"],"picked":"Singing Bowl","floor":10.0},{"not_picked":["Slice","Eviscerate"],"picked":"Backstab","floor":11.0},{"not_picked":["Dagger Throw","Flying Knee"],"picked":"Backflip","floor":12.0},{"not_picked":["Calculated Gamble","Slice"],"picked":"Backflip","floor":14.0}],"player_experience":869253,"relics_obtained":[{"floor":7.0,"key":"Singing Bowl"},{"floor":8.0,"key":"Shovel"},{"floor":9.0,"key":"Frozen Egg 2"},{"floor":11.0,"key":"Odd Mushroom"},{"floor":14.0,"key":"Bag of Marbles"},{"floor":15.0,"key":"PreservedInsect"}],"event_choices":[{"cards_removed":["Strike_G"],"damage_healed":0.0,"max_hp_gain":0.0,"max_hp_loss":0.0,"gold_gain":0.0,"event_name":"Golden Wing","player_choice":"Card Removal","floor":2.0,"gold_loss":0.0,"damage_taken":7.0},{"damage_healed":0.0,"max_hp_gain":0.0,"max_hp_loss":0.0,"gold_gain":0.0,"event_name":"Shining Light","player_choice":"Entered Light","floor":3.0,"gold_loss":0.0,"damage_taken":20.0,"cards_upgraded":["Neutralize","Strike_G"]},{"damage_healed":0.0,"max_hp_gain":0.0,"max_hp_loss":0.0,"gold_gain":0.0,"event_name":"Liars Game","player_choice":"Ignored","floor":4.0,"gold_loss":0.0,"damage_taken":0.0},{"damage_healed":0.0,"max_hp_gain":0.0,"max_hp_loss":0.0,"gold_gain":0.0,"event_name":"Mushrooms","player_choice":"Fought Mushrooms","floor":11.0,"gold_loss":0.0,"damage_taken":0.0}],"is_beta":false,"boss_relics":[],"items_purged_floors":[],"is_endless":false,"potions_floor_spawned":[10,11,14],"killed_by":"Slime Boss","ascension_level":20}