{"gold_per_floor":[111,126,145,43,60,93,123,156,156,490,590,590,623,633,633,730,730,741,758,251,251,176,207,222,5,5,19,19,46,63,98,98,200,200,212,212,263,263,274,304,304,338,361,375,391,391,402,98,98,98,98,98,3,33,33],"floor_reached":56,"playtime":9088,"items_purged":["Strike_B","Strike_B","Strike_B"],"score":2083,"play_id":"f01d92e6-81c0-4a6b-b671-dcfc9ce2ffd1","local_time":"20190621020338","is_ascension_mode":true,"campfire_choices":[{"floor":12.0,"key":"REST"},{"data":"Defragment","floor":15.0,"key":"SMITH"},{"data":"Chill","floor":28.0,"key":"SMITH"},{"data":"Master of Strategy","floor":32.0,"key":"SMITH"},{"data":"Capacitor","floor":41.0,"key":"SMITH"},{"data":"Echo Form","floor":46,"key":"SMITH"},{"floor":49,"key":"RECALL"},{"data":"Capacitor","floor":52,"key":"SMITH"}],"neow_cost":"NONE","seed_source_timestamp":675851666823121,"circlet_count":0,"master_deck":["Defend_B","Defend_B","Defend_B","Defend_B","Zap","Dualcast","Chill+1","Cold Snap","FTL","Genetic Algorithm","Melter","Streamline","Buffer","Defragment+1","Ball Lightning","Buffer","Glacier","Echo Form+1","Self Repair","Turbo","Force Field+1","Master of Strategy+1","Consume","Hologram+1","Capacitor+1","Conserve Battery","Dark Shackles","Backflip","Calculated Gamble","Backflip","Go for the Eyes+1","Madness+1","Madness","Body Slam","PiercingWail+1","Armaments+1","Steam+1","Body Slam+1","Steam+1","Spot Weakness+1","Seek","Heatsinks","Capacitor+1","Defragment"],"special_seed":0,"relics":["Cracked Core","NeowsBlessing","Prayer Wheel","Odd Mushroom","Orichalcum","Bottled Tornado","Old Coin","Gremlin Horn","Sozu","Membership Card","Vajra","Juzu Bracelet","Kunai","PrismaticShard","Turnip","The Courier","Bottled Lightning","Runic Pyramid","Blood Vial","Thread and Needle","Letter Opener","War Paint","ClockworkSouvenir","Cables","Emotion Chip"],"potions_floor_usage":[],"damage_taken":[{"damage":0.0,"enemies":"Cultist","floor":1.0,"turns":1.0},{"damage":0.0,"enemies":"2 Louse","floor":2.0,"turns":1.0},{"damage":0.0,"enemies":"Small Slimes","floor":3.0,"turns":1.0},{"damage":3.0,"enemies":"Red Slaver","floor":5.0,"turns":4.0},{"damage":18.0,"enemies":"Lagavulin","floor":6.0,"turns":6.0},{"damage":15.0,"enemies":"The Mushroom Lair","floor":7.0,"turns":4.0},{"damage":0.0,"enemies":"Gremlin Nob","floor":8.0,"turns":3.0},{"damage":11.0,"enemies":"Lagavulin","floor":10.0,"turns":6.0},{"damage":0.0,"enemies":"Gremlin Nob","floor":13.0,"turns":5.0},{"damage":4.0,"enemies":"Blue Slaver","floor":14.0,"turns":3.0},{"damage":28.0,"enemies":"Hexaghost","floor":16.0,"turns":10.0},{"damage":6.0,"enemies":"Shell Parasite","floor":18.0,"turns":6.0},{"damage":6.0,"enemies":"Chosen","floor":19.0,"turns":6.0},{"damage":14.0,"enemies":"Book of Stabbing","floor":23.0,"turns":7.0},{"damage":24.0,"enemies":"Snake Plant","floor":24.0,"turns":4.0},{"damage":0.0,"enemies":"Snecko","floor":27.0,"turns":9.0},{"damage":16.0,"enemies":"Slavers","floor":29.0,"turns":9.0},{"damage":0.0,"enemies":"Chosen and Byrds","floor":30.0,"turns":13.0},{"damage":0.0,"enemies":"Gremlin Leader","floor":31.0,"turns":12.0},{"damage":0.0,"enemies":"Champ","floor":33.0,"turns":12.0},{"damage":1.0,"enemies":"Orb Walker","floor":35.0,"turns":5.0},{"damage":16.0,"enemies":"2 Orb Walkers","floor":37.0,"turns":7.0},{"damage":0.0,"enemies":"3 Shapes","floor":39.0,"turns":4.0},{"damage":0.0,"enemies":"Nemesis","floor":40.0,"turns":9.0},{"damage":0.0,"enemies":"Reptomancer","floor":42.0,"turns":8.0},{"damage":0,"enemies":"Writhing Mass","floor":44,"turns":7},{"damage":0,"enemies":"Jaw Worm Horde","floor":45,"turns":4},{"damage":0,"enemies":"Spire Growth","floor":47,"turns":6},{"damage":6,"enemies":"Time Eater","floor":50,"turns":12},{"damage":0,"enemies":"Shield and Spear","floor":54,"turns":7},{"damage":22,"enemies":"The Heart","floor":55,"turns":13}],"seed_played":"-1515891620224097280","potions_obtained":[{"floor":1.0,"key":"GamblersBrew"},{"floor":5.0,"key":"SkillPotion"},{"floor":6.0,"key":"FearPotion"},{"floor":7.0,"key":"AttackPotion"},{"floor":8.0,"key":"FearPotion"},{"floor":16.0,"key":"Weak Potion"}],"is_trial":false,"path_per_floor":["M","M","M","$","M","E","?","E","T","E","?","R","E","M","R","B",null,"M","M","$","?","?","E","M","$","T","M","R","E","M","E","R","B",null,"M","?","?","?","M","E","R","E","T","M","M","R","M","$","R","B",null,"R","$","E","B",null],"character_chosen":"DEFECT","items_purchased":["Genetic Algorithm","Melter","Membership Card","Master of Strategy","Vajra","Juzu Bracelet","Consume","Capacitor","PrismaticShard","Conserve Battery","Seek","Heatsinks","Capacitor","ClockworkSouvenir","Cables","Defragment"],"campfire_rested":1,"item_purchase_floors":[4,4,20,20,20,20,20,25,25,25,48,48,48,48,48,53],"current_hp_per_floor":[68,68,68,68,65,47,32,32,32,21,21,43,43,39,39,11,59,53,61,61,47,47,40,23,23,23,37,37,35,49,63,63,70,78,80,80,78,68,77,80,80,80,80,80,80,80,80,80,80,80,80,80,80,80,58],"gold":33,"neow_bonus":"THREE_ENEMY_KILL","is_prod":false,"is_daily":false,"chose_seed":false,"campfire_upgraded":6,"win_rate":0,"timestamp":1561071818,"path_taken":["M","M","?","?","?","E","?","E","T","E","?","R","E","?","R","BOSS","M","M","$","?","?","E","M","$","T","M","R","E","M","E","R","BOSS","M","?","?","?","M","E","R","E","T","M","M","R","M","$","R","BOSS","R","$","E","BOSS"],"build_version":"2019-01-23","purchased_purges":3,"victory":true,"max_hp_per_floor":[75,75,75,75,75,75,75,75,75,75,75,75,75,75,75,75,75,75,75,75,80,80,80,80,80,80,80,80,80,80,80,80,80,80,80,80,80,80,80,80,80,80,80,80,80,80,80,80,80,80,80,80,80,80,80],"card_choices":[{"not_picked":["FTL","Rebound"],"picked":"Chill","floor":1.0},{"not_picked":["Go for the Eyes","Leap"],"picked":"Cold Snap","floor":2.0},{"not_picked":["Gash","Turbo"],"picked":"FTL","floor":3.0},{"not_picked":["Compile Driver","Chaos"],"picked":"Streamline","floor":5.0},{"not_picked":["Meteor Strike","Redo"],"picked":"Buffer","floor":6.0},{"not_picked":["Conserve Battery","Coolheaded"],"picked":"Defragment","floor":7.0},{"not_picked":["Stack","Rainbow"],"picked":"Ball Lightning","floor":8.0},{"not_picked":["Compile Driver","Steam","Doom and Gloom"],"picked":"SKIP","floor":10.0},{"not_picked":["Chaos","Go for the Eyes"],"picked":"Buffer","floor":13.0},{"not_picked":["White Noise","Double Energy"],"picked":"Glacier","floor":14.0},{"not_picked":["Sweeping Beam","Reprogram","White Noise"],"picked":"SKIP","floor":14.0},{"not_picked":["Seek","Rainbow"],"picked":"Echo Form","floor":16.0},{"not_picked":["Compile Driver+1","Force Field"],"picked":"Self Repair","floor":18.0},{"not_picked":["Streamline","Hello World+1","Compile Driver"],"picked":"SKIP","floor":18.0},{"not_picked":["Go for the Eyes+1","Storm"],"picked":"Turbo","floor":19.0},{"not_picked":["Compile Driver+1","Stack+1"],"picked":"Force Field+1","floor":19.0},{"not_picked":["Leap","Sweeping Beam","Streamline"],"picked":"SKIP","floor":23.0},{"not_picked":["Steam Power+1","Beam Cell+1"],"picked":"Hologram+1","floor":24.0},{"not_picked":["Compile Driver","Scrape","Ball Lightning"],"picked":"SKIP","floor":24.0},{"not_picked":["Rip and Tear+1","Wild Strike"],"picked":"Dark Shackles","floor":27.0},{"not_picked":["Sweeping Beam","Ball Lightning+1","Barrage"],"picked":"SKIP","floor":27.0},{"not_picked":["PanicButton","Skim+1"],"picked":"Backflip","floor":29.0},{"not_picked":["Sword Boomerang","Catalyst+1"],"picked":"Calculated Gamble","floor":30.0},{"not_picked":["Corpse Explosion","Swift Strike"],"picked":"Backflip","floor":30.0},{"not_picked":["Dropkick+1","Dodge and Roll","Turbo"],"picked":"SKIP","floor":31.0},{"not_picked":["Finesse","Coolheaded+1"],"picked":"Go for the Eyes+1","floor":35.0},{"not_picked":["Scrape+1","PanicButton+1","Poisoned Stab+1"],"picked":"SKIP","floor":35.0},{"not_picked":["Blade Dance","Cloak And Dagger"],"picked":"Body Slam","floor":39.0},{"not_picked":["Gash","Cold Snap"],"picked":"PiercingWail","floor":39.0},{"not_picked":["Twin Strike","Shrug It Off+1"],"picked":"Armaments+1","floor":40.0},{"not_picked":["Glass Knife","Deadly Poison"],"picked":"Steam+1","floor":42.0},{"not_picked":["Beam Cell+1","Wild Strike"],"picked":"Body Slam+1","floor":44},{"not_picked":["Pommel Strike+1","Warcry","Sweeping Beam+1"],"picked":"SKIP","floor":44},{"not_picked":["Acrobatics","Go for the Eyes"],"picked":"Steam+1","floor":45},{"not_picked":["Bandage Up","Uppercut+1","Beam Cell"],"picked":"SKIP","floor":45},{"not_picked":["Dagger Spray","Reinforced Body+1"],"picked":"Spot Weakness+1","floor":47},{"not_picked":["Dash+1","Redo","Sweeping Beam"],"picked":"SKIP","floor":47},{"not_picked":["Deadly Poison","Heatsinks+1","Sever Soul"],"picked":"SKIP","floor":54}],"player_experience":365520,"relics_obtained":[{"floor":6.0,"key":"Prayer Wheel"},{"floor":7.0,"key":"Odd Mushroom"},{"floor":8.0,"key":"Orichalcum"},{"floor":9.0,"key":"Bottled Tornado"},{"floor":10.0,"key":"Old Coin"},{"floor":13.0,"key":"Gremlin Horn"},{"floor":23.0,"key":"Kunai"},{"floor":26.0,"key":"Turnip"},{"floor":29.0,"key":"The Courier"},{"floor":31.0,"key":"Bottled Lightning"},{"floor":37.0,"key":"Thread and Needle"},{"floor":40.0,"key":"Letter Opener"},{"floor":42.0,"key":"War Paint"},{"floor":54,"key":"Emotion Chip"}],"event_choices":[{"damage_healed":0.0,"max_hp_gain":0.0,"max_hp_loss":0.0,"gold_gain":0.0,"event_name":"Mushrooms","player_choice":"Fought Mushrooms","floor":7.0,"gold_loss":0.0,"damage_taken":0.0},{"damage_healed":0.0,"max_hp_gain":0.0,"max_hp_loss":0.0,"gold_gain":100.0,"event_name":"Golden Shrine","player_choice":"Pray","floor":11.0,"gold_loss":0.0,"damage_taken":0.0},{"damage_healed":0.0,"max_hp_gain":5.0,"max_hp_loss":0.0,"gold_gain":0.0,"event_name":"Forgotten Altar","player_choice":"Shed Blood","floor":21.0,"gold_loss":0.0,"damage_taken":19.0},{"cards_removed":["Strike_B"],"damage_healed":0.0,"max_hp_gain":0.0,"max_hp_loss":0.0,"gold_gain":0.0,"event_name":"Beggar","player_choice":"Gave Gold","floor":22.0,"gold_loss":75.0,"damage_taken":0.0},{"damage_healed":0.0,"max_hp_gain":0.0,"max_hp_loss":0.0,"gold_gain":0.0,"event_name":"WeMeetAgain","player_choice":"Gave Potion","floor":36.0,"gold_loss":0.0,"damage_taken":0.0,"relics_obtained":["Blood Vial"]},{"damage_healed":0.0,"max_hp_gain":0.0,"max_hp_loss":0.0,"gold_gain":0.0,"event_name":"Mysterious Sphere","player_choice":"Fight","floor":37.0,"gold_loss":0.0,"damage_taken":0.0},{"damage_healed":0.0,"max_hp_gain":0.0,"max_hp_loss":0.0,"gold_gain":0.0,"event_name":"Winding Halls","player_choice":"Embrace Madness","floor":38.0,"gold_loss":0.0,"damage_taken":10.0,"cards_obtained":["Madness","Madness"]}],"is_beta":false,"boss_relics":[{"not_picked":["Fusion Hammer","Philosopher\u0027s Stone"],"picked":"Sozu"},{"not_picked":["Orrery","Calling Bell"],"picked":"Runic Pyramid"}],"items_purged_floors":[20,25,53],"is_endless":false,"potions_floor_spawned":[1,5,6,7,8,16,19,24,31,33,37,39,44,47,54],"ascension_level":9}