{"gold_per_floor":[112,127,127,143,143,143,173,173,224,241,255,255,272,288,288,393,393,410,68,79,4,22,54,54,73,96,96,108,108,108,141,141,245,245,261,277,277,127,137,149,149,181,181,181,200,200,210,535,535,535],"floor_reached":50,"playtime":10291,"items_purged":["Strike_R","Shame"],"score":571,"play_id":"7c42f390-76aa-4076-8aeb-1f8e1316df98","local_time":"20190713201832","is_ascension_mode":false,"campfire_choices":[{"floor":6,"key":"REST"},{"floor":8,"key":"REST"},{"floor":15,"key":"REST"},{"floor":24,"key":"REST"},{"floor":30,"key":"REST"},{"data":"Demon Form","floor":32,"key":"SMITH"},{"floor":41,"key":"REST"},{"data":"Corruption","floor":44,"key":"SMITH"},{"data":"Spot Weakness","floor":46,"key":"SMITH"},{"floor":49,"key":"REST"}],"neow_cost":"NONE","seed_source_timestamp":164361401742800,"circlet_count":0,"master_deck":["Strike_R","Strike_R","Strike_R+1","Defend_R+1","Defend_R","Defend_R","Defend_R","Bash+1","Ghostly Armor","Anger+1","Carnage","Clothesline","Cleave","Iron Wave","Armaments","Disarm","Demon Form+1","Headbutt+1","Searing Blow","Shockwave","Armaments","Corruption+1","Blood for Blood","Barricade","Flame Barrier+1","Hemokinesis+1","Headbutt+1","Flex","Searing Blow+1","Shrug It Off+1","Parasite","Spot Weakness+1"],"relics":["Burning Blood","Whetstone","Centennial Puzzle","PreservedInsect","Bronze Scales","Busted Crown","Pear","Ginger","Bag of Marbles","Regal Pillow","Lantern","Sozu","Boot","Bird Faced Urn","Old Coin"],"potions_floor_usage":[4,13,14,16,22,33,33],"damage_taken":[{"damage":13,"enemies":"Jaw Worm","floor":1,"turns":3},{"damage":1,"enemies":"Cultist","floor":2,"turns":3},{"damage":0,"enemies":"Small Slimes","floor":4,"turns":4},{"damage":20,"enemies":"Gremlin Nob","floor":7,"turns":4},{"damage":2,"enemies":"Blue Slaver","floor":10,"turns":3},{"damage":5,"enemies":"Looter","floor":11,"turns":2},{"damage":5,"enemies":"Exordium Thugs","floor":13,"turns":3},{"damage":15,"enemies":"Gremlin Gang","floor":14,"turns":4},{"damage":38,"enemies":"Slime Boss","floor":16,"turns":10},{"damage":1,"enemies":"Shell Parasite","floor":18,"turns":6},{"damage":16,"enemies":"Spheric Guardian","floor":20,"turns":4},{"damage":0,"enemies":"Snake Plant","floor":22,"turns":4},{"damage":36,"enemies":"Slavers","floor":23,"turns":4},{"damage":13,"enemies":"Centurion and Healer","floor":25,"turns":6},{"damage":27,"enemies":"Shelled Parasite and Fungi","floor":28,"turns":5},{"damage":16,"enemies":"Gremlin Leader","floor":31,"turns":5},{"damage":30,"enemies":"Collector","floor":33,"turns":7},{"damage":0,"enemies":"Orb Walker","floor":35,"turns":2},{"damage":22,"enemies":"3 Darklings","floor":36,"turns":5},{"damage":9,"enemies":"4 Shapes","floor":39,"turns":5},{"damage":27,"enemies":"Maw","floor":40,"turns":7},{"damage":4,"enemies":"Nemesis","floor":42,"turns":7},{"damage":24,"enemies":"Writhing Mass","floor":45,"turns":4},{"damage":5,"enemies":"Transient","floor":47,"turns":5},{"damage":46,"enemies":"Reptomancer","floor":48,"turns":5},{"damage":90,"enemies":"Awakened One","floor":50,"turns":7}],"seed_played":"-8856869315635084056","potions_obtained":[{"floor":1,"key":"AttackPotion"},{"floor":2,"key":"SpeedPotion"},{"floor":7,"key":"Explosive Potion"},{"floor":10,"key":"Block Potion"},{"floor":13,"key":"GamblersBrew"},{"floor":18,"key":"SpeedPotion"},{"floor":31,"key":"Weak Potion"}],"is_trial":false,"path_per_floor":["M","M","?","M","?","R","E","R","T","M","M","?","M","M","R","B",null,"M","$","M","$","M","E","R","M","T","?","M","?","R","E","R","B",null,"M","M","?","$","M","M","R","E","T","R","M","R","M","E","R","B"],"character_chosen":"IRONCLAD","items_purchased":["Pear","Searing Blow","Shockwave","Flex"],"campfire_rested":7,"item_purchase_floors":[19,19,19,38],"current_hp_per_floor":[73,78,36,42,26,50,36,60,60,64,65,65,66,57,80,48,80,80,90,80,80,86,56,83,76,76,76,55,55,90,80,80,56,90,90,74,74,74,71,50,90,90,90,90,76,76,79,43,85,0],"gold":535,"neow_bonus":"RANDOM_COMMON_RELIC","is_prod":false,"is_daily":false,"chose_seed":false,"campfire_upgraded":3,"win_rate":0.0,"timestamp":1563045512,"path_taken":["M","M","?","M","?","R","E","R","T","M","M","?","M","?","R","BOSS","M","$","M","$","M","E","R","M","T","?","M","?","R","E","R","BOSS","M","M","?","?","M","M","R","E","T","R","M","R","M","E","R","BOSS"],"build_version":"2019-07-05","purchased_purges":2,"victory":false,"max_hp_per_floor":[80,80,80,80,80,80,80,80,80,80,80,80,80,80,80,80,80,80,90,90,90,90,90,90,90,90,90,90,90,90,90,90,90,90,90,90,90,90,90,90,90,90,90,90,90,90,90,90,90,90],"card_choices":[{"not_picked":["Second Wind","Wild Strike"],"picked":"Ghostly Armor","floor":1},{"not_picked":["Burning Pact","Feel No Pain"],"picked":"Anger","floor":2},{"not_picked":["Havoc","Sword Boomerang"],"picked":"Carnage","floor":4},{"not_picked":["Uppercut","Heavy Blade"],"picked":"Clothesline","floor":7},{"not_picked":["Sword Boomerang","Heavy Blade"],"picked":"Cleave","floor":10},{"not_picked":["Clash","True Grit"],"picked":"Iron Wave","floor":11},{"not_picked":["Body Slam","Spot Weakness"],"picked":"Armaments","floor":13},{"not_picked":["Shrug It Off","Sword Boomerang"],"picked":"Disarm","floor":14},{"not_picked":["Barricade","Limit Break"],"picked":"Demon Form","floor":16},{"not_picked":[],"picked":"Headbutt+1","floor":18},{"not_picked":[],"picked":"Armaments","floor":20},{"not_picked":[],"picked":"Corruption","floor":22},{"not_picked":["Body Slam"],"picked":"SKIP","floor":23},{"not_picked":[],"picked":"Blood for Blood","floor":25},{"not_picked":["Perfected Strike"],"picked":"SKIP","floor":28},{"not_picked":[],"picked":"Flame Barrier+1","floor":31},{"not_picked":[],"picked":"Hemokinesis+1","floor":35},{"not_picked":[],"picked":"Headbutt+1","floor":36},{"not_picked":["Dual Wield"],"picked":"SKIP","floor":39},{"not_picked":[],"picked":"Searing Blow+1","floor":40},{"not_picked":[],"picked":"Shrug It Off+1","floor":42},{"not_picked":[],"picked":"Spot Weakness","floor":45},{"not_picked":["Perfected Strike+1"],"picked":"SKIP","floor":47},{"not_picked":["Clothesline+1"],"picked":"SKIP","floor":48}],"player_experience":301587,"relics_obtained":[{"floor":7,"key":"PreservedInsect"},{"floor":9,"key":"Bronze Scales"},{"floor":23,"key":"Ginger"},{"floor":26,"key":"Bag of Marbles"},{"floor":31,"key":"Lantern"},{"floor":42,"key":"Boot"},{"floor":43,"key":"Bird Faced Urn"},{"floor":48,"key":"Old Coin"}],"event_choices":[{"damage_healed":0,"gold_gain":0,"player_choice":"Success","damage_taken":42,"relics_obtained":["Centennial Puzzle"],"max_hp_gain":0,"max_hp_loss":0,"event_name":"Scrap Ooze","floor":3,"gold_loss":0},{"damage_healed":0,"gold_gain":0,"player_choice":"Entered Light","damage_taken":16,"max_hp_gain":0,"max_hp_loss":0,"event_name":"Shining Light","floor":5,"gold_loss":0,"cards_upgraded":["Defend_R","Anger"]},{"damage_healed":0,"gold_gain":0,"player_choice":"Bought 0 Potions","damage_taken":0,"max_hp_gain":0,"max_hp_loss":0,"event_name":"The Woman in Blue","floor":12,"gold_loss":0},{"damage_healed":0,"gold_gain":0,"player_choice":"Stole Relic","damage_taken":0,"relics_obtained":["Regal Pillow"],"max_hp_gain":0,"max_hp_loss":0,"event_name":"Addict","floor":27,"gold_loss":0,"cards_obtained":["Shame"]},{"damage_healed":0,"gold_gain":0,"player_choice":"Read","damage_taken":0,"max_hp_gain":0,"max_hp_loss":0,"event_name":"The Library","floor":29,"gold_loss":0,"cards_obtained":["Barricade"]},{"cards_removed":["Strike_R"],"damage_healed":0,"gold_gain":0,"player_choice":"Removed Attack","damage_taken":0,"max_hp_gain":0,"max_hp_loss":0,"event_name":"Falling","floor":37,"gold_loss":0}],"is_beta":false,"boss_relics":[{"not_picked":["Astrolabe","Runic Pyramid"],"picked":"Busted Crown"},{"not_picked":["Runic Cube","Calling Bell"],"picked":"Sozu"}],"items_purged_floors":[21,38],"is_endless":false,"potions_floor_spawned":[1,2,7,10,13,18,31,35,36,42,48],"killed_by":"Awakened One","ascension_level":0}