{"gold_per_floor":[317,317,392,2,21,39,68,88,88,88,51,79,104,104,104,104],"floor_reached":16,"playtime":705,"items_purged":["Regret"],"score":216,"play_id":"7f318f1a-aeb3-4777-90be-b3e318a75e7f","local_time":"20190701122510","is_ascension_mode":true,"campfire_choices":[{"floor":10,"key":"REST"},{"floor":15,"key":"REST"}],"neow_cost":"NO_GOLD","seed_source_timestamp":262694738131500,"circlet_count":0,"master_deck":["AscendersBane","Strike_R","Strike_R","Strike_R","Strike_R","Strike_R","Defend_R","Defend_R","Defend_R","Defend_R","Bash","Infernal Blade","Armaments","Havoc","Bloodletting","Intimidate","Pommel Strike","Headbutt","Evolve","Iron Wave","Wild Strike"],"relics":["Burning Blood","Old Coin","Paper Frog","Sling","Bird Faced Urn","Ice Cream","Odd Mushroom","Gremlin Horn"],"potions_floor_usage":[7,7,12,16],"damage_taken":[{"damage":4,"enemies":"2 Louse","floor":1,"turns":3},{"damage":11,"enemies":"Small Slimes","floor":5,"turns":3},{"damage":11,"enemies":"Jaw Worm","floor":6,"turns":5},{"damage":40,"enemies":"3 Sentries","floor":7,"turns":12},{"damage":9,"enemies":"2 Fungi Beasts","floor":8,"turns":4},{"damage":14,"enemies":"The Mushroom Lair","floor":12,"turns":5},{"damage":32,"enemies":"Gremlin Nob","floor":13,"turns":4},{"damage":31,"enemies":"The Guardian","floor":16,"turns":10}],"seed_played":"1103779333588867489","potions_obtained":[{"floor":1,"key":"BloodPotion"},{"floor":6,"key":"EssenceOfSteel"},{"floor":8,"key":"SpeedPotion"},{"floor":13,"key":"SpeedPotion"}],"is_trial":false,"path_per_floor":["M","?","?","$","M","M","E","M","T","R","$","?","E","?","R","B"],"character_chosen":"IRONCLAD","items_purchased":["Sling","Armaments","Havoc","Evolve"],"campfire_rested":2,"item_purchase_floors":[4,4,4,11],"current_hp_per_floor":[70,70,59,59,54,49,22,19,19,41,41,33,7,7,29,0],"gold":104,"neow_bonus":"ONE_RARE_RELIC","is_prod":false,"is_daily":false,"chose_seed":false,"campfire_upgraded":0,"win_rate":0,"timestamp":1561998310,"path_taken":["M","?","?","$","M","M","E","M","T","R","?","?","E","?","R","BOSS"],"build_version":"2019-01-23","purchased_purges":1,"victory":false,"max_hp_per_floor":[75,75,75,75,75,75,75,75,75,75,75,75,75,75,75,75],"card_choices":[{"not_picked":["Dropkick","Body Slam"],"picked":"Infernal Blade","floor":1},{"not_picked":["Perfected Strike","Body Slam"],"picked":"Bloodletting","floor":5},{"not_picked":["Anger","Iron Wave"],"picked":"Intimidate","floor":6},{"not_picked":["Entrench","Dual Wield"],"picked":"Pommel Strike","floor":7},{"not_picked":["Intimidate","Carnage"],"picked":"Headbutt","floor":8},{"not_picked":["Anger","Sword Boomerang"],"picked":"Iron Wave","floor":12},{"not_picked":["Berserk","Havoc"],"picked":"Wild Strike","floor":13}],"player_experience":1612820,"relics_obtained":[{"floor":7,"key":"Bird Faced Urn"},{"floor":9,"key":"Ice Cream"},{"floor":12,"key":"Odd Mushroom"},{"floor":13,"key":"Gremlin Horn"}],"event_choices":[{"damage_healed":0,"gold_gain":0,"player_choice":"Box","damage_taken":0,"relics_obtained":["Paper Frog"],"max_hp_gain":0,"max_hp_loss":0,"event_name":"Big Fish","floor":2,"gold_loss":0,"cards_obtained":["Regret"]},{"damage_healed":0,"gold_gain":75,"player_choice":"Gather Gold","damage_taken":11,"max_hp_gain":0,"max_hp_loss":0,"event_name":"World of Goop","floor":3,"gold_loss":0},{"damage_healed":0,"gold_gain":0,"player_choice":"Fought Mushrooms","damage_taken":0,"max_hp_gain":0,"max_hp_loss":0,"event_name":"Mushrooms","floor":12,"gold_loss":0},{"damage_healed":0,"gold_gain":0,"player_choice":"Searched \u00270\u0027 times","damage_taken":0,"max_hp_gain":0,"max_hp_loss":0,"event_name":"Dead Adventurer","floor":14,"gold_loss":0}],"is_beta":false,"boss_relics":[],"items_purged_floors":[4],"is_endless":false,"potions_floor_spawned":[1,6,8,13],"killed_by":"The Guardian","ascension_level":20}