{"gold_per_floor":[116,116,116,134,1,27,37,92,115,115,59,84,94,127,127,127],"floor_reached":16,"playtime":599,"items_purged":[],"score":306,"play_id":"e86ec2ec-c0b7-486f-8126-eb44073b7253","local_time":"20190702134357","is_ascension_mode":true,"campfire_choices":[{"data":"True Grit","floor":10,"key":"SMITH"},{"data":"Entrench","floor":15,"key":"SMITH"}],"neow_cost":"NONE","seed_source_timestamp":353927609019200,"circlet_count":0,"master_deck":["AscendersBane","Strike_R","Strike_R","Strike_R","Strike_R","Defend_R","Defend_R","Defend_R","Defend_R+1","Bash+1","True Grit+1","Body Slam","Headbutt","Exhume","Flex","Sever Soul","Cleave","Body Slam","Reckless Charge","Entrench+1"],"relics":["Burning Blood","NeowsBlessing","PreservedInsect","Tiny Chest","Pen Nib","Omamori","Ancient Tea Set"],"potions_floor_usage":[8,12,13,14,16],"damage_taken":[{"damage":0,"enemies":"Jaw Worm","floor":1,"turns":1},{"damage":0,"enemies":"2 Louse","floor":4,"turns":1},{"damage":0,"enemies":"3 Sentries","floor":6,"turns":2},{"damage":7,"enemies":"Cultist","floor":7,"turns":4},{"damage":8,"enemies":"Gremlin Nob","floor":8,"turns":3},{"damage":3,"enemies":"3 Sentries","floor":12,"turns":4},{"damage":7,"enemies":"Lots of Slimes","floor":13,"turns":5},{"damage":8,"enemies":"Gremlin Nob","floor":14,"turns":3},{"damage":62,"enemies":"Slime Boss","floor":16,"turns":7}],"seed_played":"-6553964835082054406","potions_obtained":[{"floor":1,"key":"Strength Potion"},{"floor":12,"key":"Ancient Potion"},{"floor":13,"key":"Ancient Potion"}],"is_trial":false,"path_per_floor":["M","?","?","M","$","E","M","E","T","R","$","E","M","E","R","B"],"character_chosen":"IRONCLAD","items_purchased":["Exhume","Poison Potion","Poison Potion"],"campfire_rested":0,"item_purchase_floors":[5,5,11],"current_hp_per_floor":[74,51,51,57,57,63,62,60,60,60,60,63,62,60,60,0],"gold":127,"neow_bonus":"THREE_ENEMY_KILL","is_prod":false,"is_daily":false,"chose_seed":false,"campfire_upgraded":2,"win_rate":0,"timestamp":1562089437,"path_taken":["M","?","?","?","?","E","M","E","T","R","$","E","M","E","R","BOSS"],"build_version":"2019-07-01","purchased_purges":0,"victory":false,"max_hp_per_floor":[75,75,75,75,75,75,75,75,75,75,75,75,75,75,75,75],"card_choices":[{"not_picked":["Perfected Strike","Evolve"],"picked":"True Grit","floor":1},{"not_picked":["Clothesline","Clash"],"picked":"Headbutt","floor":4},{"not_picked":["Wild Strike","Thunderclap"],"picked":"Flex","floor":6},{"not_picked":["Perfected Strike","Armaments"],"picked":"Sever Soul","floor":7},{"not_picked":["Exhume","Carnage"],"picked":"Cleave","floor":8},{"not_picked":["Flex","Heavy Blade"],"picked":"Body Slam","floor":12},{"not_picked":["Intimidate","Perfected Strike"],"picked":"Reckless Charge","floor":13},{"not_picked":["Seeing Red","Havoc"],"picked":"Entrench","floor":14}],"player_experience":1657203,"relics_obtained":[{"floor":6,"key":"PreservedInsect"},{"floor":8,"key":"Tiny Chest"},{"floor":9,"key":"Pen Nib"},{"floor":12,"key":"Omamori"},{"floor":14,"key":"Ancient Tea Set"}],"event_choices":[{"damage_healed":0,"gold_gain":0,"player_choice":"Entered Light","damage_taken":23,"max_hp_gain":0,"max_hp_loss":0,"event_name":"Shining Light","floor":2,"gold_loss":0,"cards_upgraded":["Defend_R","Bash"]},{"damage_healed":0,"gold_gain":0,"cards_transformed":["Strike_R"],"player_choice":"Transformed","damage_taken":0,"max_hp_gain":0,"max_hp_loss":0,"event_name":"Transmorgrifier","floor":3,"gold_loss":0,"cards_obtained":["Body Slam"]}],"is_beta":false,"boss_relics":[],"items_purged_floors":[],"is_endless":false,"potions_floor_spawned":[1,12,13],"killed_by":"Slime Boss","ascension_level":20}