{"gold_per_floor":[118,135,155,171,184,184,33,64,64,34,34,44,44,58,58,133,133,144,127,140,140,156,171,188,188,218,228,228,628,628],"floor_reached":30,"playtime":1314,"items_purged":[],"score":417,"play_id":"0e4cf6cd-92e0-4d18-b6f4-b07e4d8ee4e0","local_time":"20190715172051","is_ascension_mode":true,"campfire_choices":[{"floor":6.0,"key":"REST"},{"floor":11.0,"key":"REST"},{"floor":13.0,"key":"REST"},{"data":"Havoc","floor":15.0,"key":"SMITH"},{"floor":25,"key":"REST"},{"floor":28,"key":"REST"}],"neow_cost":"NONE","seed_source_timestamp":7768486039800,"circlet_count":0,"master_deck":["AscendersBane","Strike_R","Strike_R","Strike_R","Strike_R","Strike_R","Defend_R","Defend_R","Defend_R","Defend_R","Bash","Demon Form","Havoc+1","Feel No Pain","Havoc","Metallicize","True Grit","Sever Soul","Twin Strike","Shrug It Off","Reaper","Flex","Uppercut","Iron Wave","Writhe","Pommel Strike","Shockwave","Limit Break","Sword Boomerang+1","Ghostly Armor"],"special_seed":0,"relics":["Burning Blood","Pen Nib","Smiling Mask","Matryoshka","Fusion Hammer","Bag of Marbles","Tiny Chest","Charon\u0027s Ashes","Old Coin","Shuriken"],"potions_floor_usage":[19,29,30],"damage_taken":[{"damage":1.0,"enemies":"Cultist","floor":1.0,"turns":4.0},{"damage":5.0,"enemies":"2 Louse","floor":2.0,"turns":4.0},{"damage":23.0,"enemies":"Small Slimes","floor":3.0,"turns":5.0},{"damage":21.0,"enemies":"Blue Slaver","floor":4.0,"turns":5.0},{"damage":27.0,"enemies":"Exordium Thugs","floor":5.0,"turns":7.0},{"damage":35.0,"enemies":"Lagavulin","floor":8.0,"turns":7.0},{"damage":1.0,"enemies":"Looter","floor":10.0,"turns":4.0},{"damage":31.0,"enemies":"Exordium Wildlife","floor":12.0,"turns":6.0},{"damage":11.0,"enemies":"2 Fungi Beasts","floor":14.0,"turns":4.0},{"damage":32.0,"enemies":"Slime Boss","floor":16.0,"turns":8.0},{"damage":14.0,"enemies":"Chosen","floor":18.0,"turns":8.0},{"damage":10,"enemies":"2 Thieves","floor":19,"turns":4},{"damage":38,"enemies":"Snake Plant","floor":20,"turns":4},{"damage":13,"enemies":"Centurion and Healer","floor":22,"turns":6},{"damage":26,"enemies":"Snecko","floor":23,"turns":7},{"damage":36,"enemies":"Snake Plant","floor":24,"turns":6},{"damage":38,"enemies":"Shelled Parasite and Fungi","floor":27,"turns":6},{"damage":43,"enemies":"Colosseum Slavers","floor":29,"turns":4},{"damage":30,"enemies":"Colosseum Nobs","floor":29,"turns":6},{"damage":60,"enemies":"Gremlin Leader","floor":30,"turns":4}],"seed_played":"-3654222872876443780","potions_obtained":[{"floor":2.0,"key":"Explosive Potion"},{"floor":4.0,"key":"FearPotion"},{"floor":14.0,"key":"Poison Potion"},{"floor":16.0,"key":"Weak Potion"},{"floor":18.0,"key":"PowerPotion"},{"floor":27,"key":"BloodPotion"},{"floor":29,"key":"Regen Potion"}],"is_trial":false,"path_per_floor":["M","M","M","M","M","R","$","E","T","M","R","M","R","M","R","B",null,"M","M","M","?","M","M","M","R","T","M","R","?","E"],"character_chosen":"IRONCLAD","items_purchased":["Pen Nib"],"campfire_rested":5,"item_purchase_floors":[7],"current_hp_per_floor":[73,74,57,42,21,43,43,14,14,19,41,16,38,33,33,7,58,56,60,37,37,46,34,13,35,35,21,43,24,0],"gold":628,"neow_bonus":"ONE_RANDOM_RARE_CARD","is_prod":false,"is_daily":false,"chose_seed":false,"campfire_upgraded":1,"win_rate":0,"timestamp":1563225651,"path_taken":["M","?","M","M","M","R","$","E","T","M","R","M","R","M","R","BOSS","M","M","M","?","M","M","M","R","T","M","R","?","E"],"build_version":"2019-07-05","purchased_purges":0,"victory":false,"max_hp_per_floor":[75,75,75,75,75,75,75,75,75,75,75,75,75,75,75,75,75,75,75,75,75,75,75,75,75,75,75,75,75,75],"card_choices":[{"not_picked":["Sword Boomerang","True Grit"],"picked":"Havoc","floor":1.0},{"not_picked":["Shrug It Off","Power Through"],"picked":"Feel No Pain","floor":2.0},{"not_picked":["Thunderclap","Body Slam","Rupture"],"picked":"SKIP","floor":3.0},{"not_picked":["Combust","Thunderclap"],"picked":"Havoc","floor":4.0},{"not_picked":["Body Slam","Twin Strike"],"picked":"Metallicize","floor":5.0},{"not_picked":["Headbutt","Hemokinesis"],"picked":"True Grit","floor":8.0},{"not_picked":["Dual Wield","Perfected Strike"],"picked":"Sever Soul","floor":10.0},{"not_picked":["Thunderclap","True Grit"],"picked":"Twin Strike","floor":12.0},{"not_picked":["Anger","Body Slam"],"picked":"Shrug It Off","floor":14.0},{"not_picked":["Exhume","Fiend Fire"],"picked":"Reaper","floor":16.0},{"not_picked":["Warcry","Anger"],"picked":"Flex","floor":18.0},{"not_picked":["Cleave","True Grit"],"picked":"Uppercut","floor":19},{"not_picked":["Thunderclap","Heavy Blade"],"picked":"Iron Wave","floor":20},{"not_picked":["Perfected Strike","Wild Strike"],"picked":"Pommel Strike","floor":22},{"not_picked":["Body Slam","Anger+1"],"picked":"Shockwave","floor":23},{"not_picked":["Headbutt","Intimidate"],"picked":"Limit Break","floor":24},{"not_picked":["Clash","Havoc"],"picked":"Sword Boomerang+1","floor":27},{"not_picked":["Rage","Pommel Strike"],"picked":"Ghostly Armor","floor":29}],"player_experience":1921820,"relics_obtained":[{"floor":8.0,"key":"Smiling Mask"},{"floor":9.0,"key":"Matryoshka"},{"floor":26,"key":"Tiny Chest"},{"floor":26,"key":"Charon\u0027s Ashes"},{"floor":29,"key":"Old Coin"},{"floor":29,"key":"Shuriken"}],"event_choices":[{"damage_healed":0,"gold_gain":0,"player_choice":"Opened","damage_taken":0,"relics_obtained":["Bag of Marbles"],"max_hp_gain":0,"max_hp_loss":0,"event_name":"The Mausoleum","floor":21,"gold_loss":0,"cards_obtained":["Writhe"]},{"damage_healed":0,"gold_gain":0,"player_choice":"Fight","damage_taken":0,"max_hp_gain":0,"max_hp_loss":0,"event_name":"Colosseum","floor":29,"gold_loss":0},{"damage_healed":0,"gold_gain":0,"player_choice":"Fought Nobs","damage_taken":0,"max_hp_gain":0,"max_hp_loss":0,"event_name":"Colosseum","floor":29,"gold_loss":0}],"is_beta":false,"boss_relics":[{"not_picked":["Runic Cube","Cursed Key"],"picked":"Fusion Hammer"}],"items_purged_floors":[],"is_endless":false,"potions_floor_spawned":[2,4,14,16,18,27,29,29],"killed_by":"Gremlin Leader","ascension_level":15}