{"gold_per_floor":[115,190,204,204,223,249,261,298,310,322,361,383,411,456,468,580,592,615,639,663,695,723,766,778,790],"floor_reached":25,"playtime":4760,"items_purged":[],"score":309,"play_id":"174ff8eb-5964-45f1-b90b-2e56b38d8ecb","local_time":"20190615124707","is_ascension_mode":true,"campfire_choices":[{"floor":7.0,"key":"REST"},{"floor":10.0,"key":"REST"},{"data":"Leg Sweep","floor":15.0,"key":"SMITH"},{"data":"Calculated Gamble","floor":24.0,"key":"SMITH"}],"neow_cost":"NONE","seed_source_timestamp":200131880362465,"circlet_count":0,"master_deck":["Defend_G","Defend_G","Defend_G","Defend_G","Defend_G","Strike_G","Strike_G","Strike_G","Strike_G","Survivor","Neutralize","Flying Knee","Well Laid Plans+1","PiercingWail","Bouncing Flask","Crippling Poison","Bouncing Flask","Leg Sweep+1","Adrenaline","Blur","Calculated Gamble+1","Envenom","Concentrate+1","Prepared+1","PiercingWail","Expertise","Blur"],"special_seed":0,"relics":["Ring of the Snake","MawBank","Tough Bandages","Blue Candle","Nunchaku","Eternal Feather","Singing Bowl"],"potions_floor_usage":[25,25],"damage_taken":[{"damage":1.0,"enemies":"Small Slimes","floor":1.0,"turns":4.0},{"damage":4.0,"enemies":"Cultist","floor":3.0,"turns":5.0},{"damage":0.0,"enemies":"2 Louse","floor":5.0,"turns":3.0},{"damage":26.0,"enemies":"3 Sentries","floor":6.0,"turns":10.0},{"damage":10.0,"enemies":"Lagavulin","floor":8.0,"turns":6.0},{"damage":4.0,"enemies":"2 Fungi Beasts","floor":11.0,"turns":5.0},{"damage":0.0,"enemies":"Exordium Thugs","floor":12.0,"turns":4.0},{"damage":11.0,"enemies":"Gremlin Gang","floor":13.0,"turns":5.0},{"damage":22.0,"enemies":"3 Sentries","floor":14.0,"turns":8.0},{"damage":2.0,"enemies":"Hexaghost","floor":16.0,"turns":9.0},{"damage":0.0,"enemies":"3 Byrds","floor":18.0,"turns":6.0},{"damage":0.0,"enemies":"Chosen","floor":19.0,"turns":4.0},{"damage":0.0,"enemies":"Snake Plant","floor":20.0,"turns":6.0},{"damage":0.0,"enemies":"Shelled Parasite and Fungi","floor":21.0,"turns":7.0},{"damage":0.0,"enemies":"Centurion and Healer","floor":22.0,"turns":8.0},{"damage":25.0,"enemies":"Slavers","floor":23.0,"turns":11.0},{"damage":48,"enemies":"Gremlin Leader","floor":25,"turns":13}],"seed_played":"-7913124827195629680","potions_obtained":[{"floor":1.0,"key":"Ancient Potion"},{"floor":3.0,"key":"EssenceOfSteel"},{"floor":8.0,"key":"FairyPotion"},{"floor":13.0,"key":"GhostInAJar"},{"floor":14.0,"key":"GhostInAJar"},{"floor":19.0,"key":"Dexterity Potion"}],"is_trial":false,"path_per_floor":["M","?","M","?","M","E","R","E","T","R","M","M","M","E","R","B",null,"M","M","M","M","M","E","R","E"],"character_chosen":"THE_SILENT","items_purchased":[],"campfire_rested":2,"item_purchase_floors":[],"current_hp_per_floor":[69,58,54,54,54,28,49,39,39,60,56,56,45,23,23,21,58,58,58,58,58,58,33,48,0],"gold":790,"neow_bonus":"TRANSFORM_CARD","is_prod":false,"is_daily":false,"chose_seed":false,"campfire_upgraded":2,"win_rate":0,"timestamp":1560592027,"path_taken":["M","?","M","?","M","E","R","E","T","R","M","M","M","E","R","BOSS","M","M","M","M","M","E","R","E"],"build_version":"2019-01-23","purchased_purges":0,"victory":false,"max_hp_per_floor":[70,70,70,70,70,70,70,70,70,70,70,70,70,70,70,70,70,70,70,70,70,70,70,70,70],"card_choices":[{"not_picked":["Acrobatics","Dodge and Roll"],"picked":"Well Laid Plans","floor":1.0},{"not_picked":["Catalyst","Accuracy"],"picked":"PiercingWail","floor":3.0},{"not_picked":["Choke","Terror"],"picked":"Bouncing Flask","floor":5.0},{"not_picked":["Poisoned Stab","Blade Dance"],"picked":"Crippling Poison","floor":6.0},{"not_picked":["Reflex","Deadly Poison"],"picked":"Bouncing Flask","floor":8.0},{"not_picked":["Cloak And Dagger","Dagger Spray"],"picked":"Leg Sweep","floor":11.0},{"not_picked":["Deadly Poison","Deflect"],"picked":"Adrenaline","floor":12.0},{"not_picked":["Flying Knee","Dodge and Roll"],"picked":"Blur","floor":13.0},{"not_picked":["Riddle With Holes","Terror"],"picked":"Calculated Gamble","floor":14.0},{"not_picked":["Phantasmal Killer","Venomology"],"picked":"Envenom","floor":16.0},{"not_picked":["Quick Slash","Catalyst"],"picked":"Concentrate+1","floor":18.0},{"not_picked":["Dagger Spray","Dash"],"picked":"Prepared+1","floor":19.0},{"not_picked":["Terror","Flechettes"],"picked":"PiercingWail","floor":20.0},{"not_picked":["Quick Slash","Sucker Punch+1","Distraction"],"picked":"SKIP","floor":21.0},{"not_picked":["PiercingWail","Caltrops"],"picked":"Expertise","floor":22.0},{"not_picked":["Choke","Dagger Throw"],"picked":"Blur","floor":23.0}],"player_experience":209896,"relics_obtained":[{"floor":6.0,"key":"MawBank"},{"floor":8.0,"key":"Tough Bandages"},{"floor":9.0,"key":"Blue Candle"},{"floor":14.0,"key":"Nunchaku"},{"floor":23.0,"key":"Singing Bowl"}],"event_choices":[{"damage_healed":0.0,"max_hp_gain":0.0,"max_hp_loss":0.0,"gold_gain":75.0,"event_name":"World of Goop","player_choice":"Gather Gold","floor":2.0,"gold_loss":0.0,"damage_taken":11.0},{"damage_healed":0.0,"max_hp_gain":0.0,"max_hp_loss":0.0,"gold_gain":0.0,"event_name":"Accursed Blacksmith","player_choice":"Forge","floor":4.0,"gold_loss":0.0,"damage_taken":0.0,"cards_upgraded":["Well Laid Plans"]}],"is_beta":false,"boss_relics":[{"not_picked":["Orrery","Fusion Hammer"],"picked":"Eternal Feather"}],"items_purged_floors":[],"is_endless":false,"potions_floor_spawned":[1,3,8,13,14,16,19,20,21],"killed_by":"Gremlin Leader","ascension_level":5}