{"gold_per_floor":[119,119,119,133,143,143,174,189,189,189,189,189,209,219,219,322,322,339,353,278,33,33,33,33,33],"floor_reached":25,"playtime":18425,"items_purged":[],"score":201,"play_id":"caf864dd-e14f-4964-a7a6-d38324456737","local_time":"20190710210231","is_ascension_mode":false,"campfire_choices":[{"floor":6.0,"key":"REST"},{"floor":10.0,"key":"REST"},{"floor":12.0,"key":"REST"},{"data":"Flying Knee","floor":15.0,"key":"SMITH"},{"data":"Adrenaline","floor":23,"key":"SMITH"}],"neow_cost":"NONE","seed_source_timestamp":0,"circlet_count":0,"master_deck":["Strike_G","Strike_G","Strike_G","Strike_G","Defend_G","Defend_G","Defend_G","Defend_G","Survivor","Neutralize","Blade Dance","Backstab","Blade Dance","Backflip","Flying Knee+1","Escape Plan","Poisoned Stab","Adrenaline+1","PiercingWail+1"],"special_seed":0,"relics":["Ring of the Snake","Pen Nib","Kunai","Sundial","Matryoshka","Black Star","Mercury Hourglass"],"potions_floor_usage":[25,25],"damage_taken":[{"damage":1.0,"enemies":"Jaw Worm","floor":1.0,"turns":6.0},{"damage":0.0,"enemies":"2 Louse","floor":4.0,"turns":2.0},{"damage":0.0,"enemies":"Cultist","floor":5.0,"turns":3.0},{"damage":37.0,"enemies":"Gremlin Nob","floor":7.0,"turns":5.0},{"damage":10.0,"enemies":"Looter","floor":8.0,"turns":3.0},{"damage":0.0,"enemies":"2 Fungi Beasts","floor":13.0,"turns":3.0},{"damage":0.0,"enemies":"3 Louse","floor":14.0,"turns":3.0},{"damage":26.0,"enemies":"Hexaghost","floor":16.0,"turns":12.0},{"damage":6,"enemies":"Chosen","floor":18,"turns":3},{"damage":3,"enemies":"3 Byrds","floor":19,"turns":6},{"damage":65,"enemies":"Gremlin Leader","floor":25,"turns":7}],"seed_played":"2556239662774836032","potions_obtained":[{"floor":7.0,"key":"Dexterity Potion"},{"floor":8.0,"key":"SkillPotion"},{"floor":14.0,"key":"Swift Potion"},{"floor":18,"key":"Block Potion"}],"is_trial":false,"path_per_floor":["M","?","?","M","M","R","E","M","T","R","?","R","M","M","R","B",null,"M","M","?","$","?","R","$","E"],"character_chosen":"THE_SILENT","items_purchased":["Mercury Hourglass"],"campfire_rested":3,"item_purchase_floors":[21],"current_hp_per_floor":[69,57,57,57,57,70,33,23,23,44,44,65,65,65,65,39,70,64,61,61,61,61,61,61,0],"gold":33,"neow_bonus":"RANDOM_COMMON_RELIC","is_prod":false,"is_daily":false,"chose_seed":false,"campfire_upgraded":2,"win_rate":0.0,"timestamp":1562788951,"path_taken":["M","?","?","?","M","R","E","M","T","R","?","R","M","M","R","BOSS","M","M","?","$","?","R","$","E"],"build_version":"2019-07-05","purchased_purges":0,"victory":false,"max_hp_per_floor":[70,70,70,70,70,70,70,70,70,70,70,70,70,70,70,70,70,70,70,70,70,70,70,70,70],"card_choices":[{"not_picked":["Prepared","Deadly Poison"],"picked":"Blade Dance","floor":1.0},{"not_picked":["Outmaneuver","Slice"],"picked":"Backstab","floor":4.0},{"not_picked":["Footwork","Riddle With Holes"],"picked":"Blade Dance","floor":5.0},{"not_picked":["Predator","Poisoned Stab"],"picked":"Backflip","floor":7.0},{"not_picked":["Blur","Tactician"],"picked":"Flying Knee","floor":8.0},{"not_picked":["Underhanded Strike","Deadly Poison"],"picked":"Escape Plan","floor":13.0},{"not_picked":["Prepared","Underhanded Strike"],"picked":"Poisoned Stab","floor":14.0},{"not_picked":["Doppelganger","Phantasmal Killer"],"picked":"Adrenaline","floor":16.0},{"not_picked":["Blur","Underhanded Strike","Reflex"],"picked":"SKIP","floor":18},{"not_picked":["Backflip","Outmaneuver"],"picked":"PiercingWail+1","floor":19}],"player_experience":175626,"relics_obtained":[{"floor":7.0,"key":"Sundial"},{"floor":9.0,"key":"Matryoshka"}],"event_choices":[{"damage_healed":0.0,"max_hp_gain":0.0,"max_hp_loss":0.0,"gold_gain":0.0,"event_name":"Scrap Ooze","player_choice":"Success","floor":2.0,"gold_loss":0.0,"damage_taken":12.0,"relics_obtained":["Kunai"]},{"cards_removed":["Defend_G"],"damage_healed":0.0,"max_hp_gain":0.0,"max_hp_loss":0.0,"gold_gain":0.0,"event_name":"Purifier","player_choice":"Purged","floor":3.0,"gold_loss":0.0,"damage_taken":0.0},{"damage_healed":0.0,"max_hp_gain":0.0,"max_hp_loss":0.0,"gold_gain":0.0,"event_name":"Liars Game","player_choice":"Ignored","floor":11.0,"gold_loss":0.0,"damage_taken":0.0},{"cards_removed":["Strike_G"],"damage_healed":0,"gold_gain":0,"player_choice":"Gave Gold","damage_taken":0,"max_hp_gain":0,"max_hp_loss":0,"event_name":"Beggar","floor":20,"gold_loss":75},{"damage_healed":0,"gold_gain":0,"player_choice":"Ignored","damage_taken":0,"max_hp_gain":0,"max_hp_loss":0,"event_name":"NoteForYourself","floor":22,"gold_loss":0}],"is_beta":false,"boss_relics":[{"not_picked":["HoveringKite","Fusion Hammer"],"picked":"Black Star"}],"items_purged_floors":[],"is_endless":false,"potions_floor_spawned":[7,8,14,18],"killed_by":"Gremlin Leader","ascension_level":0}