{"gold_per_floor":[17,30,30,43,54,54,83,83,83,95,42,71,87,104,104,104],"floor_reached":16,"playtime":1546,"items_purged":[],"score":222,"play_id":"2f0f791b-664c-4eb4-8221-0b89584124f0","local_time":"20190628094727","is_ascension_mode":true,"campfire_choices":[{"data":"Corruption","floor":6,"key":"SMITH"},{"data":"Bash","floor":8,"key":"SMITH"},{"data":"Inflame","floor":15,"key":"SMITH"}],"neow_cost":"NO_GOLD","seed_source_timestamp":1316129342509701,"circlet_count":0,"master_deck":["AscendersBane","Strike_R","Strike_R","Strike_R","Strike_R","Defend_R","Defend_R","Defend_R","Defend_R","Bash+1","Sword Boomerang","Clothesline","Seeing Red","Corruption+1","Rupture","Inflame+1","Shockwave","Carnage","Barricade"],"relics":["Burning Blood","Calipers","Mummified Hand","Darkstone Periapt","Gremlin Horn"],"potions_floor_usage":[7,12,14,16],"damage_taken":[{"damage":19,"enemies":"Jaw Worm","floor":1,"turns":5},{"damage":1,"enemies":"Cultist","floor":2,"turns":3},{"damage":1,"enemies":"2 Louse","floor":4,"turns":3},{"damage":2,"enemies":"Exordium Wildlife","floor":5,"turns":3},{"damage":48,"enemies":"Gremlin Nob","floor":7,"turns":5},{"damage":15,"enemies":"Large Slime","floor":10,"turns":7},{"damage":5,"enemies":"Lagavulin","floor":12,"turns":5},{"damage":9,"enemies":"3 Louse","floor":13,"turns":3},{"damage":3,"enemies":"Exordium Thugs","floor":14,"turns":3},{"damage":21,"enemies":"Slime Boss","floor":16,"turns":5}],"seed_played":"-9167354463284245825","potions_obtained":[{"floor":2,"key":"Swift Potion"},{"floor":10,"key":"FearPotion"},{"floor":13,"key":"Block Potion"},{"floor":14,"key":"Swift Potion"}],"is_trial":false,"path_per_floor":["M","M","?","M","M","R","E","R","T","M","$","E","M","M","R","B"],"character_chosen":"IRONCLAD","items_purchased":["SteroidPotion"],"campfire_rested":0,"item_purchase_floors":[11],"current_hp_per_floor":[55,60,60,65,69,69,27,27,27,18,18,19,16,19,19,0],"gold":104,"neow_bonus":"ONE_RARE_RELIC","is_prod":false,"is_daily":false,"chose_seed":false,"campfire_upgraded":3,"win_rate":0,"timestamp":1561704447,"path_taken":["M","M","?","M","?","R","E","R","T","M","$","E","M","M","R","BOSS"],"build_version":"2019-01-23","purchased_purges":0,"victory":false,"max_hp_per_floor":[75,75,75,75,75,75,75,75,75,75,75,75,75,75,75,75],"card_choices":[{"not_picked":["Cleave","Thunderclap"],"picked":"Sword Boomerang","floor":1},{"not_picked":["Dual Wield","Armaments"],"picked":"Clothesline","floor":2},{"not_picked":["True Grit","Heavy Blade"],"picked":"Seeing Red","floor":4},{"not_picked":["Body Slam","Reckless Charge"],"picked":"Corruption","floor":5},{"not_picked":["Heavy Blade","True Grit"],"picked":"Rupture","floor":7},{"not_picked":["Combust","Fire Breathing"],"picked":"Inflame","floor":10},{"not_picked":["Ghostly Armor","Rampage"],"picked":"Shockwave","floor":12},{"not_picked":["Armaments","Twin Strike"],"picked":"Carnage","floor":13},{"not_picked":["Rage","Entrench"],"picked":"Barricade","floor":14}],"player_experience":620707,"relics_obtained":[{"floor":7,"key":"Mummified Hand"},{"floor":9,"key":"Darkstone Periapt"},{"floor":12,"key":"Gremlin Horn"}],"event_choices":[{"cards_removed":["Strike_R"],"damage_healed":0,"gold_gain":0,"player_choice":"Purged","damage_taken":0,"max_hp_gain":0,"max_hp_loss":0,"event_name":"Purifier","floor":3,"gold_loss":0}],"is_beta":false,"boss_relics":[],"items_purged_floors":[],"is_endless":false,"potions_floor_spawned":[2,10,13,14],"killed_by":"Slime Boss","ascension_level":19}