{"gold_per_floor":[111,111,186,201,201,242,255,291,316,316,340,340,371,127,127,225,225,181,181,205,205,37,37],"floor_reached":23,"playtime":1312,"items_purged":["Strike_B"],"score":514,"play_id":"d143ffa6-0eb4-42dd-b541-c6e3fe5aec0f","local_time":"20190716005256","is_ascension_mode":true,"campfire_choices":[{"floor":10.0,"key":"REST"},{"data":"Buffer","floor":12.0,"key":"SMITH"},{"data":"Capacitor","floor":15.0,"key":"SMITH"}],"neow_cost":"NONE","seed_source_timestamp":161140309395316,"circlet_count":0,"master_deck":["AscendersBane","Strike_B","Strike_B+1","Defend_B","Defend_B","Defend_B","Defend_B","Zap","Dualcast","Conserve Battery","Sunder+1","Gash","Buffer+1","Genetic Algorithm","Conserve Battery","Cold Snap","Gash","Capacitor+1","Machine Learning","Writhe"],"special_seed":0,"relics":["Cracked Core","NeowsBlessing","Golden Idol","Omamori","Whetstone","Anchor","WingedGreaves","Calling Bell","Lantern","Ornamental Fan","Turnip","PreservedInsect"],"potions_floor_usage":[],"damage_taken":[{"damage":0.0,"enemies":"Jaw Worm","floor":1.0,"turns":1.0},{"damage":0.0,"enemies":"Small Slimes","floor":4.0,"turns":1.0},{"damage":0.0,"enemies":"Gremlin Nob","floor":6.0,"turns":1.0},{"damage":0.0,"enemies":"2 Louse","floor":7.0,"turns":2.0},{"damage":45.0,"enemies":"3 Sentries","floor":8.0,"turns":9.0},{"damage":4.0,"enemies":"Exordium Wildlife","floor":11.0,"turns":3.0},{"damage":0.0,"enemies":"Gremlin Nob","floor":13.0,"turns":4.0},{"damage":28.0,"enemies":"Slime Boss","floor":16.0,"turns":13.0},{"damage":28,"enemies":"2 Thieves","floor":18,"turns":5},{"damage":10,"enemies":"Shell Parasite","floor":20,"turns":7},{"damage":28,"enemies":"Slavers","floor":23,"turns":2}],"seed_played":"-2439078522364104808","potions_obtained":[{"floor":1.0,"key":"Poison Potion"},{"floor":4.0,"key":"Fruit Juice"},{"floor":11.0,"key":"PowerPotion"}],"is_trial":false,"path_per_floor":["M","?","?","M","?","E","M","E","T","R","M","R","E","$","R","B",null,"M","?","M","?","$","E"],"character_chosen":"DEFECT","items_purchased":["Cold Snap","Gash","Capacitor","PreservedInsect"],"campfire_rested":1,"item_purchase_floors":[14,14,14,22],"current_hp_per_floor":[64,64,53,53,53,58,58,13,13,33,29,29,29,29,29,1,52,24,24,14,28,28,0],"gold":37,"neow_bonus":"THREE_ENEMY_KILL","is_prod":false,"is_daily":false,"chose_seed":false,"campfire_upgraded":2,"win_rate":0,"timestamp":1563227576,"path_taken":["M","?","?","M","?","E","M","E","T","R","M","R","E","?","R","BOSS","M","?","M","?","?","E"],"build_version":"2019-07-05","purchased_purges":1,"victory":false,"max_hp_per_floor":[71,64,64,64,64,69,69,69,69,69,69,69,69,69,69,69,69,69,69,69,69,69,69],"card_choices":[{"not_picked":["Recycle","Reprogram"],"picked":"Conserve Battery","floor":1.0},{"not_picked":["Steam","Darkness"],"picked":"Sunder","floor":4.0},{"not_picked":["Stack","Fusion","Steam Power"],"picked":"SKIP","floor":6.0},{"not_picked":["Auto Shields","Undo"],"picked":"Gash","floor":7.0},{"not_picked":["Hologram","Lockon"],"picked":"Buffer","floor":8.0},{"not_picked":["Sunder","Rebound"],"picked":"Genetic Algorithm","floor":11.0},{"not_picked":["Blizzard","Chaos"],"picked":"Conserve Battery","floor":13.0},{"not_picked":["Fission","Reboot"],"picked":"Machine Learning","floor":16.0},{"not_picked":["Chaos","Sweeping Beam","Compile Driver"],"picked":"SKIP","floor":18},{"not_picked":["Blizzard+1","Fusion","Redo"],"picked":"SKIP","floor":20}],"player_experience":724163,"relics_obtained":[{"floor":6.0,"key":"Omamori"},{"floor":8.0,"key":"Whetstone"},{"floor":9.0,"key":"Anchor"},{"floor":13.0,"key":"WingedGreaves"},{"floor":17.0,"key":"Lantern"},{"floor":17.0,"key":"Ornamental Fan"},{"floor":17.0,"key":"Turnip"}],"event_choices":[{"damage_healed":0.0,"max_hp_gain":0.0,"max_hp_loss":7.0,"gold_gain":0.0,"event_name":"Golden Idol","player_choice":"Lose Max HP","floor":2.0,"gold_loss":0.0,"damage_taken":0.0,"relics_obtained":["Golden Idol"]},{"damage_healed":0.0,"max_hp_gain":0.0,"max_hp_loss":0.0,"gold_gain":75.0,"event_name":"World of Goop","player_choice":"Gather Gold","floor":3.0,"gold_loss":0.0,"damage_taken":11.0},{"cards_removed":["Strike_B"],"damage_healed":0.0,"max_hp_gain":0.0,"max_hp_loss":0.0,"gold_gain":0.0,"event_name":"Living Wall","player_choice":"Forget","floor":5.0,"gold_loss":0.0,"damage_taken":0.0},{"damage_healed":0,"gold_gain":0,"player_choice":"Ignored","damage_taken":0,"max_hp_gain":0,"max_hp_loss":0,"event_name":"The Mausoleum","floor":19,"gold_loss":0},{"damage_healed":14,"gold_gain":0,"player_choice":"Heal","damage_taken":0,"max_hp_gain":0,"max_hp_loss":0,"event_name":"The Library","floor":21,"gold_loss":0}],"is_beta":false,"boss_relics":[{"not_picked":["Lizard Tail","Orrery"],"picked":"Calling Bell"}],"items_purged_floors":[14],"is_endless":false,"potions_floor_spawned":[1,4,11],"killed_by":"Slavers","ascension_level":20}