{"gold_per_floor":[214,226,236,13,13,13,58,118,148,186,203,203,232,277,277,377,377,391,306,66,106,141,141,225,225,225,99,136,162,206,266,266,342,342,382,393,393,417,484,484,88,88,88,88,138,138,195,235,235,235],"floor_reached":50,"playtime":8696,"items_purged":["Strike_G","Strike_G","Writhe"],"score":1242,"play_id":"158a8d41-f518-4a7a-aebe-37c349e82b3f","local_time":"20190625004308","is_ascension_mode":true,"campfire_choices":[{"data":"Deadly Poison","floor":6.0,"key":"SMITH"},{"floor":12.0,"key":"REST"},{"data":"Footwork","floor":15.0,"key":"SMITH"},{"data":"Well Laid Plans","floor":23.0,"key":"SMITH"},{"data":"Wraith Form v2","floor":25.0,"key":"SMITH"},{"floor":32.0,"key":"REST"},{"data":"Catalyst","floor":40.0,"key":"SMITH"},{"data":"Footwork","floor":42.0,"key":"SMITH"},{"data":"Leg Sweep","floor":44.0,"key":"SMITH"},{"floor":49.0,"key":"RECALL"}],"neow_cost":"NONE","seed_source_timestamp":1015634909280320,"circlet_count":0,"master_deck":["AscendersBane","Defend_G","Defend_G","Defend_G","Defend_G","Defend_G","Strike_G","Strike_G","Strike_G","Survivor","Neutralize","Footwork+1","Poisoned Stab","Escape Plan","HandOfGreed+1","Deadly Poison+1","PiercingWail","Footwork+1","Bane","Terror","Well Laid Plans+1","Backflip","Wraith Form v2+1","Catalyst+1","Escape Plan","Leg Sweep+1","Cloak And Dagger","PiercingWail","Acrobatics","Escape Plan","Deflect","Blur+1","Adrenaline","Backflip+1","PiercingWail","Cloak And Dagger+1","Well Laid Plans+1","Dodge and Roll","Finesse","Noxious Fumes+1","Bullet Time","Dodge and Roll"],"special_seed":0,"relics":["Ring of the Snake","Pen Nib","Tiny Chest","Odd Mushroom","Sozu","Molten Egg 2","Anchor","Pocketwatch","Ginger","Frozen Egg 2","Cursed Key","Membership Card","Shuriken","Orichalcum"],"potions_floor_usage":[],"damage_taken":[{"damage":0.0,"enemies":"Jaw Worm","floor":1.0,"turns":5.0},{"damage":0.0,"enemies":"Small Slimes","floor":2.0,"turns":6.0},{"damage":7.0,"enemies":"Cultist","floor":3.0,"turns":4.0},{"damage":7.0,"enemies":"Red Slaver","floor":7.0,"turns":5.0},{"damage":34.0,"enemies":"Gremlin Nob","floor":8.0,"turns":5.0},{"damage":0.0,"enemies":"Looter","floor":10.0,"turns":4.0},{"damage":6.0,"enemies":"Exordium Thugs","floor":11.0,"turns":8.0},{"damage":1.0,"enemies":"The Mushroom Lair","floor":13.0,"turns":5.0},{"damage":0.0,"enemies":"2 Fungi Beasts","floor":14.0,"turns":2.0},{"damage":4.0,"enemies":"Slime Boss","floor":16.0,"turns":6.0},{"damage":1.0,"enemies":"Spheric Guardian","floor":18.0,"turns":5.0},{"damage":0.0,"enemies":"Shell Parasite","floor":21.0,"turns":6.0},{"damage":5.0,"enemies":"Snecko","floor":22.0,"turns":9.0},{"damage":23.0,"enemies":"Slavers","floor":24.0,"turns":8.0},{"damage":2.0,"enemies":"Snake Plant","floor":28.0,"turns":5.0},{"damage":0.0,"enemies":"Book of Stabbing","floor":29.0,"turns":6.0},{"damage":0.0,"enemies":"Chosen and Byrds","floor":30.0,"turns":6.0},{"damage":12.0,"enemies":"Gremlin Leader","floor":31.0,"turns":8.0},{"damage":0.0,"enemies":"Champ","floor":33.0,"turns":15.0},{"damage":0.0,"enemies":"Orb Walker","floor":35.0,"turns":6.0},{"damage":0.0,"enemies":"3 Darklings","floor":36.0,"turns":10.0},{"damage":0.0,"enemies":"Sphere and 2 Shapes","floor":39.0,"turns":9.0},{"damage":0.0,"enemies":"Nemesis","floor":45.0,"turns":11.0},{"damage":36.0,"enemies":"Reptomancer","floor":47.0,"turns":8.0},{"damage":0.0,"enemies":"Spire Growth","floor":48.0,"turns":7.0},{"damage":26,"enemies":"Awakened One","floor":50,"turns":4}],"seed_played":"1155854127527701858","potions_obtained":[{"floor":2.0,"key":"Ancient Potion"},{"floor":3.0,"key":"Swift Potion"},{"floor":11.0,"key":"SpeedPotion"},{"floor":16.0,"key":"Explosive Potion"}],"is_trial":false,"path_per_floor":["M","M","M","$","?","R","M","E","T","M","M","R","?","M","R","B",null,"M","?","$","M","M","R","E","R","T","$","M","E","M","E","R","B",null,"M","M","?","T","M","R","$","R","T","R","E","?","E","M","R","B"],"character_chosen":"THE_SILENT","items_purchased":["HandOfGreed","Deadly Poison","Catalyst","Escape Plan","Acrobatics","Membership Card","Well Laid Plans+1","Dodge and Roll","Finesse"],"campfire_rested":2,"item_purchase_floors":[4,4,20,20,27,41,41,41,41],"current_hp_per_floor":[59,59,52,52,52,52,45,11,11,11,5,24,23,23,23,19,54,53,53,53,53,48,48,25,25,25,25,23,23,23,11,30,30,57,57,57,57,57,57,57,57,57,57,57,57,57,21,21,21,0],"gold":235,"neow_bonus":"HUNDRED_GOLD","is_prod":false,"is_daily":false,"chose_seed":false,"campfire_upgraded":7,"win_rate":0,"timestamp":1561412588,"path_taken":["M","M","M","$","?","R","M","E","T","M","M","R","?","M","R","BOSS","M","?","$","M","M","R","E","R","T","?","M","E","M","E","R","BOSS","M","M","?","?","M","R","?","R","T","R","E","?","E","M","R","BOSS"],"build_version":"2019-01-23","purchased_purges":3,"victory":false,"max_hp_per_floor":[66,66,66,66,66,66,66,66,66,66,66,66,66,66,66,66,66,66,66,66,66,66,66,66,66,66,66,66,66,66,66,66,66,66,66,66,66,66,66,66,66,66,66,66,66,66,66,66,66,66],"card_choices":[{"not_picked":["Acrobatics","Prepared"],"picked":"Footwork","floor":1.0},{"not_picked":["Sucker Punch","Tactician"],"picked":"Poisoned Stab","floor":2.0},{"not_picked":["Outmaneuver","Backstab"],"picked":"Escape Plan","floor":3.0},{"not_picked":["Cloak And Dagger","Dagger Throw"],"picked":"PiercingWail","floor":7.0},{"not_picked":["Flying Knee","Eviscerate"],"picked":"Footwork","floor":8.0},{"not_picked":["Cloak And Dagger","Sucker Punch"],"picked":"Bane","floor":10.0},{"not_picked":["Heel Hook","Accuracy"],"picked":"Terror","floor":11.0},{"not_picked":["Quick Slash","Venomology"],"picked":"Well Laid Plans","floor":13.0},{"not_picked":["Escape Plan","Crippling Poison"],"picked":"Backflip","floor":14.0},{"not_picked":["Burst","Grand Finale"],"picked":"Wraith Form v2","floor":16.0},{"not_picked":["Caltrops","Outmaneuver","Underhanded Strike+1"],"picked":"SKIP","floor":18.0},{"not_picked":["Expertise","Skewer+1"],"picked":"Leg Sweep","floor":21.0},{"not_picked":["Flying Knee+1","Blade Dance"],"picked":"Cloak And Dagger","floor":22.0},{"not_picked":["Slice+1","Underhanded Strike+1"],"picked":"PiercingWail","floor":24.0},{"not_picked":["Sucker Punch+1","Underhanded Strike+1"],"picked":"Escape Plan","floor":28.0},{"not_picked":["Flying Knee+1","Grand Finale+1","Accuracy"],"picked":"SKIP","floor":29.0},{"not_picked":["Quick Slash+1","Blade Dance+1"],"picked":"Deflect","floor":30.0},{"not_picked":["Bane+1","Predator+1"],"picked":"Blur+1","floor":31.0},{"not_picked":["Unload+1","Doppelganger"],"picked":"Adrenaline","floor":33.0},{"not_picked":["Setup+1","Reflex"],"picked":"Backflip+1","floor":35.0},{"not_picked":["Dagger Spray+1","Dagger Throw+1"],"picked":"PiercingWail","floor":36.0},{"not_picked":["Dagger Spray+1","Distraction"],"picked":"Cloak And Dagger+1","floor":39.0},{"not_picked":["Backflip+1","Deadly Poison"],"picked":"Noxious Fumes+1","floor":45.0},{"not_picked":["Prepared","Dagger Throw+1","Deadly Poison"],"picked":"SKIP","floor":47.0},{"not_picked":["Deadly Poison","Poisoned Stab+1"],"picked":"Dodge and Roll","floor":48.0}],"player_experience":509614,"relics_obtained":[{"floor":8.0,"key":"Pen Nib"},{"floor":9.0,"key":"Tiny Chest"},{"floor":13.0,"key":"Odd Mushroom"},{"floor":24.0,"key":"Anchor"},{"floor":26.0,"key":"Pocketwatch"},{"floor":29.0,"key":"Ginger"},{"floor":31.0,"key":"Frozen Egg 2"},{"floor":45.0,"key":"Shuriken"},{"floor":47.0,"key":"Orichalcum"}],"event_choices":[{"damage_healed":0.0,"max_hp_gain":0.0,"max_hp_loss":0.0,"gold_gain":0.0,"event_name":"Living Wall","player_choice":"Grow","floor":5.0,"gold_loss":0.0,"damage_taken":0.0,"cards_upgraded":["HandOfGreed"]},{"damage_healed":0.0,"max_hp_gain":0.0,"max_hp_loss":0.0,"gold_gain":0.0,"event_name":"Mushrooms","player_choice":"Fought Mushrooms","floor":13.0,"gold_loss":0.0,"damage_taken":0.0},{"damage_healed":0.0,"max_hp_gain":0.0,"max_hp_loss":0.0,"gold_gain":0.0,"event_name":"Addict","player_choice":"Obtained Relic","floor":19.0,"gold_loss":85.0,"damage_taken":0.0,"relics_obtained":["Molten Egg 2"]},{"damage_healed":0.0,"max_hp_gain":0.0,"max_hp_loss":0.0,"gold_gain":0.0,"event_name":"Tomb of Lord Red Mask","player_choice":"Ignored","floor":37.0,"gold_loss":0.0,"damage_taken":0.0},{"damage_healed":0.0,"max_hp_gain":0.0,"max_hp_loss":0.0,"gold_gain":0.0,"event_name":"Match and Keep!","player_choice":"1 cards matched","floor":46.0,"gold_loss":0.0,"damage_taken":0.0,"cards_obtained":["Bullet Time"]}],"is_beta":false,"boss_relics":[{"not_picked":["Velvet Choker","Black Star"],"picked":"Sozu"},{"not_picked":["WristBlade","Eternal Feather"],"picked":"Cursed Key"}],"items_purged_floors":[20,27,41],"is_endless":false,"potions_floor_spawned":[2,3,11,16,22,28,30,31,33,36,39,45,47],"killed_by":"Awakened One","ascension_level":16}