{"gold_per_floor":[362,337,337,352,311,339,339,358,358,338,338,352,65,65,65,138,138,149,43,58,77,77,77,77],"floor_reached":24,"playtime":1278,"items_purged":["Strike_R"],"score":388,"play_id":"349f867c-21fd-466d-ab01-c4d9c7b59f0a","local_time":"20190701104434","is_ascension_mode":true,"campfire_choices":[{"floor":7,"key":"REST"},{"data":"Havoc","floor":11,"key":"SMITH"},{"data":"Clothesline","floor":15,"key":"SMITH"},{"floor":23,"key":"REST"}],"neow_cost":"PERCENT_DAMAGE","seed_source_timestamp":256086680826300,"circlet_count":0,"master_deck":["AscendersBane","Defend_R","Defend_R","Defend_R","Bash","Flex","Havoc+1","Clothesline+1","Iron Wave","Armaments","Burning Pact","Bludgeon+1","Pummel+1","Feed+1","Berserk+1","Fiend Fire+1","Burning Pact+1","Uppercut+1","Blind","Wild Strike+1","True Grit"],"relics":["Burning Blood","Self Forming Clay","Molten Egg 2","Astrolabe"],"potions_floor_usage":[6,16,16,20,24],"damage_taken":[{"damage":5,"enemies":"Small Slimes","floor":1,"turns":3},{"damage":3,"enemies":"2 Louse","floor":4,"turns":4},{"damage":57,"enemies":"Lagavulin","floor":6,"turns":10},{"damage":0,"enemies":"Cultist","floor":8,"turns":3},{"damage":1,"enemies":"2 Fungi Beasts","floor":12,"turns":4},{"damage":45,"enemies":"Hexaghost","floor":16,"turns":11},{"damage":17,"enemies":"2 Thieves","floor":18,"turns":4},{"damage":9,"enemies":"Chosen","floor":20,"turns":3},{"damage":37,"enemies":"Snake Plant","floor":21,"turns":5},{"damage":45,"enemies":"Book of Stabbing","floor":24,"turns":5}],"seed_played":"-2743610304570014464","potions_obtained":[{"floor":4,"key":"BloodPotion"},{"floor":8,"key":"Swift Potion"},{"floor":10,"key":"Strength Potion"},{"floor":18,"key":"GamblersBrew"},{"floor":21,"key":"FearPotion"}],"is_trial":false,"path_per_floor":["M","$","?","M","?","E","R","M","T","?","R","M","$","?","R","B",null,"M","$","M","M","?","R","E"],"character_chosen":"IRONCLAD","items_purchased":["Havoc","Bludgeon+1","Pummel+1","Blind"],"campfire_rested":2,"item_purchase_floors":[2,13,13,19],"current_hp_per_floor":[51,51,51,54,54,10,32,38,38,38,38,43,43,68,68,29,64,53,53,50,19,19,41,0],"gold":77,"neow_bonus":"TWO_FIFTY_GOLD","is_prod":false,"is_daily":false,"chose_seed":false,"campfire_upgraded":2,"win_rate":0,"timestamp":1561992274,"path_taken":["M","$","?","M","?","E","R","M","T","?","R","?","$","?","R","BOSS","M","$","M","M","?","R","E"],"build_version":"2019-01-23","purchased_purges":1,"victory":false,"max_hp_per_floor":[75,75,75,75,75,75,75,75,75,75,75,75,75,75,75,75,75,75,75,75,75,75,75,75],"card_choices":[{"not_picked":["Anger","Thunderclap"],"picked":"Flex","floor":1},{"not_picked":["Thunderclap","Flex"],"picked":"Clothesline","floor":4},{"not_picked":["Twin Strike","Infernal Blade"],"picked":"Iron Wave","floor":6},{"not_picked":["Cleave","Fire Breathing"],"picked":"Armaments","floor":8},{"not_picked":["Perfected Strike+1","Berserk"],"picked":"Burning Pact","floor":12},{"not_picked":["Reaper+1","Demon Form"],"picked":"Feed+1","floor":16},{"not_picked":["Metallicize","Cleave+1"],"picked":"Uppercut+1","floor":18},{"not_picked":["Rampage+1","Armaments"],"picked":"Wild Strike+1","floor":20},{"not_picked":["Dual Wield","Rupture"],"picked":"True Grit","floor":21}],"player_experience":1607618,"relics_obtained":[{"floor":6,"key":"Self Forming Clay"},{"floor":9,"key":"Molten Egg 2"}],"event_choices":[{"cards_removed":["Strike_R"],"damage_healed":0,"gold_gain":0,"player_choice":"Forget","damage_taken":0,"max_hp_gain":0,"max_hp_loss":0,"event_name":"Living Wall","floor":3,"gold_loss":0},{"damage_healed":0,"gold_gain":0,"player_choice":"Left Gold","damage_taken":0,"max_hp_gain":0,"max_hp_loss":0,"event_name":"World of Goop","floor":5,"gold_loss":41},{"damage_healed":0,"gold_gain":0,"player_choice":"Bought 1 Potion","damage_taken":0,"max_hp_gain":0,"max_hp_loss":0,"event_name":"The Woman in Blue","floor":10,"gold_loss":0},{"damage_healed":25,"gold_gain":0,"player_choice":"Banana","damage_taken":0,"max_hp_gain":0,"max_hp_loss":0,"event_name":"Big Fish","floor":14,"gold_loss":0},{"cards_removed":["Defend_R"],"damage_healed":0,"gold_gain":0,"player_choice":"Elegance","damage_taken":0,"max_hp_gain":0,"max_hp_loss":0,"event_name":"Back to Basics","floor":22,"gold_loss":0}],"is_beta":false,"boss_relics":[{"not_picked":["Ectoplasm","Coffee Dripper"],"picked":"Astrolabe"}],"items_purged_floors":[13],"is_endless":false,"potions_floor_spawned":[4,8,12,18,21],"killed_by":"Book of Stabbing","ascension_level":20}