{"gold_per_floor":[16,16,31,31,47,47,73,73,73,84,84,113,124,136,136,208,208,224,40,40,90,90,90,118,118,118,147,8,8,26,38,38,116,116,127,127,146,166,166,196,208,224,248,248,96,126,142,161,161,161,161,161,161,18,49,49],"floor_reached":57,"playtime":10026,"items_purged":["Pain","Strike_G+1"],"score":2874,"play_id":"c7528cab-5a31-4553-898c-3d0f4f09d0eb","local_time":"20190717194702","is_ascension_mode":true,"campfire_choices":[{"data":"Well Laid Plans","floor":6.0,"key":"SMITH"},{"floor":8.0,"key":"REST"},{"data":"Deadly Poison","floor":15.0,"key":"SMITH"},{"data":"After Image","floor":23.0,"key":"SMITH"},{"data":"Deadly Poison","floor":25.0,"key":"SMITH"},{"data":"Footwork","floor":32.0,"key":"SMITH"},{"floor":44.0,"key":"RECALL"},{"floor":49.0,"key":"REST"},{"floor":53.0,"key":"REST"}],"neow_cost":"NO_GOLD","seed_source_timestamp":306912201865696,"circlet_count":0,"master_deck":["AscendersBane","Strike_G+1","Defend_G+1","Defend_G+1","Defend_G+1","Defend_G+1","Defend_G+1","Survivor","Neutralize","Reflex","Outmaneuver","Poisoned Stab","Sucker Punch","Well Laid Plans+1","Deadly Poison+1","Dodge and Roll","Predator","Deadly Poison+1","After Image+1","Deadly Poison","Well Laid Plans","Acrobatics","Tools of the Trade","Backflip","Acrobatics","Footwork+1","Deadly Poison","Tactician","Deflect","Acrobatics+1","PiercingWail+1","Escape Plan+1","Backflip","Backflip","Escape Plan","Noxious Fumes","Deflect"],"special_seed":0,"relics":["Ring of the Snake","WarpedTongs","Meat on the Bone","Snake Skull","Oddly Smooth Stone","Philosopher\u0027s Stone","Nilry\u0027s Codex","Happy Flower","Matryoshka","Bag of Marbles","Fusion Hammer","Strawberry","Art of War","Shuriken","Bottled Flame"],"potions_floor_usage":[56],"damage_taken":[{"damage":0.0,"enemies":"2 Louse","floor":1.0,"turns":7.0},{"damage":4.0,"enemies":"Cultist","floor":3.0,"turns":4.0},{"damage":6.0,"enemies":"Jaw Worm","floor":5.0,"turns":4.0},{"damage":42.0,"enemies":"3 Sentries","floor":7.0,"turns":18.0},{"damage":12.0,"enemies":"Large Slime","floor":10.0,"turns":8.0},{"damage":25.0,"enemies":"Gremlin Nob","floor":12.0,"turns":5.0},{"damage":8.0,"enemies":"2 Fungi Beasts","floor":13.0,"turns":5.0},{"damage":3.0,"enemies":"Looter","floor":14.0,"turns":3.0},{"damage":15.0,"enemies":"The Guardian","floor":16.0,"turns":9.0},{"damage":28.0,"enemies":"2 Thieves","floor":18.0,"turns":4.0},{"damage":2.0,"enemies":"Book of Stabbing","floor":24.0,"turns":6.0},{"damage":18.0,"enemies":"Slavers","floor":27.0,"turns":8.0},{"damage":12.0,"enemies":"Chosen","floor":30.0,"turns":4.0},{"damage":10.0,"enemies":"Shelled Parasite and Fungi","floor":31.0,"turns":5.0},{"damage":16.0,"enemies":"Automaton","floor":33.0,"turns":11.0},{"damage":0.0,"enemies":"Orb Walker","floor":35.0,"turns":4.0},{"damage":6.0,"enemies":"3 Darklings","floor":37.0,"turns":6.0},{"damage":0.0,"enemies":"Maw","floor":38.0,"turns":7.0},{"damage":6.0,"enemies":"Reptomancer","floor":40.0,"turns":6.0},{"damage":0.0,"enemies":"4 Shapes","floor":41.0,"turns":6.0},{"damage":0.0,"enemies":"Spire Growth","floor":42.0,"turns":5.0},{"damage":0.0,"enemies":"Giant Head","floor":46.0,"turns":7.0},{"damage":0.0,"enemies":"Jaw Worm Horde","floor":47.0,"turns":5.0},{"damage":10.0,"enemies":"3 Darklings","floor":48.0,"turns":7.0},{"damage":9.0,"enemies":"Time Eater","floor":50.0,"turns":9.0},{"damage":0.0,"enemies":"Donu and Deca","floor":51.0,"turns":9.0},{"damage":24.0,"enemies":"Shield and Spear","floor":55.0,"turns":8.0},{"damage":20,"enemies":"The Heart","floor":56,"turns":14}],"seed_played":"2168408683974440994","potions_obtained":[{"floor":1.0,"key":"Poison Potion"},{"floor":7.0,"key":"GhostInAJar"},{"floor":10.0,"key":"GhostInAJar"},{"floor":16.0,"key":"Poison Potion"},{"floor":18.0,"key":"SkillPotion"},{"floor":30.0,"key":"Dexterity Potion"},{"floor":40.0,"key":"GamblersBrew"}],"is_trial":false,"path_per_floor":["M","?","M","$","M","R","E","R","T","M","?","E","M","M","R","B",null,"M","$","?","?","?","R","E","R","T","E","$","?","M","M","R","B",null,"M","?","M","M","?","E","M","M","T","R","$","E","M","M","R","B","B",null,"R","$","E","B",null],"character_chosen":"THE_SILENT","items_purchased":["Well Laid Plans","Acrobatics","GhostInAJar","Acrobatics","Backflip","Noxious Fumes","Deflect"],"campfire_rested":3,"item_purchase_floors":[19,19,28,28,45,54,54],"current_hp_per_floor":[59,59,55,55,49,49,7,26,26,26,26,13,17,26,26,23,55,39,39,39,39,18,18,28,28,28,22,22,22,22,24,24,20,55,55,51,45,45,45,46,46,46,46,46,46,46,46,48,69,60,60,70,73,73,49,41],"gold":49,"neow_bonus":"TRANSFORM_TWO_CARDS","is_prod":false,"is_daily":false,"chose_seed":false,"campfire_upgraded":5,"win_rate":0,"timestamp":1563382022,"path_taken":["M","?","M","?","M","R","E","R","T","?","?","E","M","M","R","BOSS","M","$","?","?","?","R","E","R","T","E","$","?","M","M","R","BOSS","M","?","?","M","?","E","M","M","T","R","$","E","M","M","R","BOSS","BOSS","R","$","E","BOSS"],"build_version":"2019-07-05","purchased_purges":2,"victory":true,"max_hp_per_floor":[66,66,66,66,66,66,66,66,66,66,66,66,66,66,66,66,66,66,66,66,66,66,66,66,66,66,66,66,66,66,66,66,66,66,66,66,66,66,66,73,73,73,73,73,73,73,73,73,73,73,73,73,73,73,73,73],"card_choices":[{"not_picked":["Masterful Stab","Catalyst"],"picked":"Poisoned Stab","floor":1.0},{"not_picked":["Heel Hook","Flechettes"],"picked":"Sucker Punch","floor":3.0},{"not_picked":["Quick Slash","Outmaneuver"],"picked":"Well Laid Plans","floor":5.0},{"not_picked":["Bane","Predator"],"picked":"Deadly Poison","floor":7.0},{"not_picked":["Quick Slash","Outmaneuver"],"picked":"Dodge and Roll","floor":10.0},{"not_picked":["Blade Dance","Concentrate","Bullet Time"],"picked":"SKIP","floor":12.0},{"not_picked":["Slice","Quick Slash"],"picked":"Predator","floor":13.0},{"not_picked":["Distraction","Dagger Throw"],"picked":"Deadly Poison","floor":14.0},{"not_picked":["Glass Knife","Die Die Die"],"picked":"After Image","floor":16.0},{"not_picked":["Skewer","Accuracy"],"picked":"Deadly Poison","floor":18.0},{"not_picked":["Underhanded Strike","Bane"],"picked":"Tools of the Trade","floor":24.0},{"not_picked":["Cloak And Dagger","Tools of the Trade"],"picked":"Backflip","floor":27.0},{"not_picked":["Poisoned Stab","Masterful Stab+1"],"picked":"Deadly Poison","floor":30.0},{"not_picked":["Accuracy+1","Blade Dance"],"picked":"Tactician","floor":31.0},{"not_picked":["Masterful Stab","Deadly Poison+1"],"picked":"Deflect","floor":35.0},{"not_picked":["Outmaneuver","Dodge and Roll"],"picked":"Acrobatics+1","floor":37.0},{"not_picked":["Flying Knee","Deflect"],"picked":"PiercingWail+1","floor":38.0},{"not_picked":["Well Laid Plans","Glass Knife"],"picked":"Escape Plan+1","floor":40.0},{"not_picked":["Dagger Throw","Deadly Poison","Leg Sweep"],"picked":"SKIP","floor":41.0},{"not_picked":["Skewer","Dash","Prepared"],"picked":"SKIP","floor":42.0},{"not_picked":["Escape Plan","Cloak And Dagger"],"picked":"Backflip","floor":46.0},{"not_picked":["Dagger Throw","Slice+1","Concentrate"],"picked":"SKIP","floor":47.0},{"not_picked":["Outmaneuver+1","A Thousand Cuts"],"picked":"Escape Plan","floor":48.0},{"not_picked":["Deadly Poison+1","All Out Attack","Flying Knee"],"picked":"SKIP","floor":55.0}],"player_experience":743842,"relics_obtained":[{"floor":7.0,"key":"Meat on the Bone"},{"floor":9.0,"key":"Snake Skull"},{"floor":12.0,"key":"Oddly Smooth Stone"},{"floor":22.0,"key":"Nilry\u0027s Codex"},{"floor":24.0,"key":"Happy Flower"},{"floor":26.0,"key":"Matryoshka"},{"floor":27.0,"key":"Bag of Marbles"},{"floor":40.0,"key":"Strawberry"},{"floor":43.0,"key":"Art of War"},{"floor":46.0,"key":"Shuriken"},{"floor":55.0,"key":"Bottled Flame"}],"event_choices":[{"damage_healed":0.0,"max_hp_gain":0.0,"max_hp_loss":0.0,"gold_gain":0.0,"event_name":"Accursed Blacksmith","player_choice":"Rummage","floor":2.0,"gold_loss":0.0,"damage_taken":0.0,"relics_obtained":["WarpedTongs"],"cards_obtained":["Pain"]},{"damage_healed":0.0,"max_hp_gain":0.0,"max_hp_loss":0.0,"gold_gain":0.0,"event_name":"Dead Adventurer","player_choice":"Searched \u00270\u0027 times","floor":11.0,"gold_loss":0.0,"damage_taken":0.0},{"damage_healed":0.0,"max_hp_gain":0.0,"max_hp_loss":0.0,"gold_gain":0.0,"event_name":"Back to Basics","player_choice":"Simplicity","floor":20.0,"gold_loss":0.0,"damage_taken":0.0,"cards_upgraded":["Strike_G","Strike_G","Strike_G","Defend_G","Defend_G","Defend_G","Defend_G","Defend_G"]},{"damage_healed":0.0,"max_hp_gain":0.0,"max_hp_loss":0.0,"gold_gain":50.0,"event_name":"Nest","player_choice":"Stole From Cult","floor":21.0,"gold_loss":0.0,"damage_taken":0.0},{"damage_healed":0.0,"max_hp_gain":0.0,"max_hp_loss":0.0,"gold_gain":0.0,"event_name":"Cursed Tome","player_choice":"Obtained Book","floor":22.0,"gold_loss":0.0,"damage_taken":21.0},{"damage_healed":0.0,"max_hp_gain":0.0,"max_hp_loss":0.0,"gold_gain":0.0,"event_name":"The Library","player_choice":"Read","floor":29.0,"gold_loss":0.0,"damage_taken":0.0,"cards_obtained":["Footwork"]},{"damage_healed":0.0,"max_hp_gain":0.0,"max_hp_loss":0.0,"gold_gain":0.0,"event_name":"The Woman in Blue","player_choice":"Bought 0 Potions","floor":36.0,"gold_loss":0.0,"damage_taken":0.0},{"cards_removed":["Strike_G"],"damage_healed":0.0,"max_hp_gain":0.0,"max_hp_loss":0.0,"gold_gain":0.0,"event_name":"Purifier","player_choice":"Purged","floor":39.0,"gold_loss":0.0,"damage_taken":0.0}],"is_beta":false,"boss_relics":[{"not_picked":["Lizard Tail","White Beast Statue"],"picked":"Philosopher\u0027s Stone"},{"not_picked":["Orrery","Sozu"],"picked":"Fusion Hammer"}],"items_purged_floors":[19,45],"is_endless":false,"potions_floor_spawned":[1,7,10,16,18,30,31,33,40,41,42,46],"ascension_level":20}