{"gold_per_floor":[119,119,195,195,218,218,251,271,271,17,30,46,72,90,90,189,189,202,1,18,18,37,37,67,67,67,99,117,132,160,179,179,277,277,293,293,293,304,314,314,341,341,422,435,467,467,467,493,493,493,493,493,93,128,128],"floor_reached":56,"playtime":10106,"items_purged":["Strike_G","Strike_G"],"score":1870,"play_id":"ee5a642e-263c-4232-9e00-e6c3ddc5aba1","local_time":"20190618194759","is_ascension_mode":true,"campfire_choices":[{"data":"After Image","floor":6.0,"key":"SMITH"},{"floor":15.0,"key":"REST"},{"data":"Footwork","floor":23.0,"key":"SMITH"},{"data":"Deadly Poison","floor":25.0,"key":"SMITH"},{"floor":32.0,"key":"REST"},{"data":"Well Laid Plans","floor":40.0,"key":"SMITH"},{"data":"Catalyst","floor":46.0,"key":"SMITH"},{"floor":49.0,"key":"RECALL"},{"data":"After Image","floor":52,"key":"SMITH"}],"neow_cost":"PERCENT_DAMAGE","seed_source_timestamp":477531789859901,"circlet_count":0,"master_deck":["AscendersBane","Defend_G","Defend_G","Defend_G","Defend_G","Strike_G","Strike_G","Survivor","Neutralize","After Image+1","Sucker Punch","Dagger Spray","Deflect","Skewer","Deflect","Caltrops","Outmaneuver","Crippling Poison","Acrobatics","Bullet Time","After Image+1","Well Laid Plans+1","Malaise","Catalyst+1","Deadly Poison+1","Calculated Gamble","Deflect","Footwork+1","PiercingWail","Backstab+1","Envenom","Backflip+1","Predator+1","Deadly Poison","Blur","Backflip","Doppelganger","Outmaneuver+1","Madness","Madness","Footwork+1","Acrobatics","Backflip","Backflip","Night Terror","Caltrops+1","Dark Shackles","Panache","Caltrops","Noxious Fumes"],"special_seed":0,"relics":["Ring of the Snake","Mercury Hourglass","Happy Flower","PreservedInsect","Blue Candle","Centennial Puzzle","Orrery","CultistMask","Nunchaku","Bag of Marbles","Regal Pillow","Question Card","Sozu","Bird Faced Urn","Ninja Scroll","Bottled Tornado","Ornamental Fan"],"potions_floor_usage":[55],"damage_taken":[{"damage":15.0,"enemies":"Jaw Worm","floor":1.0,"turns":8.0},{"damage":37.0,"enemies":"Gremlin Nob","floor":7.0,"turns":6.0},{"damage":0.0,"enemies":"2 Louse","floor":8.0,"turns":1.0},{"damage":1.0,"enemies":"Cultist","floor":11.0,"turns":5.0},{"damage":0.0,"enemies":"2 Fungi Beasts","floor":12.0,"turns":4.0},{"damage":4.0,"enemies":"3 Sentries","floor":13.0,"turns":4.0},{"damage":0.0,"enemies":"Lots of Slimes","floor":14.0,"turns":2.0},{"damage":13.0,"enemies":"Slime Boss","floor":16.0,"turns":8.0},{"damage":5.0,"enemies":"Shell Parasite","floor":18.0,"turns":7.0},{"damage":0.0,"enemies":"Chosen","floor":20.0,"turns":6.0},{"damage":2.0,"enemies":"Snecko","floor":22.0,"turns":9.0},{"damage":0.0,"enemies":"Gremlin Leader","floor":24.0,"turns":10.0},{"damage":24.0,"enemies":"Book of Stabbing","floor":27.0,"turns":7.0},{"damage":0.0,"enemies":"Cultist and Chosen","floor":28.0,"turns":8.0},{"damage":0.0,"enemies":"Centurion and Healer","floor":29.0,"turns":11.0},{"damage":23.0,"enemies":"Gremlin Leader","floor":30.0,"turns":8.0},{"damage":0.0,"enemies":"Snecko","floor":31.0,"turns":5.0},{"damage":11.0,"enemies":"Collector","floor":33.0,"turns":12.0},{"damage":0.0,"enemies":"Orb Walker","floor":35.0,"turns":5.0},{"damage":0.0,"enemies":"3 Shapes","floor":38.0,"turns":4.0},{"damage":13.0,"enemies":"Maw","floor":39.0,"turns":8.0},{"damage":13.0,"enemies":"Nemesis","floor":41.0,"turns":9.0},{"damage":24.0,"enemies":"3 Darklings","floor":44.0,"turns":5.0},{"damage":16.0,"enemies":"Reptomancer","floor":45.0,"turns":9.0},{"damage":24.0,"enemies":"Nemesis","floor":48.0,"turns":9.0},{"damage":13,"enemies":"Time Eater","floor":50,"turns":4},{"damage":4,"enemies":"Shield and Spear","floor":54,"turns":7},{"damage":11,"enemies":"The Heart","floor":55,"turns":12}],"seed_played":"7213004887006634538","potions_obtained":[{"floor":8.0,"key":"Poison Potion"},{"floor":13.0,"key":"SkillPotion"},{"floor":14.0,"key":"Strength Potion"},{"floor":20.0,"key":"Fire Potion"},{"floor":22.0,"key":"FairyPotion"},{"floor":27.0,"key":"Dexterity Potion"},{"floor":30.0,"key":"Fire Potion"},{"floor":33.0,"key":"GamblersBrew"}],"is_trial":false,"path_per_floor":["M","?","T","?","T","R","E","M","T","$","M","M","E","M","R","B",null,"M","$","M","?","M","R","E","R","T","E","M","M","E","M","R","B",null,"M","?","?","M","M","R","E","?","T","M","E","R","?","E","R","B",null,"R","$","E","B",null],"character_chosen":"THE_SILENT","items_purchased":["Skewer","Deflect","Caltrops","PowerPotion","FearPotion","Footwork","PiercingWail","Dark Shackles","Panache","Caltrops"],"campfire_rested":2,"item_purchase_floors":[10,10,10,10,10,19,19,53,53,53],"current_hp_per_floor":[30,53,53,46,46,46,9,9,9,9,8,8,4,4,25,12,56,51,51,51,51,49,49,49,49,49,25,25,25,2,2,38,27,59,59,59,50,50,37,37,24,61,61,45,43,43,43,33,33,28,53,53,53,61,61],"gold":128,"neow_bonus":"THREE_RARE_CARDS","is_prod":false,"is_daily":false,"chose_seed":false,"campfire_upgraded":6,"win_rate":0,"timestamp":1560876479,"path_taken":["M","?","?","?","?","R","E","M","T","$","?","M","E","M","R","BOSS","M","$","M","?","M","R","E","R","T","E","M","?","E","M","R","BOSS","M","?","?","M","M","R","E","?","T","M","E","R","?","E","R","BOSS","R","$","E","BOSS"],"build_version":"2019-01-23","purchased_purges":2,"victory":true,"max_hp_per_floor":[70,70,70,70,70,70,70,70,70,70,70,70,70,70,70,70,70,70,70,70,70,70,70,70,70,70,70,70,70,70,70,70,70,70,70,70,70,70,70,70,70,61,61,61,61,61,61,61,61,61,61,61,61,61,61],"card_choices":[{"not_picked":["Burst","Storm of Steel"],"picked":"After Image","floor":0.0},{"not_picked":["Expertise","Reflex"],"picked":"Sucker Punch","floor":1.0},{"not_picked":["Prepared","PiercingWail"],"picked":"Dagger Spray","floor":7.0},{"not_picked":["Outmaneuver","Flying Knee"],"picked":"Deflect","floor":8.0},{"not_picked":["Eviscerate","Slice"],"picked":"Outmaneuver","floor":11.0},{"not_picked":["Sucker Punch","PiercingWail"],"picked":"Crippling Poison","floor":12.0},{"not_picked":["Cloak And Dagger","Dagger Throw"],"picked":"Acrobatics","floor":13.0},{"not_picked":["Accuracy","Blade Dance"],"picked":"Bullet Time","floor":14.0},{"not_picked":["Venomology","Night Terror"],"picked":"After Image","floor":16.0},{"not_picked":["PiercingWail","Infinite Blades"],"picked":"Well Laid Plans","floor":17.0},{"not_picked":["Poisoned Stab","Deflect"],"picked":"Malaise","floor":17.0},{"not_picked":["Leg Sweep","Eviscerate"],"picked":"Catalyst","floor":17.0},{"not_picked":["Sucker Punch","Dagger Throw"],"picked":"Deadly Poison","floor":17.0},{"not_picked":["Acrobatics","Flying Knee"],"picked":"Calculated Gamble","floor":17.0},{"not_picked":["Riddle With Holes","Poisoned Stab"],"picked":"Deflect","floor":18.0},{"not_picked":["Dagger Spray+1","Masterful Stab+1","Accuracy"],"picked":"SKIP","floor":20.0},{"not_picked":["Slice","Flying Knee"],"picked":"Backstab+1","floor":22.0},{"not_picked":["Riddle With Holes","Slice+1"],"picked":"Envenom","floor":24.0},{"not_picked":["Quick Slash+1","Blade Dance+1"],"picked":"Backflip+1","floor":27.0},{"not_picked":["Heel Hook","Prepared"],"picked":"Predator+1","floor":28.0},{"not_picked":["Poisoned Stab","Dagger Spray"],"picked":"Deadly Poison","floor":29.0},{"not_picked":["Deadly Poison","Underhanded Strike"],"picked":"Blur","floor":30.0},{"not_picked":["Bane","Bullet Time","Slice"],"picked":"Backflip","floor":31.0},{"not_picked":["Phantasmal Killer","Glass Knife","Wraith Form v2"],"picked":"Doppelganger","floor":33.0},{"not_picked":["All Out Attack+1","Quick Slash+1","Choke"],"picked":"Outmaneuver+1","floor":35.0},{"not_picked":["Deadly Poison","Acrobatics","Envenom"],"picked":"Footwork+1","floor":38.0},{"not_picked":["Slice","Dagger Spray","Sucker Punch"],"picked":"Acrobatics","floor":39.0},{"not_picked":["Slice","Acrobatics","Accuracy"],"picked":"Backflip","floor":41.0},{"not_picked":["Infinite Blades","Flying Knee","Sucker Punch"],"picked":"Backflip","floor":44.0},{"not_picked":["Endless Agony","Poisoned Stab","Dash+1"],"picked":"Night Terror","floor":45.0},{"not_picked":["Dagger Spray+1","Bouncing Flask+1","Heel Hook+1"],"picked":"Caltrops+1","floor":48.0},{"not_picked":["Adrenaline","Distraction+1","Backflip"],"picked":"Noxious Fumes","floor":54}],"player_experience":304369,"relics_obtained":[{"floor":3.0,"key":"Mercury Hourglass"},{"floor":5.0,"key":"Happy Flower"},{"floor":7.0,"key":"PreservedInsect"},{"floor":9.0,"key":"Blue Candle"},{"floor":13.0,"key":"Centennial Puzzle"},{"floor":24.0,"key":"Nunchaku"},{"floor":26.0,"key":"Bag of Marbles"},{"floor":27.0,"key":"Regal Pillow"},{"floor":30.0,"key":"Question Card"},{"floor":41.0,"key":"Bird Faced Urn"},{"floor":45.0,"key":"Ninja Scroll"},{"floor":48.0,"key":"Bottled Tornado"},{"floor":54,"key":"Ornamental Fan"}],"event_choices":[{"damage_healed":23.0,"max_hp_gain":0.0,"max_hp_loss":0.0,"gold_gain":0.0,"event_name":"Big Fish","player_choice":"Banana","floor":2.0,"gold_loss":0.0,"damage_taken":0.0},{"cards_removed":["Strike_G"],"damage_healed":0.0,"max_hp_gain":0.0,"max_hp_loss":0.0,"gold_gain":0.0,"event_name":"Golden Wing","player_choice":"Card Removal","floor":4.0,"gold_loss":0.0,"damage_taken":7.0},{"damage_healed":0.0,"max_hp_gain":0.0,"max_hp_loss":0.0,"gold_gain":0.0,"event_name":"FaceTrader","player_choice":"Trade","floor":21.0,"gold_loss":0.0,"damage_taken":0.0,"relics_obtained":["CultistMask"]},{"cards_removed":["Defend_G"],"damage_healed":0.0,"max_hp_gain":0.0,"max_hp_loss":0.0,"gold_gain":0.0,"event_name":"Falling","player_choice":"Removed Skill","floor":36.0,"gold_loss":0.0,"damage_taken":0.0},{"damage_healed":0.0,"max_hp_gain":0.0,"max_hp_loss":0.0,"gold_gain":0.0,"event_name":"Winding Halls","player_choice":"Embrace Madness","floor":37.0,"gold_loss":0.0,"damage_taken":9.0,"cards_obtained":["Madness","Madness"]},{"damage_healed":61.0,"max_hp_gain":0.0,"max_hp_loss":9.0,"gold_gain":0.0,"event_name":"The Moai Head","player_choice":"Heal","floor":42.0,"gold_loss":0.0,"damage_taken":0.0},{"damage_healed":0.0,"max_hp_gain":0.0,"max_hp_loss":0.0,"gold_gain":0.0,"event_name":"Tomb of Lord Red Mask","player_choice":"Ignored","floor":47.0,"gold_loss":0.0,"damage_taken":0.0}],"is_beta":false,"boss_relics":[{"not_picked":["Calling Bell","Ring of the Serpent"],"picked":"Orrery"},{"not_picked":["Astrolabe","Velvet Choker"],"picked":"Sozu"}],"items_purged_floors":[19,53],"is_endless":false,"potions_floor_spawned":[8,13,14,20,22,27,30,33,35,39,45,54],"ascension_level":10}