{"gold_per_floor":[112,123,88,107,107,141,141,166,166,52,78,21,21,35,35,110,110,121,171,6,24,35,35,64,64,64,92,92,109,143,156,156,232,232,243,38,38,55,67,100,119,119,195,195,225,45,80,99,99,99,99,99,99,24,58,58],"floor_reached":57,"playtime":14672,"items_purged":["Strike_B","Strike_B"],"score":3936,"play_id":"98e9139d-c051-4577-a668-af51f33afb77","local_time":"20190721015048","is_ascension_mode":true,"campfire_choices":[{"data":"Defragment","floor":7.0,"key":"SMITH"},{"data":"Capacitor","floor":13.0,"key":"SMITH"},{"data":"Coolheaded","floor":15.0,"key":"SMITH"},{"data":"Seek","floor":23.0,"key":"SMITH"},{"data":"Defragment","floor":25.0,"key":"SMITH"},{"floor":28.0,"key":"REST"},{"data":"Zap","floor":32.0,"key":"SMITH"},{"floor":44.0,"key":"RECALL"},{"data":"Biased Cognition","floor":49.0,"key":"SMITH"},{"data":"Panacea","floor":53.0,"key":"SMITH"}],"neow_cost":"PERCENT_DAMAGE","seed_source_timestamp":81041657249610,"circlet_count":0,"master_deck":["AscendersBane","Strike_B","Strike_B","Defend_B","Defend_B","Defend_B","Defend_B","Zap+1","Dualcast","Defragment+1","Coolheaded+1","Glacier","Capacitor+1","Barrage","Lockon","Cold Snap","Hologram","Seek+1","Chill+1","Skim","Sunder","Defragment+1","Blizzard","Reinforced Body","Undo","Biased Cognition+1","Hologram","Panacea","Coolheaded","Barrage","Genetic Algorithm","Stack+1","Static Discharge+1","Panacea+1","Chrysalis","Bandage Up","Coolheaded","BootSequence","Reinforced Body","Force Field","Glacier"],"special_seed":0,"relics":["Cracked Core","Pear","Gambling Chip","Centennial Puzzle","Cables","Bird Faced Urn","Velvet Choker","Lantern","Question Card","Bottled Tornado","Omamori","Incense Burner","Philosopher\u0027s Stone","Ginger","Mercury Hourglass","Thread and Needle","Turnip"],"potions_floor_usage":[56,56],"damage_taken":[{"damage":7.0,"enemies":"2 Louse","floor":1.0,"turns":4.0},{"damage":14.0,"enemies":"Jaw Worm","floor":2.0,"turns":5.0},{"damage":4.0,"enemies":"Small Slimes","floor":4.0,"turns":4.0},{"damage":12.0,"enemies":"Lagavulin","floor":6.0,"turns":9.0},{"damage":4.0,"enemies":"3 Sentries","floor":8.0,"turns":21.0},{"damage":13.0,"enemies":"Lagavulin","floor":11.0,"turns":4.0},{"damage":12.0,"enemies":"Gremlin Gang","floor":14.0,"turns":6.0},{"damage":0.0,"enemies":"The Guardian","floor":16.0,"turns":12.0},{"damage":21.0,"enemies":"2 Thieves","floor":18.0,"turns":5.0},{"damage":17.0,"enemies":"Shell Parasite","floor":21.0,"turns":5.0},{"damage":0.0,"enemies":"Cultist and Chosen","floor":22.0,"turns":7.0},{"damage":14.0,"enemies":"Book of Stabbing","floor":24.0,"turns":8.0},{"damage":17.0,"enemies":"Slavers","floor":27.0,"turns":2.0},{"damage":0.0,"enemies":"Centurion and Healer","floor":29.0,"turns":8.0},{"damage":0.0,"enemies":"Book of Stabbing","floor":30.0,"turns":9.0},{"damage":1.0,"enemies":"Shelled Parasite and Fungi","floor":31.0,"turns":11.0},{"damage":21.0,"enemies":"Champ","floor":33.0,"turns":15.0},{"damage":0.0,"enemies":"3 Shapes","floor":35.0,"turns":6.0},{"damage":0.0,"enemies":"Orb Walker","floor":38.0,"turns":4.0},{"damage":0.0,"enemies":"Writhing Mass","floor":39.0,"turns":8.0},{"damage":0.0,"enemies":"Giant Head","floor":40.0,"turns":10.0},{"damage":8.0,"enemies":"Transient","floor":41.0,"turns":6.0},{"damage":10.0,"enemies":"Reptomancer","floor":45.0,"turns":14.0},{"damage":0.0,"enemies":"Nemesis","floor":47.0,"turns":11.0},{"damage":0.0,"enemies":"4 Shapes","floor":48.0,"turns":8.0},{"damage":0.0,"enemies":"Awakened One","floor":50.0,"turns":24.0},{"damage":0.0,"enemies":"Donu and Deca","floor":51.0,"turns":20.0},{"damage":15.0,"enemies":"Shield and Spear","floor":55.0,"turns":11.0},{"damage":50,"enemies":"The Heart","floor":56,"turns":10}],"seed_played":"-3635635563351669262","potions_obtained":[{"floor":1.0,"key":"Fire Potion"},{"floor":8.0,"key":"EssenceOfSteel"},{"floor":11.0,"key":"PowerPotion"},{"floor":16.0,"key":"Ancient Potion"},{"floor":27.0,"key":"AttackPotion"},{"floor":37.0,"key":"FocusPotion"},{"floor":37.0,"key":"FocusPotion"}],"is_trial":false,"path_per_floor":["M","M","?","M","T","E","R","E","T","$","E","$","R","M","R","B",null,"M","?","$","M","M","R","E","R","T","E","R","M","E","M","R","B",null,"M","$","?","M","M","E","M","?","T","R","E","$","E","M","R","B","B",null,"R","$","E","B",null],"character_chosen":"DEFECT","items_purchased":["Lockon","Cold Snap","Lantern","Panacea","Coolheaded","Barrage","BootSequence","Force Field"],"campfire_rested":1,"item_purchase_floors":[10,12,20,36,36,36,46,54],"current_hp_per_floor":[53,39,60,56,66,54,54,50,50,50,37,37,37,29,29,33,80,63,63,63,50,54,54,44,44,44,35,63,69,75,80,80,65,88,95,95,95,95,95,95,87,77,77,77,81,81,95,95,95,95,95,95,95,95,88,52],"gold":58,"neow_bonus":"TWENTY_PERCENT_HP_BONUS","is_prod":false,"is_daily":false,"chose_seed":false,"campfire_upgraded":8,"win_rate":0,"timestamp":1563663048,"path_taken":["M","M","?","M","?","E","R","E","T","$","E","$","R","M","R","BOSS","M","?","$","?","M","R","E","R","T","E","R","M","E","M","R","BOSS","M","$","?","M","?","E","M","?","T","R","E","$","E","M","R","BOSS","BOSS","R","$","E","BOSS"],"build_version":"2019-07-17","purchased_purges":2,"victory":true,"max_hp_per_floor":[85,85,85,85,95,95,95,95,95,95,95,95,95,95,95,95,95,95,95,95,95,95,95,95,95,95,95,95,95,95,95,95,95,95,95,95,95,95,95,95,95,95,95,95,95,95,95,95,95,95,95,95,95,95,95,95],"card_choices":[{"not_picked":["Double Energy","Coolheaded"],"picked":"Defragment","floor":1.0},{"not_picked":["Force Field","Rebound"],"picked":"Coolheaded","floor":2.0},{"not_picked":["Redo","Aggregate"],"picked":"Glacier","floor":4.0},{"not_picked":["Steam Power","Blizzard"],"picked":"Capacitor","floor":6.0},{"not_picked":["White Noise","Hello World"],"picked":"Barrage","floor":8.0},{"not_picked":["Reinforced Body","Rip and Tear","Chaos"],"picked":"SKIP","floor":11.0},{"not_picked":["Redo","Steam Power"],"picked":"Hologram","floor":14.0},{"not_picked":["Reboot","Hyperbeam"],"picked":"Seek","floor":16.0},{"not_picked":["Go for the Eyes","Gash"],"picked":"Chill+1","floor":18.0},{"not_picked":["Sweeping Beam","Gash"],"picked":"Skim","floor":21.0},{"not_picked":["Conserve Battery","Compile Driver"],"picked":"Sunder","floor":22.0},{"not_picked":["Heatsinks+1","Gash"],"picked":"Defragment","floor":24.0},{"not_picked":["Compile Driver","Buffer","Self Repair"],"picked":"Blizzard","floor":27.0},{"not_picked":["Beam Cell","Lockon","Conserve Battery"],"picked":"Reinforced Body","floor":29.0},{"not_picked":["Stack","Heatsinks","Buffer"],"picked":"Undo","floor":30.0},{"not_picked":["Tempest","Fusion","Sweeping Beam","Chill"],"picked":"SKIP","floor":31.0},{"not_picked":["Seek","All For One","Amplify"],"picked":"Biased Cognition","floor":33.0},{"not_picked":["Auto Shields+1","Sweeping Beam+1","Chill"],"picked":"Hologram","floor":35.0},{"not_picked":["Go for the Eyes","Turbo","Leap","Recycle"],"picked":"SKIP","floor":38.0},{"not_picked":["Steam","Rebound","Hello World"],"picked":"Genetic Algorithm","floor":39.0},{"not_picked":["Go for the Eyes+1","Steam","Genetic Algorithm"],"picked":"Stack+1","floor":40.0},{"not_picked":["Streamline","Chaos","Redo"],"picked":"Static Discharge+1","floor":41.0},{"not_picked":["Master of Strategy","Trip","Bandage Up"],"picked":"Panacea","floor":42.0},{"not_picked":["Finesse","Madness","Enlightenment"],"picked":"Chrysalis","floor":42.0},{"not_picked":["Forethought","Dramatic Entrance","Metamorphosis"],"picked":"Bandage Up","floor":42.0},{"not_picked":["Rebound","Ball Lightning","Genetic Algorithm"],"picked":"Coolheaded","floor":45.0},{"not_picked":["FTL+1","Reinforced Body","Hello World","Doom and Gloom"],"picked":"SKIP","floor":47.0},{"not_picked":["FTL+1","Hello World","Doom and Gloom"],"picked":"Reinforced Body","floor":47.0},{"not_picked":["Conserve Battery","Stack","FTL","Go for the Eyes+1"],"picked":"SKIP","floor":48.0},{"not_picked":["Go for the Eyes","Streamline","Recycle"],"picked":"Glacier","floor":55.0}],"player_experience":835745,"relics_obtained":[{"floor":5.0,"key":"Pear"},{"floor":6.0,"key":"Gambling Chip"},{"floor":8.0,"key":"Centennial Puzzle"},{"floor":9.0,"key":"Cables"},{"floor":11.0,"key":"Bird Faced Urn"},{"floor":24.0,"key":"Question Card"},{"floor":26.0,"key":"Bottled Tornado"},{"floor":27.0,"key":"Omamori"},{"floor":30.0,"key":"Incense Burner"},{"floor":40.0,"key":"Ginger"},{"floor":45.0,"key":"Mercury Hourglass"},{"floor":47.0,"key":"Thread and Needle"},{"floor":55.0,"key":"Turnip"}],"event_choices":[{"damage_healed":21.0,"max_hp_gain":0.0,"max_hp_loss":0.0,"gold_gain":0.0,"event_name":"The Cleric","player_choice":"Healed","floor":3.0,"gold_loss":35.0,"damage_taken":0.0},{"damage_healed":0.0,"max_hp_gain":0.0,"max_hp_loss":0.0,"gold_gain":100.0,"event_name":"The Joust","player_choice":"Bet on Murderer","floor":19.0,"gold_loss":50.0,"damage_taken":0.0},{"damage_healed":0.0,"max_hp_gain":0.0,"max_hp_loss":0.0,"gold_gain":0.0,"event_name":"Lab","player_choice":"Got Potions","floor":37.0,"gold_loss":0.0,"damage_taken":0.0},{"damage_healed":0.0,"max_hp_gain":0.0,"max_hp_loss":0.0,"gold_gain":0.0,"event_name":"SensoryStone","player_choice":"Memory 3","floor":42.0,"gold_loss":0.0,"damage_taken":10.0}],"is_beta":false,"boss_relics":[{"not_picked":["Coffee Dripper","Pandora\u0027s Box"],"picked":"Velvet Choker"},{"not_picked":["FrozenCore","Tiny House"],"picked":"Philosopher\u0027s Stone"}],"items_purged_floors":[10,46],"is_endless":false,"potions_floor_spawned":[1,8,11,16,18,22,24,27,33,38,39,47],"ascension_level":20}