{"gold_per_floor":[113,123,123,17,37,62,62,91,118,131,162,174,174,174,174,249,249,226,19,37,51,51,51,78,78,131,151,161,190,190,215,215,290,290,303,323,333,333,348,379,379,406,432,442,461,475,495,508,508,508,508,508,508,55,90,90],"floor_reached":57,"playtime":7232,"items_purged":["Strike_R"],"score":3071,"play_id":"9d513d43-e3ce-4cea-a917-0cd825e7c9a6","local_time":"20190723023110","is_ascension_mode":true,"campfire_choices":[{"data":"Bash","floor":7.0,"key":"SMITH"},{"data":"Demon Form","floor":13.0,"key":"SMITH"},{"data":"Flame Barrier","floor":15.0,"key":"SMITH"},{"floor":23.0,"key":"REST"},{"data":"Corruption","floor":30,"key":"SMITH"},{"data":"Disarm","floor":32,"key":"SMITH"},{"data":"Evolve","floor":41,"key":"SMITH"},{"floor":49,"key":"RECALL"},{"data":"Dark Shackles","floor":53,"key":"SMITH"}],"neow_cost":"PERCENT_DAMAGE","seed_source_timestamp":265386469444833,"circlet_count":0,"master_deck":["AscendersBane","Strike_R","Defend_R","Defend_R","Defend_R","Defend_R","Bash+1","Pummel","Clothesline","Clothesline","Twin Strike","Flame Barrier+1","Disarm+1","Iron Wave","Pommel Strike","Demon Form+1","Impervious","Ghostly Armor","Evolve+1","Havoc","Metallicize","Exhume","Blood for Blood","Iron Wave+1","Corruption+1","Exhume","Reaper","Whirlwind+1","Blood for Blood+1","Secret Technique","Panacea","Dark Shackles+1","Heavy Blade+1","Power Through","Burning Pact+1","Disarm+1","Heavy Blade","Bludgeon","Clothesline","True Grit+1"],"special_seed":0,"relics":["Burning Blood","FossilizedHelix","PreservedInsect","Smiling Mask","Bag of Marbles","Bronze Scales","Mark of Pain","Vajra","Turnip","Happy Flower","Anchor","Mercury Hourglass","Snecko Eye","Dead Branch","Singing Bowl","Bottled Tornado","StoneCalendar"],"potions_floor_usage":[29,55,56],"damage_taken":[{"damage":3.0,"enemies":"Small Slimes","floor":1.0,"turns":4.0},{"damage":0.0,"enemies":"Cultist","floor":2.0,"turns":4.0},{"damage":7.0,"enemies":"2 Louse","floor":5.0,"turns":4.0},{"damage":15.0,"enemies":"3 Sentries","floor":6.0,"turns":6.0},{"damage":5.0,"enemies":"Lagavulin","floor":8.0,"turns":6.0},{"damage":0.0,"enemies":"Looter","floor":10.0,"turns":3.0},{"damage":0.0,"enemies":"Gremlin Nob","floor":11.0,"turns":3.0},{"damage":0.0,"enemies":"3 Louse","floor":12.0,"turns":2.0},{"damage":18.0,"enemies":"Hexaghost","floor":16.0,"turns":7.0},{"damage":0.0,"enemies":"2 Thieves","floor":18.0,"turns":4.0},{"damage":11.0,"enemies":"Chosen","floor":20.0,"turns":5.0},{"damage":19.0,"enemies":"Snecko","floor":21.0,"turns":6.0},{"damage":3.0,"enemies":"Book of Stabbing","floor":24.0,"turns":4.0},{"damage":0.0,"enemies":"Centurion and Healer","floor":27.0,"turns":6.0},{"damage":6.0,"enemies":"Snake Plant","floor":28.0,"turns":4.0},{"damage":12,"enemies":"Slavers","floor":29,"turns":5},{"damage":6,"enemies":"Book of Stabbing","floor":31,"turns":5},{"damage":12,"enemies":"Champ","floor":33,"turns":8},{"damage":0,"enemies":"Orb Walker","floor":35,"turns":3},{"damage":7,"enemies":"3 Shapes","floor":36,"turns":1},{"damage":10,"enemies":"Maw","floor":37,"turns":7},{"damage":17,"enemies":"Jaw Worm Horde","floor":39,"turns":3},{"damage":8,"enemies":"Reptomancer","floor":40,"turns":6},{"damage":0,"enemies":"Giant Head","floor":42,"turns":5},{"damage":16,"enemies":"Spire Growth","floor":44,"turns":4},{"damage":0,"enemies":"Writhing Mass","floor":45,"turns":5},{"damage":6,"enemies":"Maw","floor":46,"turns":2},{"damage":3,"enemies":"Transient","floor":47,"turns":5},{"damage":0,"enemies":"3 Darklings","floor":48,"turns":2},{"damage":10,"enemies":"Time Eater","floor":50,"turns":9},{"damage":0,"enemies":"Awakened One","floor":51,"turns":5},{"damage":0,"enemies":"Shield and Spear","floor":55,"turns":3},{"damage":4,"enemies":"The Heart","floor":56,"turns":8}],"seed_played":"-534402269295563510","potions_obtained":[{"floor":2.0,"key":"AttackPotion"},{"floor":10.0,"key":"PowerPotion"},{"floor":11.0,"key":"Poison Potion"},{"floor":21.0,"key":"SkillPotion"},{"floor":24.0,"key":"Strength Potion"},{"floor":31,"key":"FearPotion"}],"is_trial":false,"path_per_floor":["M","M","?","$","M","E","R","E","T","M","E","M","R","?","R","B",null,"M","$","M","M","?","R","E","?","T","M","M","E","R","E","R","B",null,"M","M","M","?","M","E","R","E","T","M","M","M","M","M","R","B","B",null,"R","$","E","B",null],"character_chosen":"IRONCLAD","items_purchased":["Clothesline","Energy Potion","Vajra","Evolve","Bottled Tornado","GamblersBrew","Clothesline"],"campfire_rested":1,"item_purchase_floors":[4,4,19,19,54,54,54],"current_hp_per_floor":[53,59,59,59,58,49,49,50,50,56,62,68,68,61,61,49,69,75,75,70,57,36,60,63,63,63,69,69,63,63,63,63,57,74,80,80,76,66,55,53,53,82,82,82,82,84,84,84,84,84,84,84,84,84,84,84],"gold":90,"neow_bonus":"ONE_RARE_RELIC","is_prod":false,"is_daily":false,"chose_seed":false,"campfire_upgraded":7,"win_rate":0,"timestamp":1563838270,"path_taken":["M","M","?","$","M","E","R","E","T","?","E","M","R","?","R","BOSS","M","$","M","M","?","R","E","?","T","?","M","E","R","E","R","BOSS","M","M","M","?","M","E","R","E","T","M","M","M","M","M","R","BOSS","BOSS","R","$","E","BOSS"],"build_version":"2019-07-17","purchased_purges":1,"victory":true,"max_hp_per_floor":[75,75,75,75,75,75,75,75,75,75,75,75,75,75,75,75,75,75,75,75,75,80,80,80,80,80,80,80,80,80,80,80,80,80,80,80,80,80,80,80,80,82,82,82,82,84,84,84,84,84,84,84,84,84,84,84],"card_choices":[{"not_picked":["Headbutt","Warcry"],"picked":"Pummel","floor":1.0},{"not_picked":["Twin Strike","Warcry"],"picked":"Clothesline","floor":2.0},{"not_picked":["Wild Strike","Clothesline"],"picked":"Twin Strike","floor":5.0},{"not_picked":["Flex","Exhume"],"picked":"Flame Barrier","floor":6.0},{"not_picked":["Rupture","Sentinel"],"picked":"Disarm","floor":8.0},{"not_picked":["Headbutt","Blood for Blood"],"picked":"Iron Wave","floor":10.0},{"not_picked":["Rampage","Thunderclap"],"picked":"Pommel Strike","floor":11.0},{"not_picked":["Havoc","Twin Strike"],"picked":"Demon Form","floor":12.0},{"not_picked":["Limit Break","Bludgeon"],"picked":"Impervious","floor":16.0},{"not_picked":["Iron Wave","Perfected Strike"],"picked":"Ghostly Armor","floor":18.0},{"not_picked":["True Grit","Perfected Strike"],"picked":"Havoc","floor":20.0},{"not_picked":["Wild Strike","Heavy Blade+1"],"picked":"Metallicize","floor":21.0},{"not_picked":["Dual Wield","Spot Weakness"],"picked":"Exhume","floor":24.0},{"not_picked":["Pommel Strike","Infernal Blade"],"picked":"Iron Wave+1","floor":27.0},{"not_picked":["Flex","True Grit","Perfected Strike"],"picked":"SKIP","floor":28.0},{"not_picked":["Dark Embrace","Twin Strike"],"picked":"Corruption","floor":29},{"not_picked":["Headbutt","Flex"],"picked":"Exhume","floor":31},{"not_picked":["Berserk","Offering"],"picked":"Reaper","floor":33},{"not_picked":["Body Slam","Hemokinesis+1"],"picked":"Whirlwind+1","floor":35},{"not_picked":["Warcry","Shrug It Off"],"picked":"Blood for Blood+1","floor":36},{"not_picked":["Sword Boomerang","Combust+1","Perfected Strike+1"],"picked":"SKIP","floor":37},{"not_picked":["Mayhem","Sadistic Nature"],"picked":"Secret Technique","floor":38},{"not_picked":["Impatience","Finesse"],"picked":"Panacea","floor":38},{"not_picked":["Chrysalis","Swift Strike"],"picked":"Dark Shackles","floor":38},{"not_picked":["Body Slam","Shrug It Off"],"picked":"Heavy Blade+1","floor":39},{"not_picked":["Thunderclap","Sword Boomerang+1"],"picked":"Power Through","floor":40},{"not_picked":["Clothesline","Bloodletting","Flex"],"picked":"Singing Bowl","floor":42},{"not_picked":["Metallicize+1","Brutality"],"picked":"Burning Pact+1","floor":44},{"not_picked":["Body Slam","Spot Weakness"],"picked":"Disarm+1","floor":45},{"not_picked":["Havoc","Dropkick","Whirlwind+1"],"picked":"Singing Bowl","floor":46},{"not_picked":["Flex","Headbutt+1"],"picked":"Heavy Blade","floor":47},{"not_picked":["Cleave","Dual Wield"],"picked":"Bludgeon","floor":48},{"not_picked":["Sword Boomerang+1","Sever Soul"],"picked":"True Grit+1","floor":55}],"player_experience":901374,"relics_obtained":[{"floor":6.0,"key":"PreservedInsect"},{"floor":8.0,"key":"Smiling Mask"},{"floor":9.0,"key":"Bag of Marbles"},{"floor":11.0,"key":"Bronze Scales"},{"floor":24.0,"key":"Turnip"},{"floor":26.0,"key":"Happy Flower"},{"floor":29,"key":"Anchor"},{"floor":31,"key":"Mercury Hourglass"},{"floor":40,"key":"Dead Branch"},{"floor":42,"key":"Singing Bowl"},{"floor":55,"key":"StoneCalendar"}],"event_choices":[{"cards_removed":["Strike_R"],"damage_healed":0.0,"max_hp_gain":0.0,"max_hp_loss":0.0,"gold_gain":0.0,"event_name":"Purifier","player_choice":"Purged","floor":3.0,"gold_loss":0.0,"damage_taken":0.0},{"cards_removed":["Strike_R"],"damage_healed":0.0,"max_hp_gain":0.0,"max_hp_loss":0.0,"gold_gain":0.0,"event_name":"Golden Wing","player_choice":"Card Removal","floor":14.0,"gold_loss":0.0,"damage_taken":7.0},{"damage_healed":0.0,"max_hp_gain":5.0,"max_hp_loss":0.0,"gold_gain":0.0,"event_name":"Forgotten Altar","player_choice":"Shed Blood","floor":22.0,"gold_loss":0.0,"damage_taken":26.0},{"damage_healed":0.0,"max_hp_gain":0.0,"max_hp_loss":0.0,"gold_gain":0.0,"cards_transformed":["Strike_R"],"event_name":"Transmorgrifier","player_choice":"Transformed","floor":25.0,"gold_loss":0.0,"damage_taken":0.0,"cards_obtained":["Blood for Blood"]},{"damage_healed":0,"gold_gain":0,"player_choice":"Memory 3","damage_taken":10,"max_hp_gain":0,"max_hp_loss":0,"event_name":"SensoryStone","floor":38,"gold_loss":0}],"is_beta":false,"boss_relics":[{"not_picked":["Busted Crown","Orrery"],"picked":"Mark of Pain"},{"not_picked":["Calling Bell","Runic Pyramid"],"picked":"Snecko Eye"}],"items_purged_floors":[54],"is_endless":false,"potions_floor_spawned":[2,10,11,21,24,28,31,33,37,44,45,47],"ascension_level":20}