{"gold_per_floor":[117,132,132,149,161,191,209,220,243,243,259,586,606,619,619,722,722,732,743,167,177,1,28,28,48,75,75,109,124,124,144,144,246,296,315,332,6,22,39,71,82,82,109,138,158,158,158,170,170,170],"floor_reached":51,"playtime":7263,"items_purged":["Strike_G"],"score":794,"play_id":"f398b63f-767f-43d3-8935-9c4a1a409ca1","local_time":"20190724211422","is_ascension_mode":false,"campfire_choices":[{"floor":10,"key":"REST"},{"floor":15,"key":"REST"},{"data":"Calculated Gamble","floor":30,"key":"SMITH"},{"floor":32,"key":"REST"},{"floor":42,"key":"REST"},{"floor":47,"key":"REST"},{"floor":49,"key":"REST"}],"neow_cost":"NONE","seed_source_timestamp":444942789329900,"circlet_count":0,"master_deck":["Strike_G","Strike_G","Strike_G","Strike_G","Defend_G","Defend_G","Defend_G","Defend_G","Survivor","Neutralize","Flying Knee","Endless Agony+1","Crippling Poison","Flying Knee","Well Laid Plans","Cloak And Dagger","Backflip","Bouncing Flask","Dash","Backflip","Night Terror","PiercingWail+1","Poisoned Stab+1","Footwork+1","Poisoned Stab","Storm of Steel","Backflip","Calculated Gamble+1","Leg Sweep+1","Crippling Poison+1","Adrenaline","Noxious Fumes","Noxious Fumes+1","Catalyst+1","Adrenaline","Acrobatics","Heel Hook","PiercingWail+1","Acrobatics+1","Backstab+1"],"relics":["Ring of the Snake","Centennial Puzzle","Art of War","Ancient Tea Set","Old Coin","Snecko Eye","Oddly Smooth Stone","MealTicket","Pen Nib","Vajra","Smiling Mask","Regal Pillow","Bronze Scales","Tiny House","Meat on the Bone","PreservedInsect","Bag of Preparation","Lantern"],"potions_floor_usage":[5,8,12,16,16,16,28,33,33,36,36,40,45,45,50,50,50],"damage_taken":[{"damage":2,"enemies":"Small Slimes","floor":1,"turns":4},{"damage":1,"enemies":"Cultist","floor":2,"turns":3},{"damage":3,"enemies":"Jaw Worm","floor":4,"turns":3},{"damage":7,"enemies":"3 Louse","floor":5,"turns":2},{"damage":21,"enemies":"Lagavulin","floor":6,"turns":7},{"damage":7,"enemies":"Exordium Thugs","floor":7,"turns":5},{"damage":6,"enemies":"Gremlin Gang","floor":8,"turns":4},{"damage":0,"enemies":"Large Slime","floor":11,"turns":5},{"damage":18,"enemies":"3 Sentries","floor":12,"turns":7},{"damage":4,"enemies":"Blue Slaver","floor":13,"turns":4},{"damage":4,"enemies":"2 Fungi Beasts","floor":14,"turns":3},{"damage":22,"enemies":"Slime Boss","floor":16,"turns":14},{"damage":7,"enemies":"Chosen","floor":18,"turns":5},{"damage":5,"enemies":"Shell Parasite","floor":19,"turns":4},{"damage":5,"enemies":"Snecko","floor":21,"turns":4},{"damage":5,"enemies":"Book of Stabbing","floor":23,"turns":5},{"damage":10,"enemies":"Centurion and Healer","floor":25,"turns":5},{"damage":3,"enemies":"Slavers","floor":28,"turns":6},{"damage":4,"enemies":"Cultist and Chosen","floor":29,"turns":7},{"damage":0,"enemies":"Shelled Parasite and Fungi","floor":31,"turns":4},{"damage":46,"enemies":"Collector","floor":33,"turns":9},{"damage":0,"enemies":"3 Darklings","floor":35,"turns":3},{"damage":4,"enemies":"Orb Walker","floor":36,"turns":2},{"damage":10,"enemies":"Transient","floor":38,"turns":5},{"damage":0,"enemies":"Maw","floor":39,"turns":6},{"damage":59,"enemies":"Reptomancer","floor":40,"turns":6},{"damage":12,"enemies":"3 Darklings","floor":41,"turns":6},{"damage":14,"enemies":"Giant Head","floor":44,"turns":6},{"damage":11,"enemies":"4 Shapes","floor":45,"turns":3},{"damage":26,"enemies":"Spire Growth","floor":48,"turns":5},{"damage":33,"enemies":"Donu and Deca","floor":50,"turns":8}],"seed_played":"6894196508220053411","potions_obtained":[{"floor":2,"key":"Explosive Potion"},{"floor":5,"key":"LiquidBronze"},{"floor":7,"key":"FearPotion"},{"floor":8,"key":"Block Potion"},{"floor":11,"key":"Ancient Potion"},{"floor":14,"key":"Weak Potion"},{"floor":16,"key":"SpeedPotion"},{"floor":18,"key":"PowerPotion"},{"floor":28,"key":"Regen Potion"},{"floor":31,"key":"SteroidPotion"},{"floor":34,"key":"Strength Potion"},{"floor":35,"key":"AttackPotion"},{"floor":38,"key":"Fruit Juice"},{"floor":44,"key":"EntropicBrew"},{"floor":48,"key":"GhostInAJar"}],"is_trial":false,"path_per_floor":["M","M","?","M","M","E","M","M","T","R","M","E","M","M","R","B",null,"M","M","$","M","$","E","?","M","T","?","E","M","R","M","R","B",null,"M","M","$","M","M","E","M","R","T","E","M","?","R","M","R","B",null],"character_chosen":"THE_SILENT","items_purchased":["Oddly Smooth Stone","MealTicket","Pen Nib","Vajra","Poisoned Stab","Meat on the Bone","Adrenaline"],"campfire_rested":6,"item_purchase_floors":[20,20,20,22,22,37,37],"current_hp_per_floor":[68,67,67,64,57,36,29,23,23,44,44,26,22,18,39,17,70,63,58,58,53,68,63,63,53,53,53,50,46,46,46,70,39,75,75,71,75,65,65,23,23,62,62,48,49,49,80,54,80,47],"gold":170,"neow_bonus":"RANDOM_COMMON_RELIC","is_prod":false,"is_daily":false,"chose_seed":false,"campfire_upgraded":1,"win_rate":0,"timestamp":1563999262,"path_taken":["M","M","?","M","M","E","M","M","T","R","M","E","?","M","R","BOSS","M","M","$","M","$","E","?","M","T","?","E","M","R","M","R","BOSS","M","M","$","M","M","E","M","R","T","E","M","?","R","M","R","BOSS"],"build_version":"2019-07-17","purchased_purges":1,"victory":true,"max_hp_per_floor":[70,70,70,70,70,70,70,70,70,70,70,70,70,70,70,70,70,70,70,70,70,70,70,70,70,70,70,70,70,70,70,70,70,75,75,75,75,75,75,80,80,80,80,80,80,80,80,80,80,80],"card_choices":[{"not_picked":["Sucker Punch","Acrobatics"],"picked":"Flying Knee","floor":1},{"not_picked":["PiercingWail","Heel Hook"],"picked":"Endless Agony","floor":2},{"not_picked":["Poisoned Stab","Accuracy"],"picked":"Crippling Poison","floor":4},{"not_picked":["Underhanded Strike","Dodge and Roll"],"picked":"Flying Knee","floor":5},{"not_picked":["Skewer","Tactician"],"picked":"Well Laid Plans","floor":6},{"not_picked":["Well Laid Plans","Distraction"],"picked":"Cloak And Dagger","floor":7},{"not_picked":["Slice","Distraction"],"picked":"Backflip","floor":8},{"not_picked":["Deadly Poison","Die Die Die"],"picked":"Bouncing Flask","floor":11},{"not_picked":["Quick Slash","Bane","Outmaneuver"],"picked":"SKIP","floor":12},{"not_picked":["Outmaneuver","Dodge and Roll"],"picked":"Dash","floor":13},{"not_picked":["Sucker Punch","Flying Knee"],"picked":"Backflip","floor":14},{"not_picked":["Storm of Steel","Wraith Form v2"],"picked":"Night Terror","floor":16},{"not_picked":["Poisoned Stab","Deadly Poison"],"picked":"PiercingWail+1","floor":18},{"not_picked":["Underhanded Strike","Deadly Poison"],"picked":"Poisoned Stab+1","floor":19},{"not_picked":["Dagger Spray","Acrobatics"],"picked":"Footwork+1","floor":21},{"not_picked":["All Out Attack","Caltrops"],"picked":"Storm of Steel","floor":23},{"not_picked":["Sucker Punch","Caltrops"],"picked":"Backflip","floor":25},{"not_picked":["Acrobatics","Accuracy"],"picked":"Leg Sweep+1","floor":28},{"not_picked":["Poisoned Stab","Quick Slash","Finisher+1"],"picked":"SKIP","floor":29},{"not_picked":["Finisher+1","Blade Dance+1"],"picked":"Crippling Poison+1","floor":31},{"not_picked":["Die Die Die","Tools of the Trade"],"picked":"Adrenaline","floor":33},{"not_picked":["PiercingWail+1","Eviscerate"],"picked":"Noxious Fumes","floor":34},{"not_picked":["Acrobatics+1","Blur"],"picked":"Noxious Fumes+1","floor":35},{"not_picked":["Flechettes","Dodge and Roll"],"picked":"Catalyst+1","floor":36},{"not_picked":["Cloak And Dagger+1","Blade Dance"],"picked":"Acrobatics","floor":38},{"not_picked":["Deadly Poison+1","Deflect+1"],"picked":"Heel Hook","floor":39},{"not_picked":["Tools of the Trade","Predator"],"picked":"PiercingWail+1","floor":40},{"not_picked":["Tactician","Backstab+1"],"picked":"Acrobatics+1","floor":41},{"not_picked":["Tactician","Deflect","Venomology"],"picked":"SKIP","floor":44},{"not_picked":["Bane","Dodge and Roll","Dagger Throw"],"picked":"SKIP","floor":45},{"not_picked":["Cloak And Dagger","Terror+1"],"picked":"Backstab+1","floor":48}],"player_experience":408516,"relics_obtained":[{"floor":6,"key":"Art of War"},{"floor":9,"key":"Ancient Tea Set"},{"floor":12,"key":"Old Coin"},{"floor":23,"key":"Smiling Mask"},{"floor":26,"key":"Regal Pillow"},{"floor":28,"key":"Bronze Scales"},{"floor":40,"key":"PreservedInsect"},{"floor":43,"key":"Bag of Preparation"},{"floor":44,"key":"Lantern"}],"event_choices":[{"cards_removed":["Defend_G"],"damage_healed":0,"gold_gain":0,"player_choice":"Purged","damage_taken":0,"max_hp_gain":0,"max_hp_loss":0,"event_name":"Purifier","floor":3,"gold_loss":0},{"damage_healed":0,"gold_gain":0,"player_choice":"Ignored","damage_taken":0,"max_hp_gain":0,"max_hp_loss":0,"event_name":"Ghosts","floor":24,"gold_loss":0},{"damage_healed":0,"gold_gain":0,"player_choice":"Read","damage_taken":0,"max_hp_gain":0,"max_hp_loss":0,"event_name":"The Library","floor":27,"gold_loss":0,"cards_obtained":["Calculated Gamble"]},{"damage_healed":0,"gold_gain":0,"player_choice":"Ignored","damage_taken":0,"max_hp_gain":0,"max_hp_loss":0,"event_name":"Mysterious Sphere","floor":46,"gold_loss":0}],"is_beta":false,"boss_relics":[{"not_picked":["Busted Crown","Black Star"],"picked":"Snecko Eye"},{"not_picked":["Empty Cage","WristBlade"],"picked":"Tiny House"}],"items_purged_floors":[20],"is_endless":false,"potions_floor_spawned":[2,5,7,8,11,14,16,18,28,31,35,38,44,48],"ascension_level":0}