{"gold_per_floor":[112,125,141,94,94,94,129,146,173,207,207,224,179,197,197,298,298,309,326,357,374,385,416,432,465,492,492,492,507,518,535,535,631,631,650,650,667,544,1543,1570,1076,1076,1076,1076,418,448,448,459,459,459],"floor_reached":51,"playtime":6560,"items_purged":[],"score":784,"play_id":"ea328748-765c-4323-be2d-518d538164a6","local_time":"20190720004552","is_ascension_mode":false,"campfire_choices":[{"data":"Armaments","floor":6.0,"key":"SMITH"},{"data":"Perfected Strike","floor":11.0,"key":"SMITH"},{"data":"Perfected Strike","floor":15.0,"key":"SMITH"},{"floor":28.0,"key":"REST"},{"data":"RitualDagger","floor":32.0,"key":"SMITH"},{"data":"Clothesline","floor":44,"key":"SMITH"},{"data":"Shrug It Off","floor":47,"key":"SMITH"},{"data":"Armaments","floor":49,"key":"SMITH"}],"neow_cost":"NONE","seed_source_timestamp":553336793113,"circlet_count":0,"master_deck":["Strike_R","Strike_R","Strike_R","Strike_R","Strike_R","Defend_R","Defend_R","Defend_R","Bash+1","Twin Strike","Armaments+1","Perfected Strike+1","Clash","Shrug It Off+1","Perfected Strike+1","Armaments+1","Pommel Strike+1","Armaments+1","Clothesline","Pommel Strike","RitualDagger+1","Twin Strike","Shrug It Off","Pommel Strike","Clothesline+1","Body Slam","Warcry+1"],"special_seed":0,"relics":["Burning Blood","Anchor","Bag of Preparation","Omamori","Ornamental Fan","Philosopher\u0027s Stone","Red Mask","Peace Pipe","Torii","Happy Flower","Velvet Choker","MawBank","Kunai","Brimstone","Potion Belt","Art of War","Blood Vial","HandDrill","Orichalcum"],"potions_floor_usage":[46,50,50,50,50],"damage_taken":[{"damage":0.0,"enemies":"2 Louse","floor":1.0,"turns":3.0},{"damage":6.0,"enemies":"Jaw Worm","floor":2.0,"turns":2.0},{"damage":0.0,"enemies":"Small Slimes","floor":3.0,"turns":2.0},{"damage":27.0,"enemies":"Gremlin Nob","floor":7.0,"turns":4.0},{"damage":5.0,"enemies":"Exordium Thugs","floor":8.0,"turns":4.0},{"damage":8.0,"enemies":"3 Sentries","floor":10.0,"turns":8.0},{"damage":12.0,"enemies":"Blue Slaver","floor":12.0,"turns":3.0},{"damage":0.0,"enemies":"2 Fungi Beasts","floor":14.0,"turns":2.0},{"damage":54.0,"enemies":"Hexaghost","floor":16.0,"turns":8.0},{"damage":0.0,"enemies":"3 Byrds","floor":18.0,"turns":4.0},{"damage":0.0,"enemies":"Chosen","floor":19.0,"turns":2.0},{"damage":12.0,"enemies":"Masked Bandits","floor":20.0,"turns":4.0},{"damage":8.0,"enemies":"Snake Plant","floor":21.0,"turns":3.0},{"damage":1.0,"enemies":"3 Cultists","floor":22.0,"turns":4.0},{"damage":46.0,"enemies":"Gremlin Leader","floor":23.0,"turns":9.0},{"damage":5.0,"enemies":"Shelled Parasite and Fungi","floor":24.0,"turns":4.0},{"damage":12.0,"enemies":"Slavers","floor":25.0,"turns":5.0},{"damage":0.0,"enemies":"Centurion and Healer","floor":29.0,"turns":6.0},{"damage":0.0,"enemies":"Chosen and Byrds","floor":30.0,"turns":4.0},{"damage":0.0,"enemies":"Snecko","floor":31.0,"turns":3.0},{"damage":67.0,"enemies":"Collector","floor":33.0,"turns":13.0},{"damage":0.0,"enemies":"3 Shapes","floor":35.0,"turns":2.0},{"damage":0.0,"enemies":"3 Darklings","floor":37.0,"turns":6.0},{"damage":21.0,"enemies":"Reptomancer","floor":40.0,"turns":6.0},{"damage":1,"enemies":"Giant Head","floor":46,"turns":6},{"damage":0,"enemies":"Transient","floor":48,"turns":5},{"damage":28,"enemies":"Donu and Deca","floor":50,"turns":6}],"seed_played":"-3028218242333179820","potions_obtained":[{"floor":1.0,"key":"Dexterity Potion"},{"floor":3.0,"key":"SkillPotion"},{"floor":8.0,"key":"LiquidBronze"},{"floor":20.0,"key":"SpeedPotion"},{"floor":23.0,"key":"SteroidPotion"},{"floor":24.0,"key":"SteroidPotion"},{"floor":25.0,"key":"Swift Potion"},{"floor":40.0,"key":"Regen Potion"}],"is_trial":false,"path_per_floor":["M","M","M","$","?","R","E","M","T","E","R","M","$","M","R","B",null,"M","M","?","M","M","E","M","E","T","?","R","M","M","M","R","B",null,"M","?","M","$","?","E","$","?","T","R","$","E","R","M","R","B",null],"character_chosen":"IRONCLAD","items_purchased":["Armaments","Shrug It Off","PowerPotion","BloodPotion","Kunai","Brimstone","Clothesline","Body Slam","Art of War","Blood Vial","HandDrill","FearPotion","AttackPotion"],"campfire_rested":1,"item_purchase_floors":[4,13,38,38,41,41,41,45,45,45,45,45,45],"current_hp_per_floor":[80,80,80,80,77,77,56,57,57,55,55,49,49,55,55,7,80,80,80,74,72,77,37,38,32,32,26,50,56,62,68,68,7,80,80,80,80,80,80,65,65,65,65,65,65,72,72,80,80,80],"gold":459,"neow_bonus":"UPGRADE_CARD","is_prod":false,"is_daily":false,"chose_seed":false,"campfire_upgraded":7,"win_rate":0,"timestamp":1563572752,"path_taken":["M","M","M","$","?","R","E","M","T","E","R","M","$","M","R","BOSS","M","M","?","M","M","E","M","E","T","?","R","M","?","M","R","BOSS","M","?","M","$","?","E","$","?","T","R","$","E","R","M","R","BOSS"],"build_version":"2019-07-17","purchased_purges":0,"victory":true,"max_hp_per_floor":[80,80,80,80,80,80,80,80,80,80,80,80,80,80,80,80,80,80,80,80,80,80,80,80,80,80,80,80,80,80,80,80,80,80,80,80,80,80,80,80,80,80,80,80,80,80,80,80,80,80],"card_choices":[{"not_picked":["Infernal Blade","Flex"],"picked":"Twin Strike","floor":1.0},{"not_picked":["True Grit","Battle Trance","Rage"],"picked":"SKIP","floor":2.0},{"not_picked":["True Grit","Combust","Sword Boomerang"],"picked":"SKIP","floor":3.0},{"not_picked":["Battle Trance","Fire Breathing"],"picked":"Perfected Strike","floor":7.0},{"not_picked":["Iron Wave","Heavy Blade"],"picked":"Clash","floor":8.0},{"not_picked":["Immolate","Fiend Fire","Wild Strike"],"picked":"SKIP","floor":10.0},{"not_picked":["Immolate","Fiend Fire","Wild Strike"],"picked":"SKIP","floor":10.0},{"not_picked":["Heavy Blade","Thunderclap","Iron Wave"],"picked":"SKIP","floor":12.0},{"not_picked":["Reckless Charge","Havoc"],"picked":"Perfected Strike","floor":14.0},{"not_picked":["Cleave+1","Headbutt"],"picked":"Armaments","floor":18.0},{"not_picked":["Sword Boomerang","Armaments"],"picked":"Pommel Strike+1","floor":19.0},{"not_picked":["Disarm","Combust"],"picked":"Armaments+1","floor":20.0},{"not_picked":["Dark Embrace","Sword Boomerang+1","True Grit"],"picked":"SKIP","floor":21.0},{"not_picked":["Hemokinesis","True Grit","Pummel"],"picked":"SKIP","floor":22.0},{"not_picked":["Fire Breathing","Feel No Pain","Battle Trance"],"picked":"SKIP","floor":23.0},{"not_picked":["Havoc+1","Headbutt"],"picked":"Clothesline","floor":24.0},{"not_picked":["Flex","Headbutt+1"],"picked":"Pommel Strike","floor":25.0},{"not_picked":["Flame Barrier","Heavy Blade","Blood for Blood+1"],"picked":"SKIP","floor":29.0},{"not_picked":["Thunderclap+1","Sword Boomerang"],"picked":"Twin Strike","floor":30.0},{"not_picked":["Heavy Blade","Burning Pact","Second Wind+1"],"picked":"SKIP","floor":31.0},{"not_picked":["Combust","Blood for Blood+1","Infernal Blade+1"],"picked":"SKIP","floor":35.0},{"not_picked":["Dropkick","Headbutt+1"],"picked":"Shrug It Off","floor":37.0},{"not_picked":["Clash","Flex+1"],"picked":"Pommel Strike","floor":40.0},{"not_picked":["Barricade","Carnage"],"picked":"Warcry+1","floor":46},{"not_picked":["Burning Pact+1","Sword Boomerang","Iron Wave+1"],"picked":"SKIP","floor":48},{"not_picked":["Burning Pact+1","Sword Boomerang","Iron Wave+1"],"picked":"SKIP","floor":48}],"player_experience":804603,"relics_obtained":[{"floor":7.0,"key":"Bag of Preparation"},{"floor":9.0,"key":"Omamori"},{"floor":10.0,"key":"Ornamental Fan"},{"floor":20.0,"key":"Red Mask"},{"floor":23.0,"key":"Peace Pipe"},{"floor":25.0,"key":"Torii"},{"floor":26.0,"key":"Happy Flower"},{"floor":40.0,"key":"MawBank"},{"floor":43,"key":"Potion Belt"},{"floor":46,"key":"Orichalcum"}],"event_choices":[{"damage_healed":0.0,"max_hp_gain":0.0,"max_hp_loss":0.0,"gold_gain":0.0,"event_name":"Scrap Ooze","player_choice":"Success","floor":5.0,"gold_loss":0.0,"damage_taken":3.0,"relics_obtained":["Anchor"]},{"damage_healed":0.0,"max_hp_gain":0.0,"max_hp_loss":0.0,"gold_gain":0.0,"event_name":"Masked Bandits","player_choice":"Fought Bandits","floor":20.0,"gold_loss":0.0,"damage_taken":0.0},{"damage_healed":0.0,"max_hp_gain":0.0,"max_hp_loss":0.0,"gold_gain":0.0,"event_name":"Nest","player_choice":"Joined the Cult","floor":27.0,"gold_loss":0.0,"damage_taken":6.0,"cards_obtained":["RitualDagger"]},{"cards_removed":["Defend_R"],"damage_healed":0.0,"max_hp_gain":0.0,"max_hp_loss":0.0,"gold_gain":0.0,"event_name":"Falling","player_choice":"Removed Skill","floor":36.0,"gold_loss":0.0,"damage_taken":0.0},{"damage_healed":0.0,"max_hp_gain":0.0,"max_hp_loss":0.0,"gold_gain":999.0,"event_name":"MindBloom","player_choice":"Gold","floor":39.0,"gold_loss":0.0,"damage_taken":0.0,"cards_obtained":["Normality","Normality"]},{"damage_healed":0,"gold_gain":0,"player_choice":"Memory 1","damage_taken":0,"max_hp_gain":0,"max_hp_loss":0,"event_name":"SensoryStone","floor":42,"gold_loss":0}],"is_beta":false,"boss_relics":[{"not_picked":["Runic Dome","Empty Cage"],"picked":"Philosopher\u0027s Stone"},{"not_picked":["Busted Crown","Calling Bell"],"picked":"Velvet Choker"}],"items_purged_floors":[],"is_endless":false,"potions_floor_spawned":[1,3,8,20,23,24,25,30,40],"ascension_level":0}