{"gold_per_floor":[116,127,127,202,216,216,216,251,329,2,33,33,61,78,78,151,151,170,220,220,50,66,66,66,95,118,118,153,153,164,79,79,150,150,165,165,182,182,44,44],"floor_reached":40,"playtime":3397,"items_purged":[],"score":926,"play_id":"4e47dece-9662-4e9a-8c4f-2c93c7df7852","local_time":"20190720182406","is_ascension_mode":true,"campfire_choices":[{"floor":6.0,"key":"REST"},{"floor":12.0,"key":"REST"},{"floor":15,"key":"REST"},{"data":"Defragment","floor":23,"key":"SMITH"},{"floor":27,"key":"REST"},{"floor":32,"key":"REST"}],"neow_cost":"NONE","seed_source_timestamp":67301520715062,"circlet_count":0,"master_deck":["AscendersBane","Defend_B+1","Defend_B+1","Defend_B+1","Zap+1","Dualcast","Streamline","Steam","Beam Cell","Ball Lightning","Static Discharge","Hologram","Core Surge","White Noise+1","Capacitor+1","Stack+1","Coolheaded+1","Ball Lightning","White Noise","Defragment+1","Rebound","Go for the Eyes","Conserve Battery","Sunder","Gash+1","Scrape","Turbo","Biased Cognition","Coolheaded","Madness","Madness","Gash","Cold Snap"],"special_seed":0,"relics":["Cracked Core","Juzu Bracelet","Lantern","Bottled Lightning","Cables","Mummified Hand","Question Card","Kunai","Astrolabe","Pen Nib","Centennial Puzzle","Orichalcum","Ornamental Fan","Philosopher\u0027s Stone"],"potions_floor_usage":[14,25,28,33,37],"damage_taken":[{"damage":2.0,"enemies":"Jaw Worm","floor":1.0,"turns":4.0},{"damage":6.0,"enemies":"2 Louse","floor":2.0,"turns":2.0},{"damage":1.0,"enemies":"Cultist","floor":5.0,"turns":3.0},{"damage":0.0,"enemies":"Gremlin Nob","floor":8.0,"turns":2.0},{"damage":14.0,"enemies":"3 Sentries","floor":11.0,"turns":5.0},{"damage":29,"enemies":"Lagavulin","floor":13,"turns":4},{"damage":7,"enemies":"Blue Slaver","floor":14,"turns":2},{"damage":26,"enemies":"Hexaghost","floor":16,"turns":9},{"damage":9,"enemies":"3 Byrds","floor":18,"turns":4},{"damage":10,"enemies":"Chosen","floor":22,"turns":4},{"damage":32,"enemies":"Slavers","floor":25,"turns":5},{"damage":7,"enemies":"Book of Stabbing","floor":28,"turns":4},{"damage":1,"enemies":"Centurion and Healer","floor":30,"turns":3},{"damage":22,"enemies":"Collector","floor":33,"turns":9},{"damage":1,"enemies":"Orb Walker","floor":35,"turns":3},{"damage":16,"enemies":"3 Shapes","floor":37,"turns":3},{"damage":80,"enemies":"Giant Head","floor":40,"turns":8}],"seed_played":"-8139102235044067328","potions_obtained":[{"floor":5.0,"key":"Fire Potion"},{"floor":13,"key":"FairyPotion"},{"floor":14,"key":"EssenceOfSteel"},{"floor":25,"key":"FocusPotion"},{"floor":30,"key":"FocusPotion"},{"floor":33,"key":"FairyPotion"},{"floor":35,"key":"Regen Potion"}],"is_trial":false,"path_per_floor":["M","M","?","?","M","R","?","E","T","$","E","R","E","M","R","B",null,"M","?","?","$","M","R","?","E","T","R","E","?","M","?","R","B",null,"M","?","M","?","$","E"],"character_chosen":"DEFECT","items_purchased":["Mummified Hand","Swift Potion","Defragment","Rebound","Go for the Eyes","Cold Snap","FocusPotion"],"campfire_rested":5,"item_purchase_floors":[10,10,21,21,21,39,39],"current_hp_per_floor":[62,56,21,10,9,30,30,30,30,30,16,37,8,1,22,7,55,46,46,46,46,36,36,36,4,4,25,18,18,17,17,38,16,57,56,43,36,36,36,0],"gold":44,"neow_bonus":"UPGRADE_CARD","is_prod":false,"is_daily":false,"chose_seed":false,"campfire_upgraded":1,"win_rate":0,"timestamp":1563636246,"path_taken":["M","M","?","?","M","R","?","E","T","$","E","R","E","M","R","BOSS","M","?","?","$","M","R","?","E","T","R","E","?","M","?","R","BOSS","M","?","M","?","$","E"],"build_version":"2019-07-17","purchased_purges":0,"victory":false,"max_hp_per_floor":[71,71,71,71,71,71,71,71,71,71,71,71,71,71,71,71,71,71,71,71,71,71,71,71,71,71,71,71,71,71,71,71,71,71,71,71,71,71,71,71],"card_choices":[{"not_picked":["Sweeping Beam","Go for the Eyes"],"picked":"Streamline","floor":1.0},{"not_picked":["Reprogram","Storm"],"picked":"Steam","floor":2.0},{"not_picked":["Rebound","Doom and Gloom"],"picked":"Beam Cell","floor":5.0},{"not_picked":["Rip and Tear","Steam"],"picked":"Ball Lightning","floor":8.0},{"not_picked":["Barrage","Stack"],"picked":"Beam Cell","floor":11.0},{"not_picked":["Multi-Cast","Steam Power","Leap"],"picked":"Static Discharge","floor":13},{"not_picked":["Redo","Streamline","Skim"],"picked":"Hologram","floor":14},{"not_picked":["Buffer","Seek","Reboot"],"picked":"Core Surge","floor":16},{"not_picked":["Go for the Eyes","Compile Driver","Conserve Battery"],"picked":"Coolheaded+1","floor":18},{"not_picked":["Stack","Rebound","Undo"],"picked":"Conserve Battery","floor":22},{"not_picked":["Turbo","Stack","Blizzard"],"picked":"Sunder","floor":25},{"not_picked":["Thunder Strike","Reinforced Body","Steam"],"picked":"Gash+1","floor":28},{"not_picked":["Reprogram","Rebound","Fusion","Turbo"],"picked":"SKIP","floor":30},{"not_picked":["Meteor Strike","Machine Learning","Electrodynamics"],"picked":"Biased Cognition","floor":33},{"not_picked":["Undo","Hologram","Go for the Eyes"],"picked":"Coolheaded","floor":35},{"not_picked":["Hologram","Capacitor","Recycle+1"],"picked":"Gash","floor":37}],"player_experience":823298,"relics_obtained":[{"floor":8.0,"key":"Bottled Lightning"},{"floor":9.0,"key":"Cables"},{"floor":11.0,"key":"Question Card"},{"floor":13,"key":"Kunai"},{"floor":25,"key":"Pen Nib"},{"floor":26,"key":"Centennial Puzzle"},{"floor":28,"key":"Orichalcum"}],"event_choices":[{"damage_healed":0.0,"max_hp_gain":0.0,"max_hp_loss":0.0,"gold_gain":0.0,"event_name":"Scrap Ooze","player_choice":"Success","floor":3.0,"gold_loss":0.0,"damage_taken":35.0,"relics_obtained":["Juzu Bracelet"]},{"damage_healed":0.0,"max_hp_gain":0.0,"max_hp_loss":0.0,"gold_gain":75.0,"event_name":"World of Goop","player_choice":"Gather Gold","floor":4.0,"gold_loss":0.0,"damage_taken":11.0},{"damage_healed":0.0,"max_hp_gain":0.0,"max_hp_loss":0.0,"gold_gain":0.0,"event_name":"Dead Adventurer","player_choice":"Searched \u00271\u0027 times","floor":7.0,"gold_loss":0.0,"damage_taken":0.0,"relics_obtained":["Lantern"]},{"damage_healed":0,"gold_gain":50,"player_choice":"Stole From Cult","damage_taken":0,"max_hp_gain":0,"max_hp_loss":0,"event_name":"Nest","floor":19,"gold_loss":0},{"damage_healed":0,"gold_gain":0,"cards_transformed":["Strike_B","Defend_B"],"player_choice":"Became Test Subject","damage_taken":0,"max_hp_gain":0,"max_hp_loss":0,"event_name":"Drug Dealer","floor":20,"gold_loss":0,"cards_obtained":["Ball Lightning","White Noise"]},{"damage_healed":0,"gold_gain":0,"player_choice":"Simplicity","damage_taken":0,"max_hp_gain":0,"max_hp_loss":0,"event_name":"Back to Basics","floor":24,"gold_loss":0,"cards_upgraded":["Defend_B","Defend_B","Defend_B"]},{"damage_healed":0,"gold_gain":0,"player_choice":"2 cards matched","damage_taken":0,"max_hp_gain":0,"max_hp_loss":0,"event_name":"Match and Keep!","floor":29,"gold_loss":0,"cards_obtained":["Scrape","Turbo"]},{"damage_healed":0,"gold_gain":0,"player_choice":"Obtained Relic","damage_taken":0,"relics_obtained":["Ornamental Fan"],"max_hp_gain":0,"max_hp_loss":0,"event_name":"Addict","floor":31,"gold_loss":85},{"damage_healed":0,"gold_gain":0,"player_choice":"Embrace Madness","damage_taken":13,"max_hp_gain":0,"max_hp_loss":0,"event_name":"Winding Halls","floor":36,"gold_loss":0,"cards_obtained":["Madness","Madness"]},{"cards_removed":["Beam Cell"],"damage_healed":0,"gold_gain":0,"player_choice":"Removed Attack","damage_taken":0,"max_hp_gain":0,"max_hp_loss":0,"event_name":"Falling","floor":38,"gold_loss":0}],"is_beta":false,"boss_relics":[{"not_picked":["Tiny House","FrozenCore"],"picked":"Astrolabe"},{"not_picked":["Runic Pyramid","Velvet Choker"],"picked":"Philosopher\u0027s Stone"}],"items_purged_floors":[],"is_endless":false,"potions_floor_spawned":[5,13,14,25,30,33,35],"killed_by":"Giant Head","ascension_level":20}