{"gold_per_floor":[367,385,403,419,434,462,25,39,62,62,97,108,108,122,122,219,219,234,252,252,270,282,316,334,365,389,433,463,475,520,532,544,654,666,689,49,62,74,127,158,158,170,170,195,195,6,106,140,140,140],"floor_reached":51,"playtime":11891,"items_purged":[],"score":1023,"play_id":"ca5f7d6b-25ed-4dca-a7a9-6c24d2f2f0d8","local_time":"20190610142624","is_ascension_mode":true,"campfire_choices":[{"floor":10,"key":"REST"},{"data":"Armaments","floor":13,"key":"SMITH"},{"data":"Pommel Strike","floor":15,"key":"SMITH"},{"floor":29,"key":"REST"},{"floor":32,"key":"REST"},{"floor":41,"key":"DIG"},{"floor":45,"key":"DIG"},{"floor":49,"key":"DIG"}],"neow_cost":"PERCENT_DAMAGE","seed_source_timestamp":150176956986899,"circlet_count":0,"master_deck":["Strike_R","Strike_R","Strike_R","Strike_R","Strike_R","Defend_R","Defend_R","Defend_R","Defend_R","Bash","Whirlwind","Disarm","Pommel Strike+1","Dropkick","Shrug It Off","Iron Wave","Fire Breathing","Armaments+1","Seeing Red","Thunderclap","Metallicize","Anger","Berserk","Intimidate","Anger+1","Bludgeon","Enlightenment","Sever Soul+1","Heavy Blade","Headbutt","Shrug It Off","Shockwave+1","Reaper","Flame Barrier+1","Thunderclap+1","Iron Wave","Ghostly","Ghostly","Ghostly","Ghostly","Ghostly","Fire Breathing","Offering","Iron Wave+1","Metallicize","Dramatic Entrance","Shrug It Off","Cleave","Anger","Anger+1","Double Tap","Armaments+1","Warcry+1","Metallicize","Shrug It Off","Flex","Clash","Sword Boomerang+1","Headbutt+1"],"relics":["Burning Blood","Centennial Puzzle","Bag of Marbles","Frozen Eye","PreservedInsect","Blood Vial","Fusion Hammer","Red Skull","Dream Catcher","MawBank","Juzu Bracelet","Bag of Preparation","Runic Pyramid","Lantern","Bird Faced Urn","Shovel","Bottled Tornado","Dodecahedron","Gremlin Horn","Kunai","Self Forming Clay","Magic Flower","Oddly Smooth Stone","Pocketwatch"],"potions_floor_usage":[21,25,30,50],"damage_taken":[{"damage":10,"enemies":"Jaw Worm","floor":1,"turns":6},{"damage":0,"enemies":"Cultist","floor":2,"turns":4},{"damage":0,"enemies":"Small Slimes","floor":3,"turns":4},{"damage":2,"enemies":"Looter","floor":4,"turns":5},{"damage":19,"enemies":"Large Slime","floor":5,"turns":6},{"damage":46,"enemies":"Lagavulin","floor":6,"turns":9},{"damage":13,"enemies":"Exordium Thugs","floor":8,"turns":8},{"damage":0,"enemies":"Gremlin Nob","floor":11,"turns":3},{"damage":0,"enemies":"2 Fungi Beasts","floor":12,"turns":3},{"damage":1,"enemies":"Gremlin Gang","floor":14,"turns":2},{"damage":27,"enemies":"Hexaghost","floor":16,"turns":9},{"damage":0,"enemies":"3 Byrds","floor":18,"turns":4},{"damage":21,"enemies":"Chosen","floor":19,"turns":6},{"damage":14,"enemies":"Snake Plant","floor":21,"turns":6},{"damage":27,"enemies":"Sentry and Sphere","floor":22,"turns":5},{"damage":13,"enemies":"Gremlin Leader","floor":23,"turns":5},{"damage":0,"enemies":"Cultist and Chosen","floor":24,"turns":3},{"damage":7,"enemies":"Book of Stabbing","floor":25,"turns":3},{"damage":0,"enemies":"Gremlin Leader","floor":27,"turns":2},{"damage":5,"enemies":"Centurion and Healer","floor":28,"turns":2},{"damage":6,"enemies":"Book of Stabbing","floor":30,"turns":3},{"damage":20,"enemies":"Automaton","floor":33,"turns":12},{"damage":4,"enemies":"3 Shapes","floor":35,"turns":4},{"damage":8,"enemies":"3 Darklings","floor":37,"turns":5},{"damage":1,"enemies":"4 Shapes","floor":38,"turns":3},{"damage":1,"enemies":"2 Orb Walkers","floor":39,"turns":5},{"damage":10,"enemies":"Giant Head","floor":40,"turns":6},{"damage":6,"enemies":"Transient","floor":42,"turns":5},{"damage":7,"enemies":"Nemesis","floor":44,"turns":5},{"damage":6,"enemies":"Mind Bloom Boss Battle","floor":47,"turns":6},{"damage":10,"enemies":"Giant Head","floor":48,"turns":7},{"damage":24,"enemies":"Donu and Deca","floor":50,"turns":10}],"seed_played":"2365498218526265268","potions_obtained":[{"floor":1,"key":"Ancient Potion"},{"floor":2,"key":"EssenceOfSteel"},{"floor":8,"key":"SpeedPotion"},{"floor":11,"key":"GamblersBrew"},{"floor":12,"key":"Swift Potion"},{"floor":22,"key":"Strength Potion"},{"floor":25,"key":"Block Potion"},{"floor":27,"key":"Regen Potion"},{"floor":33,"key":"SmokeBomb"},{"floor":35,"key":"Ancient Potion"},{"floor":37,"key":"Strength Potion"}],"is_trial":false,"path_per_floor":["M","M","M","M","M","E","$","M","T","R","E","M","R","M","R","B",null,"M","M","?","M","M","E","M","E","T","E","M","R","E","?","R","B",null,"M","$","M","M","?","E","R","M","T","E","R","$","?","E","R","B",null],"character_chosen":"IRONCLAD","items_purchased":["Fire Breathing","Bag of Marbles","Frozen Eye","Armaments","Lantern","Bird Faced Urn","Metallicize","Dramatic Entrance","Shrug It Off","Metallicize","Shrug It Off","Flex","Clash"],"campfire_rested":3,"item_purchase_floors":[7,7,7,7,36,36,36,36,36,46,46,46,46],"current_hp_per_floor":[52,58,64,68,55,15,15,8,8,32,38,46,46,53,53,34,80,80,65,65,59,40,35,43,44,44,52,61,80,80,40,40,34,40,40,40,40,40,40,40,40,40,40,40,40,40,40,40,40,40],"gold":140,"neow_bonus":"TWO_FIFTY_GOLD","is_prod":false,"is_daily":false,"chose_seed":false,"campfire_upgraded":2,"win_rate":1,"timestamp":1560165984,"path_taken":["M","M","M","M","M","E","$","M","T","R","E","M","R","M","R","BOSS","M","M","?","M","M","E","M","E","T","E","M","R","E","?","R","BOSS","M","$","M","M","?","E","R","M","T","E","R","$","?","E","R","BOSS"],"build_version":"2019-01-23","purchased_purges":0,"victory":true,"max_hp_per_floor":[80,80,80,80,80,80,80,80,80,80,80,80,80,80,80,80,80,80,80,80,80,80,80,80,80,80,80,80,80,80,40,40,40,40,40,40,40,40,40,40,40,40,40,40,40,40,40,40,40,40],"card_choices":[{"not_picked":["Bloodletting","Twin Strike"],"picked":"Whirlwind","floor":1},{"not_picked":["Perfected Strike","Warcry"],"picked":"Disarm","floor":2},{"not_picked":["Dropkick","Perfected Strike"],"picked":"Pommel Strike","floor":3},{"not_picked":["Cleave","Twin Strike"],"picked":"Dropkick","floor":4},{"not_picked":["Anger","True Grit"],"picked":"Shrug It Off","floor":5},{"not_picked":["Dropkick","Fiend Fire"],"picked":"Iron Wave","floor":6},{"not_picked":["Body Slam","Uppercut"],"picked":"Seeing Red","floor":8},{"not_picked":["Uppercut","Reckless Charge"],"picked":"Thunderclap","floor":11},{"not_picked":["Shrug It Off","Power Through"],"picked":"Metallicize","floor":12},{"not_picked":["Spot Weakness","Pommel Strike"],"picked":"Anger","floor":14},{"not_picked":["Fiend Fire","Demon Form"],"picked":"Berserk","floor":16},{"not_picked":["Pommel Strike","Perfected Strike"],"picked":"Intimidate","floor":18},{"not_picked":["Heavy Blade","Thunderclap"],"picked":"Anger+1","floor":19},{"not_picked":["Pommel Strike","Shrug It Off"],"picked":"Sever Soul+1","floor":21},{"not_picked":["Combust","Sword Boomerang"],"picked":"Heavy Blade","floor":22},{"not_picked":["Inflame","Iron Wave"],"picked":"Headbutt","floor":23},{"not_picked":["Flex","True Grit"],"picked":"Shrug It Off","floor":24},{"not_picked":["Shrug It Off","Dark Embrace"],"picked":"Shockwave+1","floor":25},{"not_picked":["Sword Boomerang","Entrench"],"picked":"Reaper","floor":27},{"not_picked":["Headbutt","True Grit"],"picked":"Flame Barrier+1","floor":28},{"not_picked":["Flex","Carnage"],"picked":"Thunderclap+1","floor":29},{"not_picked":["Rampage","Bloodletting"],"picked":"Iron Wave","floor":30},{"not_picked":["Thunderclap","Flex"],"picked":"Fire Breathing","floor":32},{"not_picked":["Juggernaut","Berserk"],"picked":"Offering","floor":33},{"not_picked":["Pommel Strike+1","Clash"],"picked":"Iron Wave+1","floor":35},{"not_picked":["Entrench","Shrug It Off+1"],"picked":"Cleave","floor":37},{"not_picked":["Rupture","Entrench+1"],"picked":"Anger","floor":38},{"not_picked":["Power Through","Flex"],"picked":"Anger+1","floor":39},{"not_picked":["Iron Wave","Body Slam"],"picked":"Double Tap","floor":40},{"not_picked":["Iron Wave+1","Perfected Strike+1"],"picked":"Armaments+1","floor":42},{"not_picked":["Battle Trance","Clash+1"],"picked":"Warcry+1","floor":44},{"not_picked":["Blood for Blood+1","Clothesline+1"],"picked":"Sword Boomerang+1","floor":47},{"not_picked":["Pommel Strike","Anger"],"picked":"Headbutt+1","floor":48}],"player_experience":11007,"relics_obtained":[{"floor":6,"key":"Centennial Puzzle"},{"floor":9,"key":"PreservedInsect"},{"floor":11,"key":"Blood Vial"},{"floor":23,"key":"Red Skull"},{"floor":25,"key":"Dream Catcher"},{"floor":26,"key":"MawBank"},{"floor":27,"key":"Juzu Bracelet"},{"floor":30,"key":"Bag of Preparation"},{"floor":39,"key":"Shovel"},{"floor":40,"key":"Bottled Tornado"},{"floor":41,"key":"Dodecahedron"},{"floor":43,"key":"Gremlin Horn"},{"floor":44,"key":"Kunai"},{"floor":45,"key":"Self Forming Clay"},{"floor":47,"key":"Magic Flower"},{"floor":48,"key":"Oddly Smooth Stone"},{"floor":49,"key":"Pocketwatch"}],"event_choices":[{"damage_healed":0,"gold_gain":0,"player_choice":"2 cards matched","damage_taken":0,"max_hp_gain":0,"max_hp_loss":0,"event_name":"Match and Keep!","floor":20,"gold_loss":0,"cards_obtained":["Bludgeon","Enlightenment"]},{"damage_healed":0,"gold_gain":0,"player_choice":"2 cards matched","damage_taken":0,"max_hp_gain":0,"max_hp_loss":0,"event_name":"Match and Keep!","floor":20,"gold_loss":0,"cards_obtained":["Bludgeon","Enlightenment"]},{"damage_healed":0,"gold_gain":0,"player_choice":"Became a Ghost","damage_taken":0,"max_hp_gain":0,"max_hp_loss":40,"event_name":"Ghosts","floor":31,"gold_loss":0,"cards_obtained":["Ghostly","Ghostly","Ghostly","Ghostly","Ghostly"]},{"damage_healed":0,"gold_gain":0,"player_choice":"Fight","damage_taken":0,"max_hp_gain":0,"max_hp_loss":0,"event_name":"Mysterious Sphere","floor":39,"gold_loss":0},{"damage_healed":0,"gold_gain":0,"player_choice":"Fight","damage_taken":0,"max_hp_gain":0,"max_hp_loss":0,"event_name":"MindBloom","floor":47,"gold_loss":0}],"is_beta":false,"boss_relics":[{"not_picked":["Philosopher\u0027s Stone","Velvet Choker"],"picked":"Fusion Hammer"},{"not_picked":["Snecko Eye","Orrery"],"picked":"Runic Pyramid"}],"items_purged_floors":[],"is_endless":false,"potions_floor_spawned":[1,2,8,11,12,22,24,25,27,33,35,37,38,44],"ascension_level":1}