{"gold_per_floor":[114,35,52,26,26,46,79,44,44,2,21,41,41,66,66,139,139,149,149],"floor_reached":19,"playtime":674,"items_purged":[],"score":354,"play_id":"4c7c8af3-dbd1-4218-9542-f73916872655","local_time":"20190701200629","is_ascension_mode":true,"campfire_choices":[{"data":"Intimidate","floor":13,"key":"SMITH"},{"floor":15,"key":"REST"}],"neow_cost":"NONE","seed_source_timestamp":290404363551900,"circlet_count":0,"master_deck":["AscendersBane","Strike_R","Strike_R","Strike_R","Strike_R","Strike_R","Defend_R","Defend_R","Defend_R","Defend_R","Bash","Impervious","Inflame","Shockwave","Headbutt","Perfected Strike","Armaments","Ghostly Armor","Dual Wield","Blood for Blood","Armaments","Intimidate+1","Hemokinesis","Barricade","Bludgeon","Carnage+1"],"relics":["Burning Blood","StoneCalendar","Prayer Wheel","Pear","Boot","Snecko Eye"],"potions_floor_usage":[7,12,16,19],"damage_taken":[{"damage":6,"enemies":"Cultist","floor":1,"turns":3},{"damage":1,"enemies":"2 Louse","floor":3,"turns":5},{"damage":11,"enemies":"Jaw Worm","floor":6,"turns":4},{"damage":39,"enemies":"Gremlin Nob","floor":7,"turns":4},{"damage":15,"enemies":"Exordium Wildlife","floor":11,"turns":5},{"damage":8,"enemies":"Blue Slaver","floor":12,"turns":2},{"damage":40,"enemies":"3 Sentries","floor":14,"turns":7},{"damage":36,"enemies":"The Guardian","floor":16,"turns":16},{"damage":34,"enemies":"Shell Parasite","floor":18,"turns":4},{"damage":51,"enemies":"3 Byrds","floor":19,"turns":4}],"seed_played":"2435808128146211564","potions_obtained":[{"floor":6,"key":"SkillPotion"},{"floor":11,"key":"Energy Potion"},{"floor":12,"key":"GamblersBrew"},{"floor":16,"key":"Regen Potion"}],"is_trial":false,"path_per_floor":["M","$","M","$","?","M","E","?","T","$","M","M","R","E","R","B",null,"M","M"],"character_chosen":"IRONCLAD","items_purchased":["Shockwave","Perfected Strike","Dual Wield"],"campfire_rested":1,"item_purchase_floors":[2,4,10],"current_hp_per_floor":[68,68,73,73,68,63,30,48,58,58,49,47,47,13,38,8,66,38,0],"gold":149,"neow_bonus":"ONE_RANDOM_RARE_CARD","is_prod":false,"is_daily":false,"chose_seed":false,"campfire_upgraded":1,"win_rate":0,"timestamp":1562025989,"path_taken":["M","$","M","$","?","M","E","?","T","?","M","?","R","E","R","BOSS","M","M"],"build_version":"2019-07-01","purchased_purges":0,"victory":false,"max_hp_per_floor":[75,75,75,75,75,75,75,75,85,85,85,85,85,85,85,85,85,85,85],"card_choices":[{"not_picked":["Warcry","True Grit"],"picked":"Inflame","floor":1},{"not_picked":["Heavy Blade","Twin Strike"],"picked":"Headbutt","floor":3},{"not_picked":["Battle Trance","Ghostly Armor"],"picked":"Armaments","floor":6},{"not_picked":["Pommel Strike","True Grit"],"picked":"Ghostly Armor","floor":7},{"not_picked":["Second Wind","Rampage"],"picked":"Blood for Blood","floor":11},{"not_picked":["Heavy Blade","Combust"],"picked":"Armaments","floor":11},{"not_picked":["Entrench","Twin Strike"],"picked":"Intimidate","floor":12},{"not_picked":["Anger","True Grit"],"picked":"Hemokinesis","floor":12},{"not_picked":["Evolve","Cleave"],"picked":"Barricade","floor":14},{"not_picked":["Feed","Reaper"],"picked":"Bludgeon","floor":16},{"not_picked":["Power Through+1","Dual Wield"],"picked":"Carnage+1","floor":18},{"not_picked":["Rupture","Pummel","Armaments"],"picked":"SKIP","floor":18}],"player_experience":1629817,"relics_obtained":[{"floor":7,"key":"Prayer Wheel"},{"floor":9,"key":"Pear"},{"floor":14,"key":"Boot"}],"event_choices":[{"damage_healed":0,"gold_gain":0,"player_choice":"Success","damage_taken":5,"relics_obtained":["StoneCalendar"],"max_hp_gain":0,"max_hp_loss":0,"event_name":"Scrap Ooze","floor":5,"gold_loss":0},{"damage_healed":18,"gold_gain":0,"player_choice":"Healed","damage_taken":0,"max_hp_gain":0,"max_hp_loss":0,"event_name":"The Cleric","floor":8,"gold_loss":35}],"is_beta":false,"boss_relics":[{"not_picked":["Runic Dome","Astrolabe"],"picked":"Snecko Eye"}],"items_purged_floors":[],"is_endless":false,"potions_floor_spawned":[6,11,12,16],"killed_by":"3 Byrds","ascension_level":20}