{"gold_per_floor":[110,130,141,153,153,153,187,205,205,225,225,300,300,319,319,319],"floor_reached":16,"playtime":2324,"items_purged":[],"score":104,"play_id":"5d0dfae4-21c4-4d95-a2a3-2422e5952eb7","local_time":"20190724093447","is_ascension_mode":false,"campfire_choices":[{"data":"Cloak And Dagger","floor":6,"key":"SMITH"},{"floor":11,"key":"REST"},{"floor":13,"key":"REST"},{"floor":15,"key":"REST"}],"neow_cost":"NONE","seed_source_timestamp":407932012495500,"circlet_count":0,"master_deck":["Strike_G","Strike_G","Strike_G","Strike_G","Strike_G","Defend_G","Defend_G","Defend_G","Defend_G","Defend_G","Survivor","Neutralize+1","Cloak And Dagger+1","Blade Dance","PiercingWail","Backflip","Backflip","Backflip","Acrobatics","PiercingWail"],"relics":["Ring of the Snake","Gambling Chip","Smiling Mask","Blood Vial"],"potions_floor_usage":[4,7,16,16],"damage_taken":[{"damage":0,"enemies":"Cultist","floor":1,"turns":4},{"damage":1,"enemies":"Small Slimes","floor":2,"turns":3},{"damage":3,"enemies":"Jaw Worm","floor":3,"turns":3},{"damage":13,"enemies":"Large Slime","floor":4,"turns":7},{"damage":23,"enemies":"3 Sentries","floor":7,"turns":8},{"damage":1,"enemies":"3 Louse","floor":8,"turns":3},{"damage":3,"enemies":"2 Fungi Beasts","floor":10,"turns":4},{"damage":2,"enemies":"Looter","floor":14,"turns":3},{"damage":74,"enemies":"The Guardian","floor":16,"turns":16}],"seed_played":"209947151659280469","potions_obtained":[{"floor":1,"key":"AttackPotion"},{"floor":2,"key":"Fire Potion"},{"floor":10,"key":"Regen Potion"},{"floor":14,"key":"Ancient Potion"}],"is_trial":false,"path_per_floor":["M","M","M","M","?","R","E","M","T","M","R","?","R","M","R","B"],"character_chosen":"THE_SILENT","items_purchased":[],"campfire_rested":3,"item_purchase_floors":[],"current_hp_per_floor":[70,69,66,53,41,41,18,17,17,16,37,26,47,47,68,0],"gold":319,"neow_bonus":"UPGRADE_CARD","is_prod":false,"is_daily":false,"chose_seed":false,"campfire_upgraded":1,"win_rate":0,"timestamp":1563957287,"path_taken":["M","M","?","M","?","R","E","M","T","M","R","?","R","M","R","BOSS"],"build_version":"2019-07-17","purchased_purges":0,"victory":false,"max_hp_per_floor":[70,70,70,70,70,70,70,70,70,70,70,70,70,70,70,70],"card_choices":[{"not_picked":["Deflect","Quick Slash"],"picked":"Cloak And Dagger","floor":1},{"not_picked":["Calculated Gamble","Endless Agony"],"picked":"Blade Dance","floor":2},{"not_picked":["Choke","Riddle With Holes"],"picked":"PiercingWail","floor":3},{"not_picked":["Dodge and Roll","Accuracy"],"picked":"Backflip","floor":4},{"not_picked":["Tactician","Dagger Throw"],"picked":"Backflip","floor":7},{"not_picked":["Deflect","Backstab"],"picked":"Backflip","floor":8},{"not_picked":["Dash","PiercingWail"],"picked":"Acrobatics","floor":10},{"not_picked":["Underhanded Strike","Skewer"],"picked":"PiercingWail","floor":14}],"player_experience":384220,"relics_obtained":[{"floor":7,"key":"Smiling Mask"},{"floor":9,"key":"Blood Vial"}],"event_choices":[{"damage_healed":0,"gold_gain":0,"player_choice":"Success","damage_taken":12,"relics_obtained":["Gambling Chip"],"max_hp_gain":0,"max_hp_loss":0,"event_name":"Scrap Ooze","floor":5,"gold_loss":0},{"damage_healed":0,"gold_gain":75,"player_choice":"Gather Gold","damage_taken":11,"max_hp_gain":0,"max_hp_loss":0,"event_name":"World of Goop","floor":12,"gold_loss":0}],"is_beta":false,"boss_relics":[],"items_purged_floors":[],"is_endless":false,"potions_floor_spawned":[1,2,10,14],"killed_by":"The Guardian","ascension_level":0}