{"gold_per_floor":[114,134,134,149,149,180,180,214,238,265,265,281,23,34,34,108,108,125,125,125,33,33,90,90,104,104,104],"floor_reached":27,"playtime":2155,"items_purged":["Strike_R","Shame"],"score":498,"play_id":"8e3bc546-9a77-48bb-ac27-522d2cdf37cd","local_time":"20190722114300","is_ascension_mode":true,"campfire_choices":[{"data":"Armaments","floor":7.0,"key":"SMITH"},{"data":"Corruption","floor":15.0,"key":"SMITH"},{"floor":24.0,"key":"REST"}],"neow_cost":"NONE","seed_source_timestamp":217213418972408,"circlet_count":0,"master_deck":["AscendersBane","Strike_R","Strike_R","Strike_R","Defend_R","Defend_R","Defend_R","Defend_R","Bash+1","Hemokinesis+1","Armaments+1","Pommel Strike","Clothesline","Shrug It Off","Combust","Disarm","Corruption+1","Heavy Blade","Limit Break","Ghostly Armor","Writhe","Clothesline","Flame Barrier"],"special_seed":0,"relics":["Burning Blood","Oddly Smooth Stone","Red Skull","Smiling Mask","Orichalcum","Bag of Preparation","Fusion Hammer","Incense Burner","Strawberry","Tiny Chest","Unceasing Top"],"potions_floor_usage":[],"damage_taken":[{"damage":2.0,"enemies":"Cultist","floor":1.0,"turns":4.0},{"damage":10.0,"enemies":"2 Louse","floor":2.0,"turns":4.0},{"damage":6.0,"enemies":"Jaw Worm","floor":4.0,"turns":4.0},{"damage":25.0,"enemies":"Lagavulin","floor":6.0,"turns":7.0},{"damage":25.0,"enemies":"3 Sentries","floor":8.0,"turns":9.0},{"damage":9.0,"enemies":"Lagavulin","floor":10.0,"turns":7.0},{"damage":1.0,"enemies":"2 Fungi Beasts","floor":12.0,"turns":4.0},{"damage":6.0,"enemies":"Exordium Thugs","floor":14.0,"turns":5.0},{"damage":19.0,"enemies":"Hexaghost","floor":16.0,"turns":9.0},{"damage":7.0,"enemies":"3 Byrds","floor":18.0,"turns":4.0},{"damage":35.0,"enemies":"Book of Stabbing","floor":23.0,"turns":6.0},{"damage":4.0,"enemies":"Chosen","floor":25.0,"turns":3.0},{"damage":45,"enemies":"Slavers","floor":27,"turns":4}],"seed_played":"7791289661924676263","potions_obtained":[{"floor":4.0,"key":"AttackPotion"},{"floor":6.0,"key":"Poison Potion"},{"floor":8.0,"key":"Fire Potion"},{"floor":14.0,"key":"Fire Potion"},{"floor":16.0,"key":"GamblersBrew"},{"floor":23.0,"key":"Ancient Potion"}],"is_trial":false,"path_per_floor":["M","M","?","M","?","E","R","E","T","E","?","M","$","M","R","B",null,"M","?","?","$","?","E","R","M","T","E"],"character_chosen":"IRONCLAD","items_purchased":["Bag of Preparation","Corruption","Ghostly Armor"],"campfire_rested":1,"item_purchase_floors":[13,13,21],"current_hp_per_floor":[72,68,68,68,68,49,49,30,30,27,27,32,32,32,32,19,61,60,39,39,39,46,17,43,45,45,0],"gold":104,"neow_bonus":"REMOVE_CARD","is_prod":false,"is_daily":false,"chose_seed":false,"campfire_upgraded":2,"win_rate":0,"timestamp":1563784980,"path_taken":["M","?","?","M","?","E","R","E","T","E","?","M","$","M","R","BOSS","M","?","?","$","?","E","R","M","T","E"],"build_version":"2019-07-17","purchased_purges":2,"victory":false,"max_hp_per_floor":[75,75,75,75,75,75,75,75,75,75,75,75,75,75,75,75,75,75,80,80,80,87,87,87,87,87,87],"card_choices":[{"not_picked":["Armaments","Rupture"],"picked":"Hemokinesis","floor":1.0},{"not_picked":["Shockwave","Thunderclap"],"picked":"Armaments","floor":2.0},{"not_picked":["Sever Soul","Heavy Blade"],"picked":"Pommel Strike","floor":4.0},{"not_picked":["Shockwave","Juggernaut"],"picked":"Clothesline","floor":6.0},{"not_picked":["Iron Wave","Cleave"],"picked":"Shrug It Off","floor":8.0},{"not_picked":["Rupture","Headbutt"],"picked":"Combust","floor":10.0},{"not_picked":["Spot Weakness","Impervious"],"picked":"Disarm","floor":12.0},{"not_picked":["Warcry","Flex"],"picked":"Heavy Blade","floor":14.0},{"not_picked":["Dark Embrace","Double Tap"],"picked":"Limit Break","floor":16.0},{"not_picked":["True Grit","Anger","Twin Strike"],"picked":"SKIP","floor":18.0},{"not_picked":["True Grit","Thunderclap"],"picked":"Clothesline","floor":23.0},{"not_picked":["Heavy Blade","Pommel Strike"],"picked":"Flame Barrier","floor":25.0}],"player_experience":875850,"relics_obtained":[{"floor":6.0,"key":"Oddly Smooth Stone"},{"floor":8.0,"key":"Red Skull"},{"floor":9.0,"key":"Smiling Mask"},{"floor":10.0,"key":"Orichalcum"},{"floor":23.0,"key":"Tiny Chest"},{"floor":26.0,"key":"Unceasing Top"}],"event_choices":[{"damage_healed":0.0,"max_hp_gain":0.0,"max_hp_loss":0.0,"gold_gain":0.0,"event_name":"Living Wall","player_choice":"Grow","floor":3.0,"gold_loss":0.0,"damage_taken":0.0,"cards_upgraded":["Hemokinesis"]},{"damage_healed":0.0,"max_hp_gain":0.0,"max_hp_loss":0.0,"gold_gain":0.0,"event_name":"Liars Game","player_choice":"Ignored","floor":5.0,"gold_loss":0.0,"damage_taken":0.0},{"damage_healed":0.0,"max_hp_gain":0.0,"max_hp_loss":0.0,"gold_gain":0.0,"event_name":"Upgrade Shrine","player_choice":"Upgraded","floor":11.0,"gold_loss":0.0,"damage_taken":0.0,"cards_upgraded":["Bash"]},{"damage_healed":0.0,"max_hp_gain":5.0,"max_hp_loss":0.0,"gold_gain":0.0,"event_name":"Forgotten Altar","player_choice":"Shed Blood","floor":19.0,"gold_loss":0.0,"damage_taken":26.0},{"damage_healed":0.0,"max_hp_gain":0.0,"max_hp_loss":0.0,"gold_gain":0.0,"event_name":"Addict","player_choice":"Stole Relic","floor":20.0,"gold_loss":0.0,"damage_taken":0.0,"relics_obtained":["Incense Burner"],"cards_obtained":["Shame"]},{"damage_healed":0.0,"max_hp_gain":0.0,"max_hp_loss":0.0,"gold_gain":0.0,"event_name":"The Mausoleum","player_choice":"Opened","floor":22.0,"gold_loss":0.0,"damage_taken":0.0,"relics_obtained":["Strawberry"],"cards_obtained":["Writhe"]}],"is_beta":false,"boss_relics":[{"not_picked":["Lizard Tail","Ectoplasm"],"picked":"Fusion Hammer"}],"items_purged_floors":[13,21],"is_endless":false,"potions_floor_spawned":[4,6,8,14,16,23],"killed_by":"Slavers","ascension_level":20}