{"gold_per_floor":[112,129,129,129,140,140,56,56,79,129,129,18,18,18,18,121,121,141,171,48,65,65,65,83,83,83,83,103,119,119],"floor_reached":30,"playtime":1076,"items_purged":["Strike_R"],"score":216,"play_id":"80d8716b-3ded-4630-b483-cf0097141519","local_time":"20190712160248","is_ascension_mode":false,"campfire_choices":[{"data":"True Grit","floor":6.0,"key":"SMITH"},{"data":"Blind","floor":8.0,"key":"SMITH"},{"data":"Bash","floor":11.0,"key":"SMITH"},{"data":"Inflame","floor":13.0,"key":"SMITH"},{"data":"Defend_R","floor":15.0,"key":"SMITH"},{"floor":23,"key":"REST"},{"floor":27,"key":"REST"}],"neow_cost":"NONE","seed_source_timestamp":18474985157900,"circlet_count":0,"master_deck":["Strike_R+1","Defend_R+1","Defend_R","Defend_R+1","Bash+1","Feel No Pain+1","True Grit+1","Blind+1","Inflame+1","Limit Break","Corruption","Dual Wield","Body Slam","Reckless Charge","Double Tap","Cleave","Inflame","Intimidate"],"special_seed":0,"relics":["Burning Blood"],"potions_floor_usage":[21,29,29],"damage_taken":[{"damage":2.0,"enemies":"Small Slimes","floor":1.0,"turns":4.0},{"damage":10.0,"enemies":"Cultist","floor":2.0,"turns":4.0},{"damage":10.0,"enemies":"Jaw Worm","floor":5.0,"turns":3.0},{"damage":32.0,"enemies":"Slime Boss","floor":16.0,"turns":20.0},{"damage":1.0,"enemies":"Shell Parasite","floor":18.0,"turns":10.0},{"damage":53.0,"enemies":"Masked Bandits","floor":19.0,"turns":8.0},{"damage":0,"enemies":"Chosen","floor":21,"turns":4},{"damage":18,"enemies":"Centurion and Healer","floor":24,"turns":8},{"damage":32,"enemies":"Shelled Parasite and Fungi","floor":28,"turns":8},{"damage":42,"enemies":"3 Cultists","floor":29,"turns":6},{"damage":21,"enemies":"Chosen and Byrds","floor":30,"turns":8}],"seed_played":"-6623277968498537788","potions_obtained":[{"floor":2.0,"key":"Energy Potion"},{"floor":5.0,"key":"Strength Potion"},{"floor":24,"key":"SpeedPotion"}],"is_trial":false,"path_per_floor":["M","M","?","?","M","R","$","R","T","T","R","$","R","?","R","B",null,"M","?","$","M","?","R","M","?","T","R","M","M","M"],"character_chosen":"IRONCLAD","items_purchased":["Blind","Inflame","SteroidPotion","Ancient Potion"],"campfire_rested":2,"item_purchase_floors":[7,12,20,20],"current_hp_per_floor":[80,76,60,60,56,56,56,56,56,56,56,56,56,56,56,30,80,80,33,33,39,39,63,51,51,51,75,49,13,0],"gold":119,"neow_bonus":"REMOVE_CARD","is_prod":false,"is_daily":false,"chose_seed":false,"campfire_upgraded":5,"win_rate":0,"timestamp":1562961768,"path_taken":["M","M","?","?","?","R","$","R","T","?","R","$","R","?","R","BOSS","M","?","$","M","?","R","M","?","T","R","M","M","M"],"build_version":"2019-07-05","purchased_purges":1,"victory":false,"max_hp_per_floor":[80,80,80,80,80,80,80,80,80,80,80,80,80,80,80,80,80,80,80,80,80,80,80,80,80,80,80,80,80,80],"card_choices":[{"not_picked":["Cleave","Body Slam"],"picked":"Feel No Pain","floor":1.0},{"not_picked":["Wild Strike","Heavy Blade"],"picked":"True Grit","floor":2.0},{"not_picked":["Cleave","Heavy Blade","Armaments"],"picked":"SKIP","floor":5.0},{"not_picked":["Dark Embrace","Brutality"],"picked":"Limit Break","floor":16.0},{"not_picked":["Fire Breathing+1","Iron Wave"],"picked":"Corruption","floor":18.0},{"not_picked":["Carnage","Armaments"],"picked":"Dual Wield","floor":19},{"not_picked":["Body Slam","Sword Boomerang","Perfected Strike"],"picked":"SKIP","floor":21},{"not_picked":["Sword Boomerang","Perfected Strike"],"picked":"Body Slam","floor":21},{"not_picked":["Havoc","Sword Boomerang"],"picked":"Cleave","floor":24},{"not_picked":["Havoc","Perfected Strike"],"picked":"Inflame","floor":28},{"not_picked":["Twin Strike","Reckless Charge"],"picked":"Intimidate","floor":29}],"player_experience":1852466,"relics_obtained":[],"event_choices":[{"damage_healed":0.0,"max_hp_gain":0.0,"max_hp_loss":0.0,"gold_gain":0.0,"event_name":"Shining Light","player_choice":"Entered Light","floor":3.0,"gold_loss":0.0,"damage_taken":16.0,"cards_upgraded":["Defend_R","Strike_R"]},{"cards_removed":["Strike_R"],"damage_healed":0.0,"max_hp_gain":0.0,"max_hp_loss":0.0,"gold_gain":0.0,"event_name":"Purifier","player_choice":"Purged","floor":4.0,"gold_loss":0.0,"damage_taken":0.0},{"damage_healed":0.0,"max_hp_gain":0.0,"max_hp_loss":0.0,"gold_gain":0.0,"event_name":"Upgrade Shrine","player_choice":"Upgraded","floor":14.0,"gold_loss":0.0,"damage_taken":0.0,"cards_upgraded":["Feel No Pain"]},{"damage_healed":0.0,"max_hp_gain":0.0,"max_hp_loss":0.0,"gold_gain":0.0,"event_name":"Masked Bandits","player_choice":"Fought Bandits","floor":19.0,"gold_loss":0.0,"damage_taken":0.0},{"damage_healed":0,"gold_gain":0,"cards_transformed":["Strike_R","Defend_R"],"player_choice":"Became Test Subject","damage_taken":0,"max_hp_gain":0,"max_hp_loss":0,"event_name":"Drug Dealer","floor":22,"gold_loss":0,"cards_obtained":["Reckless Charge","Double Tap"]}],"is_beta":false,"boss_relics":[{"not_picked":["Busted Crown","Orrery","Fusion Hammer"]}],"items_purged_floors":[12],"is_endless":false,"potions_floor_spawned":[2,5,24],"killed_by":"Chosen and Byrds","ascension_level":0}