{"gold_per_floor":[112,125,125,144,144,179,179,205,261,288,40,40,104,104,104,197,197,216,216,240,259,259,259],"floor_reached":23,"playtime":3016,"items_purged":[],"score":383,"play_id":"34f17a5d-c165-4f8a-9c5a-2017427ffdc8","local_time":"20190714122713","is_ascension_mode":true,"campfire_choices":[{"data":"Chill","floor":7.0,"key":"SMITH"},{"data":"White Noise","floor":15.0,"key":"SMITH"}],"neow_cost":"NONE","seed_source_timestamp":0,"circlet_count":0,"master_deck":["AscendersBane","Strike_B+1","Strike_B+1","Defend_B+1","Defend_B+1","Defend_B+1","Defend_B+1","Zap","Dualcast","Self Repair","Cold Snap+1","Melter+1","Chill+1","Coolheaded+1","Gash","Ball Lightning","White Noise+1","Melter","Hologram","Echo Form","Creative AI+1","Undo"],"special_seed":0,"relics":["Orrery","Regal Pillow","Juzu Bracelet","Tiny Chest","Whetstone","DataDisk","Golden Idol","PreservedInsect","Nuclear Battery"],"potions_floor_usage":[23,23],"damage_taken":[{"damage":3.0,"enemies":"2 Louse","floor":1.0,"turns":3.0},{"damage":4.0,"enemies":"Small Slimes","floor":2.0,"turns":4.0},{"damage":0.0,"enemies":"Cultist","floor":4.0,"turns":5.0},{"damage":20.0,"enemies":"Lagavulin","floor":6.0,"turns":7.0},{"damage":4.0,"enemies":"3 Sentries","floor":8.0,"turns":8.0},{"damage":42.0,"enemies":"Gremlin Nob","floor":10.0,"turns":6.0},{"damage":1.0,"enemies":"3 Sentries","floor":13.0,"turns":8.0},{"damage":15.0,"enemies":"Hexaghost","floor":16.0,"turns":9.0},{"damage":30.0,"enemies":"Chosen","floor":18.0,"turns":7.0},{"damage":0.0,"enemies":"Spheric Guardian","floor":20.0,"turns":1.0},{"damage":12.0,"enemies":"Snake Plant","floor":21.0,"turns":6.0},{"damage":31,"enemies":"Slavers","floor":23,"turns":4}],"seed_played":"-1667238086356111647","potions_obtained":[{"floor":8.0,"key":"SpeedPotion"},{"floor":10.0,"key":"SteroidPotion"},{"floor":16.0,"key":"Energy Potion"},{"floor":21.0,"key":"Dexterity Potion"}],"is_trial":false,"path_per_floor":["M","M","?","M","?","E","R","E","T","E","$","?","?","?","R","B",null,"M","?","M","M","?","E"],"character_chosen":"DEFECT","items_purchased":["Echo Form","DataDisk"],"campfire_rested":0,"item_purchase_floors":[11,11],"current_hp_per_floor":[68,71,50,57,57,44,44,47,47,12,12,12,25,18,18,10,51,28,28,28,30,30,0],"gold":259,"neow_bonus":"BOSS_RELIC","is_prod":false,"is_daily":false,"chose_seed":false,"campfire_upgraded":2,"win_rate":0,"timestamp":1563096433,"path_taken":["M","M","?","M","?","E","R","E","T","E","$","?","?","?","R","BOSS","M","?","M","M","?","E"],"build_version":"2019-07-05","purchased_purges":0,"victory":false,"max_hp_per_floor":[71,71,71,71,71,71,71,71,71,71,71,64,64,64,64,64,64,64,64,64,64,64,64],"card_choices":[{"not_picked":["Leap","Reinforced Body"],"picked":"Self Repair","floor":0.0},{"not_picked":["Barrage","Steam"],"picked":"Cold Snap","floor":0.0},{"not_picked":["Hologram","Redo"],"picked":"Melter","floor":0.0},{"not_picked":["Capacitor","Scrape"],"picked":"Chill","floor":0.0},{"not_picked":["Stack","Sweeping Beam"],"picked":"Coolheaded","floor":1.0},{"not_picked":["Rebound","Darkness"],"picked":"Gash","floor":2.0},{"not_picked":["Barrage","White Noise"],"picked":"Ball Lightning","floor":4.0},{"not_picked":["Heatsinks","Redo"],"picked":"White Noise","floor":6.0},{"not_picked":["Lockon","Static Discharge"],"picked":"Melter","floor":8.0},{"not_picked":["Tempest","Redo"],"picked":"Hologram","floor":10.0},{"not_picked":["Rainbow","Amplify"],"picked":"Creative AI","floor":16.0},{"not_picked":["Sweeping Beam","Redo"],"picked":"Undo","floor":18.0},{"not_picked":["Stack","White Noise","Go for the Eyes"],"picked":"SKIP","floor":20.0},{"not_picked":["Steam Power+1","Barrage","Skim"],"picked":"SKIP","floor":21.0}],"player_experience":680677,"relics_obtained":[{"floor":6.0,"key":"Regal Pillow"},{"floor":8.0,"key":"Juzu Bracelet"},{"floor":9.0,"key":"Tiny Chest"},{"floor":10.0,"key":"Whetstone"},{"floor":13.0,"key":"PreservedInsect"}],"event_choices":[{"damage_healed":0.0,"max_hp_gain":0.0,"max_hp_loss":0.0,"gold_gain":0.0,"event_name":"Shining Light","player_choice":"Entered Light","floor":3.0,"gold_loss":0.0,"damage_taken":21.0,"cards_upgraded":["Coolheaded","Cold Snap"]},{"cards_removed":["Strike_B"],"damage_healed":0.0,"max_hp_gain":0.0,"max_hp_loss":0.0,"gold_gain":0.0,"event_name":"Purifier","player_choice":"Purged","floor":5.0,"gold_loss":0.0,"damage_taken":0.0},{"damage_healed":0.0,"max_hp_gain":0.0,"max_hp_loss":7.0,"gold_gain":0.0,"event_name":"Golden Idol","player_choice":"Lose Max HP","floor":12.0,"gold_loss":0.0,"damage_taken":0.0,"relics_obtained":["Golden Idol"]},{"damage_healed":0.0,"max_hp_gain":0.0,"max_hp_loss":0.0,"gold_gain":30.0,"event_name":"Dead Adventurer","player_choice":"Searched \u00273\u0027 times","floor":13.0,"gold_loss":0.0,"damage_taken":0.0},{"cards_removed":["Strike_B"],"damage_healed":0.0,"max_hp_gain":0.0,"max_hp_loss":0.0,"gold_gain":0.0,"event_name":"Golden Wing","player_choice":"Card Removal","floor":14.0,"gold_loss":0.0,"damage_taken":7.0},{"damage_healed":0.0,"max_hp_gain":0.0,"max_hp_loss":0.0,"gold_gain":0.0,"event_name":"Upgrade Shrine","player_choice":"Upgraded","floor":19.0,"gold_loss":0.0,"damage_taken":0.0,"cards_upgraded":["Creative AI"]},{"damage_healed":0.0,"max_hp_gain":0.0,"max_hp_loss":0.0,"gold_gain":0.0,"event_name":"Back to Basics","player_choice":"Simplicity","floor":22.0,"gold_loss":0.0,"damage_taken":0.0,"cards_upgraded":["Strike_B","Defend_B","Defend_B","Defend_B","Defend_B"]}],"is_beta":false,"boss_relics":[{"not_picked":["Velvet Choker","Eternal Feather"],"picked":"Nuclear Battery"}],"items_purged_floors":[],"is_endless":false,"potions_floor_spawned":[8,10,16,21],"killed_by":"Slavers","ascension_level":17}