{"gold_per_floor":[17,17,31,50,67,67,98,98,98,124,104],"floor_reached":11,"playtime":769,"items_purged":[],"score":166,"play_id":"ea5fe900-7de1-4776-ba3f-12f3631e660c","local_time":"20190628142209","is_ascension_mode":true,"campfire_choices":[{"data":"Bash","floor":6,"key":"SMITH"},{"data":"Bludgeon","floor":8,"key":"SMITH"}],"neow_cost":"NO_GOLD","seed_source_timestamp":1333388671905605,"circlet_count":0,"master_deck":["AscendersBane","Strike_R","Strike_R","Strike_R","Defend_R","Defend_R","Defend_R","Defend_R","Bash+1","Warcry","Warcry","Reckless Charge","Pummel","Bludgeon+1","Immolate"],"relics":["Burning Blood","Strawberry","Art of War","Mercury Hourglass"],"potions_floor_usage":[10,10],"damage_taken":[{"damage":2,"enemies":"2 Louse","floor":1,"turns":3},{"damage":18,"enemies":"Cultist","floor":3,"turns":5},{"damage":9,"enemies":"Jaw Worm","floor":4,"turns":3},{"damage":29,"enemies":"Exordium Thugs","floor":5,"turns":5},{"damage":30,"enemies":"Lagavulin","floor":7,"turns":7},{"damage":15,"enemies":"3 Sentries","floor":10,"turns":8},{"damage":11,"enemies":"Looter","floor":11,"turns":1}],"seed_played":"8111698617024921067","potions_obtained":[{"floor":1,"key":"Weak Potion"},{"floor":2,"key":"Swift Potion"},{"floor":5,"key":"Fire Potion"},{"floor":7,"key":"GamblersBrew"}],"is_trial":false,"path_per_floor":["M","?","M","M","M","R","E","R","T","E","M"],"character_chosen":"IRONCLAD","items_purchased":[],"campfire_rested":0,"item_purchase_floors":[],"current_hp_per_floor":[72,72,60,57,34,34,17,17,17,8,0],"gold":104,"neow_bonus":"TRANSFORM_TWO_CARDS","is_prod":false,"is_daily":false,"chose_seed":false,"campfire_upgraded":2,"win_rate":0,"timestamp":1561720929,"path_taken":["M","?","M","?","M","R","E","R","T","E","M"],"build_version":"2019-01-23","purchased_purges":0,"victory":false,"max_hp_per_floor":[75,75,75,75,75,75,82,82,82,82,82],"card_choices":[{"not_picked":["Warcry","Rage","Perfected Strike"],"picked":"SKIP","floor":1},{"not_picked":["Body Slam","Combust"],"picked":"Reckless Charge","floor":3},{"not_picked":["Dropkick","Clash","Blood for Blood"],"picked":"SKIP","floor":4},{"not_picked":["Warcry","Hemokinesis"],"picked":"Pummel","floor":5},{"not_picked":["Heavy Blade","Clash"],"picked":"Bludgeon","floor":7},{"not_picked":["Wild Strike","Disarm"],"picked":"Immolate","floor":10}],"player_experience":637194,"relics_obtained":[{"floor":7,"key":"Strawberry"},{"floor":9,"key":"Art of War"},{"floor":10,"key":"Mercury Hourglass"}],"event_choices":[{"damage_healed":0,"gold_gain":0,"player_choice":"Got Potions","damage_taken":0,"max_hp_gain":0,"max_hp_loss":0,"event_name":"Lab","floor":2,"gold_loss":0}],"is_beta":false,"boss_relics":[],"items_purged_floors":[],"is_endless":false,"potions_floor_spawned":[1,5,7],"killed_by":"Looter","ascension_level":20}