{"gold_per_floor":[117,134,134,153,172,172,199,15,38,53,18,18,82,98,98,201,201,213,224,224,184,204,204,239,239,318,27,40,40,40,57,57,162,162,173,173,192,206,10,10,36,36,87,99,116,116,126,126,126,126],"floor_reached":51,"playtime":6244,"items_purged":["Zap"],"score":809,"play_id":"f623108c-61fe-439b-97e4-bed66f5e7640","local_time":"20190723214125","is_ascension_mode":false,"campfire_choices":[{"data":"Consume","floor":6,"key":"SMITH"},{"data":"FTL","floor":12,"key":"SMITH"},{"floor":15,"key":"REST"},{"data":"Chill","floor":23,"key":"SMITH"},{"data":"Machine Learning","floor":25,"key":"SMITH"},{"floor":30,"key":"REST"},{"data":"Chill","floor":32,"key":"SMITH"},{"data":"Rainbow","floor":40,"key":"SMITH"},{"data":"Streamline","floor":42,"key":"SMITH"},{"data":"Cold Snap","floor":49,"key":"SMITH"}],"neow_cost":"NONE","seed_source_timestamp":361194269123900,"circlet_count":0,"master_deck":["Strike_B","Strike_B","Strike_B","Strike_B","Defend_B","Defend_B","Defend_B","Defend_B+1","Dualcast","Capacitor+1","Sweeping Beam","Consume+1","Heatsinks","Glacier","Machine Learning+1","Force Field","Cold Snap","Melter","FTL+1","Undo+1","Cold Snap+1","Chill+1","Gash+1","Chill+1","Capacitor","Capacitor","Streamline+1","Rainbow+1","Discovery","Parasite","Cold Snap+1","Capacitor","Coolheaded+1","Darkness+1"],"relics":["Cracked Core","NeowsBlessing","FaceOfCleric","Anchor","Orichalcum","Tiny Chest","Black Star","Oddly Smooth Stone","Pear","Kunai","Happy Flower","Busted Crown","Smiling Mask","Omamori","War Paint","Gambling Chip"],"potions_floor_usage":[10,13,24,37,37,38,41,41,44,47,50],"damage_taken":[{"damage":0,"enemies":"Jaw Worm","floor":1,"turns":1},{"damage":0,"enemies":"Cultist","floor":2,"turns":1},{"damage":0,"enemies":"2 Louse","floor":4,"turns":1},{"damage":0,"enemies":"Large Slime","floor":5,"turns":5},{"damage":39,"enemies":"Gremlin Nob","floor":7,"turns":5},{"damage":0,"enemies":"Gremlin Gang","floor":10,"turns":3},{"damage":7,"enemies":"Lagavulin","floor":13,"turns":7},{"damage":1,"enemies":"Red Slaver","floor":14,"turns":5},{"damage":8,"enemies":"The Guardian","floor":16,"turns":15},{"damage":2,"enemies":"Shell Parasite","floor":18,"turns":6},{"damage":15,"enemies":"3 Byrds","floor":19,"turns":7},{"damage":4,"enemies":"Shelled Parasite and Fungi","floor":22,"turns":10},{"damage":18,"enemies":"Book of Stabbing","floor":24,"turns":11},{"damage":3,"enemies":"Chosen and Byrds","floor":28,"turns":11},{"damage":7,"enemies":"Snecko","floor":31,"turns":9},{"damage":2,"enemies":"Champ","floor":33,"turns":26},{"damage":7,"enemies":"Orb Walker","floor":35,"turns":6},{"damage":3,"enemies":"3 Darklings","floor":37,"turns":8},{"damage":26,"enemies":"Writhing Mass","floor":38,"turns":11},{"damage":26,"enemies":"Reptomancer","floor":41,"turns":10},{"damage":34,"enemies":"Transient","floor":44,"turns":5},{"damage":10,"enemies":"Sphere and 2 Shapes","floor":45,"turns":4},{"damage":9,"enemies":"4 Shapes","floor":47,"turns":5},{"damage":0,"enemies":"Donu and Deca","floor":50,"turns":15}],"seed_played":"-9001988359597970861","potions_obtained":[{"floor":1,"key":"Poison Potion"},{"floor":5,"key":"Dexterity Potion"},{"floor":7,"key":"Explosive Potion"},{"floor":22,"key":"SpeedPotion"},{"floor":24,"key":"Block Potion"},{"floor":31,"key":"SpeedPotion"},{"floor":33,"key":"AttackPotion"},{"floor":35,"key":"Dexterity Potion"},{"floor":37,"key":"Regen Potion"},{"floor":45,"key":"Explosive Potion"},{"floor":47,"key":"Explosive Potion"}],"is_trial":false,"path_per_floor":["M","M","?","M","M","R","E","$","T","M","$","R","E","M","R","B",null,"M","M","?","?","M","R","E","R","T","$","M","$","R","M","R","B",null,"M","?","M","M","$","R","E","R","T","M","M","T","M","?","R","B",null],"character_chosen":"DEFECT","items_purchased":["Machine Learning","Force Field","Cold Snap","FTL","Capacitor","Happy Flower","Capacitor","FocusPotion","Fire Potion"],"campfire_rested":2,"item_purchase_floors":[8,8,8,11,27,27,39,39,39],"current_hp_per_floor":[75,75,75,76,77,77,39,39,39,40,40,40,34,34,58,51,82,81,67,51,51,48,48,41,41,41,41,39,39,69,63,63,62,104,98,98,96,86,86,86,61,61,61,28,19,19,11,111,111,112],"gold":126,"neow_bonus":"THREE_ENEMY_KILL","is_prod":false,"is_daily":false,"chose_seed":false,"campfire_upgraded":8,"win_rate":0.0,"timestamp":1563914485,"path_taken":["M","M","?","M","?","R","E","?","T","M","?","R","E","?","R","BOSS","M","M","?","?","M","R","E","R","T","$","?","?","R","M","R","BOSS","M","?","M","M","$","R","E","R","T","M","M","?","M","?","R","BOSS"],"build_version":"2019-07-17","purchased_purges":1,"victory":true,"max_hp_per_floor":[75,75,75,76,77,77,78,78,78,79,79,79,80,81,81,82,82,83,84,89,89,90,90,101,101,101,101,102,102,102,103,103,104,104,105,105,106,107,107,107,108,108,108,109,110,110,111,111,111,112],"card_choices":[{"not_picked":["Sweeping Beam","Stack"],"picked":"Capacitor","floor":1},{"not_picked":["Chaos","Fusion"],"picked":"Sweeping Beam","floor":2},{"not_picked":["Gash","Rebound"],"picked":"Consume","floor":4},{"not_picked":["Turbo","Reinforced Body"],"picked":"Heatsinks","floor":5},{"not_picked":["Steam","Cold Snap"],"picked":"Glacier","floor":7},{"not_picked":["Hello World","Static Discharge"],"picked":"Melter","floor":10},{"not_picked":["Darkness","Skim"],"picked":"Undo","floor":13},{"not_picked":["Thunder Strike","Barrage"],"picked":"Cold Snap","floor":14},{"not_picked":["Streamline+1","Genetic Algorithm","Stack"],"picked":"SKIP","floor":18},{"not_picked":["Doom and Gloom","Conserve Battery+1"],"picked":"Chill","floor":19},{"not_picked":["Rebound+1","Double Energy+1"],"picked":"Gash+1","floor":22},{"not_picked":["Go for the Eyes+1","Conserve Battery"],"picked":"Chill","floor":24},{"not_picked":["Sweeping Beam","Biased Cognition"],"picked":"Capacitor","floor":28},{"not_picked":["Steam","Compile Driver"],"picked":"Streamline","floor":31},{"not_picked":["Machine Learning","Multi-Cast"],"picked":"Rainbow","floor":33},{"not_picked":["Lockon"],"picked":"SKIP","floor":35},{"not_picked":[],"picked":"Discovery","floor":36},{"not_picked":["Leap+1"],"picked":"SKIP","floor":37},{"not_picked":[],"picked":"Cold Snap+1","floor":38},{"not_picked":[],"picked":"Coolheaded+1","floor":41},{"not_picked":["Sunder+1"],"picked":"SKIP","floor":44},{"not_picked":["Leap"],"picked":"SKIP","floor":45},{"not_picked":[],"picked":"Darkness+1","floor":47}],"player_experience":377976,"relics_obtained":[{"floor":7,"key":"Anchor"},{"floor":9,"key":"Orichalcum"},{"floor":13,"key":"Tiny Chest"},{"floor":24,"key":"Oddly Smooth Stone"},{"floor":24,"key":"Pear"},{"floor":26,"key":"Kunai"},{"floor":41,"key":"Smiling Mask"},{"floor":41,"key":"Omamori"},{"floor":43,"key":"War Paint"},{"floor":46,"key":"Gambling Chip"}],"event_choices":[{"damage_healed":0,"gold_gain":0,"player_choice":"Trade","damage_taken":0,"relics_obtained":["FaceOfCleric"],"max_hp_gain":0,"max_hp_loss":0,"event_name":"FaceTrader","floor":3,"gold_loss":0},{"damage_healed":0,"gold_gain":0,"player_choice":"Shed Blood","damage_taken":21,"max_hp_gain":5,"max_hp_loss":0,"event_name":"Forgotten Altar","floor":20,"gold_loss":0},{"damage_healed":0,"gold_gain":0,"player_choice":"Upgrade","damage_taken":0,"max_hp_gain":0,"max_hp_loss":0,"event_name":"Designer","floor":21,"gold_loss":40,"cards_upgraded":["Capacitor"]},{"damage_healed":0,"gold_gain":0,"player_choice":"Memory 1","damage_taken":0,"max_hp_gain":0,"max_hp_loss":0,"event_name":"SensoryStone","floor":36,"gold_loss":0},{"damage_healed":100,"gold_gain":0,"player_choice":"Heal","damage_taken":0,"max_hp_gain":0,"max_hp_loss":0,"event_name":"MindBloom","floor":48,"gold_loss":0,"cards_obtained":["Doubt"]}],"is_beta":false,"boss_relics":[{"not_picked":["Cursed Key","Lizard Tail"],"picked":"Black Star"},{"not_picked":["Tiny House","Fusion Hammer"],"picked":"Busted Crown"}],"items_purged_floors":[27],"is_endless":false,"potions_floor_spawned":[1,5,7,22,24,31,33,35,37,45,47],"ascension_level":0}