{"gold_per_floor":[115,290,300,310,330,360,360,394,394,408,421,393,406,425,425,523,523,537,549,17,17],"floor_reached":21,"playtime":2163,"items_purged":[],"score":195,"play_id":"7e76eeb7-8a62-466e-a245-614225737693","local_time":"20180707220317","is_ascension_mode":false,"campfire_choices":[{"data":"Armaments","floor":7,"key":"SMITH"},{"data":"Rampage","floor":15,"key":"SMITH"}],"neow_cost":"TEN_PERCENT_HP_LOSS","seed_source_timestamp":75947506129182,"circlet_count":0,"master_deck":["Strike_R","Strike_R","Strike_R","Strike_R","Strike_R","Defend_R","Defend_R","Defend_R","Defend_R","Thunderclap","Carnage","Warcry","Armaments+1","Demon Form","Rampage+1","Perfected Strike","Flex","Metallicize","Double Tap","Ghostly Armor+1","Writhe","Juggernaut+1","Flame Barrier","Cleave","Body Slam+1"],"relics":["Burning Blood","Du-Vu Doll","Strawberry","Meat on the Bone","Bottled Tornado","Astrolabe","Molten Egg 2","Gremlin Horn"],"potions_floor_usage":[6,6,14,16,21],"damage_taken":[{"damage":13,"enemies":"2 Louse","floor":1,"turns":3},{"damage":12,"enemies":"Small Slimes","floor":3,"turns":4},{"damage":6,"enemies":"Cultist","floor":4,"turns":3},{"damage":11,"enemies":"Lots of Slimes","floor":5,"turns":4},{"damage":38,"enemies":"Gremlin Nob","floor":6,"turns":5},{"damage":10,"enemies":"Lagavulin","floor":8,"turns":7},{"damage":5,"enemies":"2 Fungi Beasts","floor":10,"turns":4},{"damage":16,"enemies":"3 Louse","floor":11,"turns":4},{"damage":6,"enemies":"Red Slaver","floor":13,"turns":5},{"damage":8,"enemies":"Lots of Slimes","floor":14,"turns":3},{"damage":30,"enemies":"Hexaghost","floor":16,"turns":8},{"damage":58,"enemies":"3 Byrds","floor":18,"turns":6},{"damage":22,"enemies":"Shell Parasite","floor":19,"turns":4},{"damage":43,"enemies":"Cultist and Chosen","floor":21,"turns":4}],"seed_played":"-4172303627663707551","potions_obtained":[{"floor":3,"key":"Energy Potion"},{"floor":5,"key":"SpeedPotion"},{"floor":6,"key":"Explosive Potion"},{"floor":11,"key":"FearPotion"},{"floor":19,"key":"Weak Potion"}],"is_trial":false,"path_per_floor":["M","?","M","M","M","E","R","E","T","M","M","?","M","M","R","B",null,"M","M","$"],"character_chosen":"IRONCLAD","items_purchased":["Molten Egg 2","Gremlin Horn","Body Slam"],"campfire_rested":0,"item_purchase_floors":[20,20,20],"current_hp_per_floor":[65,65,59,59,54,29,29,25,25,38,40,40,52,50,50,38,79,39,35,35,0],"gold":17,"neow_bonus":"ONE_RARE_RELIC","is_prod":false,"is_daily":false,"chose_seed":false,"campfire_upgraded":2,"win_rate":0,"timestamp":1531015397,"path_taken":["M","?","M","M","M","E","R","E","T","M","?","?","M","?","R","BOSS","M","M","?","M"],"build_version":"2018-06-28","purchased_purges":0,"victory":false,"max_hp_per_floor":[72,72,72,72,72,79,79,79,79,79,79,79,79,79,79,79,79,79,79,79,79],"card_choices":[{"not_picked":["Pommel Strike","Flex"],"picked":"Thunderclap","floor":1},{"not_picked":["Reckless Charge","Flex"],"picked":"Carnage","floor":3},{"not_picked":["Clash","Thunderclap"],"picked":"Warcry","floor":4},{"not_picked":["Anger","Pummel"],"picked":"Armaments","floor":5},{"not_picked":["Heavy Blade","Burning Pact"],"picked":"Demon Form","floor":6},{"not_picked":["Perfected Strike","Armaments"],"picked":"Rampage","floor":8},{"not_picked":["Body Slam","Thunderclap"],"picked":"Perfected Strike","floor":10},{"not_picked":["True Grit","Warcry"],"picked":"Inflame","floor":11},{"not_picked":["Iron Wave","Anger"],"picked":"Flex","floor":13},{"not_picked":["Clothesline","Iron Wave"],"picked":"Metallicize","floor":14},{"not_picked":["Brutality","Juggernaut"],"picked":"Double Tap","floor":16},{"not_picked":["Spot Weakness","Power Through+1"],"picked":"Flame Barrier","floor":18},{"not_picked":["Whirlwind","Clothesline+1"],"picked":"Cleave","floor":19}],"player_experience":50195,"relics_obtained":[{"floor":6,"key":"Strawberry"},{"floor":8,"key":"Meat on the Bone"},{"floor":9,"key":"Bottled Tornado"}],"event_choices":[{"event_name":"Liars Game","player_choice":"agreed","floor":2,"damage_taken":0},{"event_name":"World of Goop","player_choice":"Left","floor":12,"damage_taken":0}],"boss_relics":[{"not_picked":["Lizard Tail","Runic Pyramid"],"picked":"Astrolabe"}],"items_purged_floors":[],"is_endless":false,"potions_floor_spawned":[3,5,6,11,19],"killed_by":"Cultist and Chosen","ascension_level":0}