{"gold_per_floor":[210,223,233,233,14,14,14,42,68,68,88,116,133,146,146,243,243,256,531,45,63,63,63,83,4,4,4,4,4,39,50,50,50],"floor_reached":33,"playtime":3032,"items_purged":["Regret"],"score":275,"play_id":"aa22fd98-83aa-47f4-a0b5-f2f786e7a361","local_time":"20190712234357","is_ascension_mode":false,"campfire_choices":[{"data":"Dagger Spray","floor":6,"key":"SMITH"},{"floor":10,"key":"REST"},{"data":"Skewer","floor":15,"key":"SMITH"},{"data":"Dagger Spray","floor":23,"key":"SMITH"},{"data":"All Out Attack","floor":27,"key":"SMITH"},{"floor":32,"key":"REST"}],"neow_cost":"NONE","seed_source_timestamp":174498997555000,"circlet_count":0,"master_deck":["Strike_G","Strike_G","Strike_G","Strike_G","Defend_G","Defend_G","Defend_G","Defend_G","Defend_G","Survivor","Neutralize","Outmaneuver","Dagger Spray+1","All Out Attack+1","Skewer+1","Dash","Riddle With Holes+1","Flying Knee","Deadly Poison","Dagger Spray+1","Choke","Impatience","Dodge and Roll+1","Deadly Poison+1","Die Die Die"],"relics":["Ring of the Snake","Membership Card","Boot","Oddly Smooth Stone","Bronze Scales","Lizard Tail","Vajra","Gambling Chip","OrangePellets","MutagenicStrength","Potion Belt","Question Card","Darkstone Periapt","Blue Candle"],"potions_floor_usage":[8,8,16,16,18,21,24,30,31,31,33],"damage_taken":[{"damage":2,"enemies":"Small Slimes","floor":1,"turns":5},{"damage":0,"enemies":"Cultist","floor":2,"turns":3},{"damage":1,"enemies":"2 Louse","floor":3,"turns":3},{"damage":18,"enemies":"Lagavulin","floor":8,"turns":6},{"damage":1,"enemies":"Blue Slaver","floor":11,"turns":4},{"damage":1,"enemies":"Gremlin Nob","floor":12,"turns":4},{"damage":0,"enemies":"Large Slime","floor":13,"turns":5},{"damage":0,"enemies":"Lots of Slimes","floor":14,"turns":1},{"damage":32,"enemies":"Hexaghost","floor":16,"turns":8},{"damage":0,"enemies":"Chosen","floor":18,"turns":3},{"damage":0,"enemies":"3 Byrds","floor":21,"turns":3},{"damage":4,"enemies":"3 Cultists","floor":24,"turns":3},{"damage":31,"enemies":"Book of Stabbing","floor":30,"turns":6},{"damage":10,"enemies":"Chosen and Byrds","floor":31,"turns":2},{"damage":95,"enemies":"Champ","floor":33,"turns":9}],"seed_played":"-1274802206364051569","potions_obtained":[{"floor":2,"key":"Energy Potion"},{"floor":3,"key":"Weak Potion"},{"floor":12,"key":"Block Potion"},{"floor":14,"key":"Strength Potion"},{"floor":16,"key":"PowerPotion"},{"floor":21,"key":"FearPotion"},{"floor":24,"key":"Weak Potion"},{"floor":31,"key":"GhostInAJar"}],"is_trial":false,"path_per_floor":["M","M","M","?","$","R","$","E","T","R","M","E","M","M","R","B",null,"M","?","$","M","?","R","M","$","T","R","T","?","E","M","R","B"],"character_chosen":"THE_SILENT","items_purchased":["Membership Card","Skewer","Vajra","Gambling Chip","OrangePellets","Fire Potion","PowerPotion","AttackPotion","Impatience","Potion Belt"],"campfire_rested":2,"item_purchase_floors":[5,5,20,20,20,20,20,20,20,25],"current_hp_per_floor":[68,68,67,67,67,67,67,49,49,70,69,68,68,68,68,36,70,70,70,70,70,70,70,66,66,66,66,66,66,35,25,46,0],"gold":50,"neow_bonus":"HUNDRED_GOLD","is_prod":false,"is_daily":false,"chose_seed":false,"campfire_upgraded":4,"win_rate":0.0,"timestamp":1562993037,"path_taken":["M","M","M","?","$","R","?","E","T","R","M","E","M","M","R","BOSS","M","?","$","?","?","R","M","$","T","R","?","?","E","M","R","BOSS"],"build_version":"2019-07-05","purchased_purges":1,"victory":false,"max_hp_per_floor":[70,70,70,70,70,70,70,70,70,70,70,70,70,70,70,70,70,70,70,70,70,70,70,70,70,70,70,70,70,70,70,70,70],"card_choices":[{"not_picked":["Underhanded Strike","Backflip"],"picked":"Outmaneuver","floor":1},{"not_picked":["Acrobatics","Deadly Poison"],"picked":"Dagger Spray","floor":2},{"not_picked":["Reflex","Blade Dance"],"picked":"All Out Attack","floor":3},{"not_picked":["After Image","PiercingWail"],"picked":"Dash","floor":8},{"not_picked":["Masterful Stab","Dodge and Roll"],"picked":"Riddle With Holes","floor":11},{"not_picked":["Escape Plan","Dagger Spray"],"picked":"Flying Knee","floor":12},{"not_picked":["Blade Dance","Outmaneuver"],"picked":"Deadly Poison","floor":13},{"not_picked":["Caltrops","Sucker Punch"],"picked":"Dagger Spray","floor":14},{"not_picked":["Sucker Punch+1","Distraction"],"picked":"Choke","floor":18},{"not_picked":["Footwork","Predator"],"picked":"Dodge and Roll+1","floor":21},{"not_picked":["Heel Hook","Footwork","Infinite Blades"],"picked":"SKIP","floor":24},{"not_picked":["Sucker Punch","Footwork","Backflip"],"picked":"Deadly Poison+1","floor":30},{"not_picked":["Eviscerate","Sucker Punch","Dagger Spray"],"picked":"Die Die Die","floor":31}],"player_experience":102592,"relics_obtained":[{"floor":8,"key":"Boot"},{"floor":9,"key":"Oddly Smooth Stone"},{"floor":12,"key":"Bronze Scales"},{"floor":26,"key":"Question Card"},{"floor":28,"key":"Darkstone Periapt"},{"floor":30,"key":"Blue Candle"}],"event_choices":[{"cards_removed":["Strike_G"],"damage_healed":0,"gold_gain":0,"player_choice":"Offered Basic","damage_taken":0,"max_hp_gain":0,"max_hp_loss":0,"event_name":"Bonfire Elementals","floor":4,"gold_loss":0},{"damage_healed":0,"gold_gain":275,"player_choice":"Desecrate","damage_taken":0,"max_hp_gain":0,"max_hp_loss":0,"event_name":"Golden Shrine","floor":19,"gold_loss":0,"cards_obtained":["Regret"]},{"damage_healed":0,"gold_gain":0,"player_choice":"Inject Mutagens","damage_taken":0,"relics_obtained":["MutagenicStrength"],"max_hp_gain":0,"max_hp_loss":0,"event_name":"Drug Dealer","floor":22,"gold_loss":0},{"damage_healed":0,"gold_gain":0,"player_choice":"Upgraded","damage_taken":0,"max_hp_gain":0,"max_hp_loss":0,"event_name":"Upgrade Shrine","floor":29,"gold_loss":0,"cards_upgraded":["Riddle With Holes"]}],"is_beta":false,"boss_relics":[{"not_picked":["Runic Dome","Runic Pyramid"],"picked":"Lizard Tail"}],"items_purged_floors":[20],"is_endless":false,"potions_floor_spawned":[2,3,12,14,16,21,24,31],"killed_by":"Champ","ascension_level":0}