{"gold_per_floor":[20,20,95,95,113,28,28,42,42,85,85,85,110,110],"floor_reached":14,"playtime":214,"items_purged":[],"score":176,"play_id":"fb3f400a-40a4-46f9-905b-62f511baa491","local_time":"20190727164618","is_ascension_mode":true,"campfire_choices":[{"data":"Consume","floor":7.0,"key":"SMITH"}],"neow_cost":"NO_GOLD","seed_source_timestamp":774186423399679,"circlet_count":0,"master_deck":["AscendersBane","Strike_B","Strike_B","Defend_B","Defend_B","Defend_B","Defend_B","Zap","Dualcast","Consume+1","Undo","Turbo","Loop","Heatsinks","Seek","Lockon","Sunder"],"special_seed":0,"relics":["Cracked Core","Golden Idol","Pantograph","Incense Burner","Question Card"],"potions_floor_usage":[13],"damage_taken":[{"damage":0.0,"enemies":"2 Louse","floor":1.0,"turns":3.0},{"damage":2.0,"enemies":"Jaw Worm","floor":5.0,"turns":3.0},{"damage":2.0,"enemies":"Cultist","floor":8.0,"turns":4.0},{"damage":33.0,"enemies":"Gremlin Nob","floor":10.0,"turns":4.0},{"damage":6,"enemies":"3 Louse","floor":13,"turns":5}],"seed_played":"-6962669157126282168","potions_obtained":[{"floor":1.0,"key":"GamblersBrew"},{"floor":8.0,"key":"Weak Potion"}],"is_trial":false,"path_per_floor":["M","?","?","?","M","$","R","M","T","E","?","?","M","?"],"character_chosen":"DEFECT","items_purchased":["Heatsinks"],"campfire_rested":0,"item_purchase_floors":[6],"current_hp_per_floor":[64,64,53,53,51,51,51,49,49,16,16,16,10,0],"gold":110,"neow_bonus":"TRANSFORM_TWO_CARDS","is_prod":false,"is_daily":false,"chose_seed":false,"campfire_upgraded":1,"win_rate":0,"timestamp":1564217178,"path_taken":["M","?","?","?","M","$","R","?","T","E","?","?","?","?"],"build_version":"2019-07-17","purchased_purges":0,"victory":false,"max_hp_per_floor":[71,64,64,64,64,64,64,64,64,64,64,64,64,64],"card_choices":[{"not_picked":["Steam Power","Streamline"],"picked":"Turbo","floor":1.0},{"not_picked":["Sweeping Beam","Barrage"],"picked":"Loop","floor":5.0},{"not_picked":["Conserve Battery","Rebound"],"picked":"Seek","floor":8.0},{"not_picked":["Creative AI","Scrape"],"picked":"Lockon","floor":10.0},{"not_picked":["Steam","Force Field","Ball Lightning"],"picked":"Sunder","floor":13}],"player_experience":2085963,"relics_obtained":[{"floor":9.0,"key":"Pantograph"},{"floor":10.0,"key":"Incense Burner"}],"event_choices":[{"damage_healed":0.0,"max_hp_gain":0.0,"max_hp_loss":7.0,"gold_gain":0.0,"event_name":"Golden Idol","player_choice":"Lose Max HP","floor":2.0,"gold_loss":0.0,"damage_taken":0.0,"relics_obtained":["Golden Idol"]},{"damage_healed":0.0,"max_hp_gain":0.0,"max_hp_loss":0.0,"gold_gain":75.0,"event_name":"World of Goop","player_choice":"Gather Gold","floor":3.0,"gold_loss":0.0,"damage_taken":11.0},{"damage_healed":0.0,"max_hp_gain":0.0,"max_hp_loss":0.0,"gold_gain":0.0,"event_name":"Liars Game","player_choice":"Ignored","floor":4.0,"gold_loss":0.0,"damage_taken":0.0},{"damage_healed":0,"gold_gain":0,"player_choice":"Searched \u00270\u0027 times","damage_taken":0,"max_hp_gain":0,"max_hp_loss":0,"event_name":"Dead Adventurer","floor":11,"gold_loss":0},{"damage_healed":0,"gold_gain":0,"player_choice":"Gave Potion","damage_taken":0,"relics_obtained":["Question Card"],"max_hp_gain":0,"max_hp_loss":0,"event_name":"WeMeetAgain","floor":12,"gold_loss":0}],"is_beta":false,"boss_relics":[],"items_purged_floors":[],"is_endless":false,"potions_floor_spawned":[1,8],"ascension_level":20}