{"gold_per_floor":[111,131,8,27,27,27,56,56,81,100,100,117,135,160,160,238,238,254,266,10,21,21,21],"floor_reached":23,"playtime":732,"items_purged":["Strike_R","Strike_R"],"score":405,"play_id":"f04c4976-0517-460e-be7c-d1ad2b42c057","local_time":"20190730151255","is_ascension_mode":true,"campfire_choices":[{"data":"True Grit","floor":6,"key":"SMITH"},{"data":"Feed","floor":8,"key":"SMITH"},{"data":"Evolve","floor":11,"key":"SMITH"},{"data":"Demon Form","floor":15,"key":"SMITH"}],"neow_cost":"NONE","seed_source_timestamp":312738834346461,"circlet_count":0,"master_deck":["AscendersBane","Strike_R","Strike_R","Strike_R","Defend_R","Defend_R","Defend_R","Defend_R","Bash+1","Rampage","Wild Strike","Shrug It Off","True Grit+1","Feed+1","Evolve+1","Reckless Charge","Demon Form+1","Reaper","Flame Barrier","Thunderclap+1","True Grit"],"relics":["Burning Blood","Bag of Marbles","Potion Belt","Mark of Pain","Centennial Puzzle"],"potions_floor_usage":[14,23],"damage_taken":[{"damage":11,"enemies":"Cultist","floor":1,"turns":4},{"damage":1,"enemies":"Small Slimes","floor":2,"turns":4},{"damage":2,"enemies":"Jaw Worm","floor":4,"turns":3},{"damage":32,"enemies":"Gremlin Nob","floor":7,"turns":4},{"damage":5,"enemies":"Looter","floor":10,"turns":3},{"damage":3,"enemies":"Blue Slaver","floor":12,"turns":4},{"damage":7,"enemies":"Large Slime","floor":13,"turns":5},{"damage":25,"enemies":"3 Sentries","floor":14,"turns":7},{"damage":38,"enemies":"Slime Boss","floor":16,"turns":8},{"damage":28,"enemies":"Shell Parasite","floor":18,"turns":4},{"damage":15,"enemies":"Chosen","floor":19,"turns":4},{"damage":74,"enemies":"3 Cultists","floor":21,"turns":7},{"damage":17,"enemies":"Gremlin Leader","floor":23,"turns":4}],"seed_played":"-1596715101107846083","potions_obtained":[{"floor":7,"key":"Poison Potion"},{"floor":12,"key":"LiquidBronze"},{"floor":19,"key":"Block Potion"},{"floor":21,"key":"FearPotion"}],"is_trial":false,"path_per_floor":["M","M","$","M","?","R","E","R","T","M","R","M","M","E","R","B",null,"M","M","$","M","?","E"],"character_chosen":"IRONCLAD","items_purchased":["Shrug It Off","Centennial Puzzle"],"campfire_rested":0,"item_purchase_floors":[3,20],"current_hp_per_floor":[70,75,75,79,79,79,53,53,53,58,58,65,68,53,53,25,83,78,73,73,9,9,0],"gold":21,"neow_bonus":"TEN_PERCENT_HP_BONUS","is_prod":false,"is_daily":false,"chose_seed":false,"campfire_upgraded":4,"win_rate":0,"timestamp":1564513975,"path_taken":["M","M","$","?","?","R","E","R","T","M","R","M","?","E","R","BOSS","M","M","$","M","?","E"],"build_version":"2019-07-17","purchased_purges":2,"victory":false,"max_hp_per_floor":[82,82,82,82,82,82,82,82,82,86,86,90,94,98,98,102,102,102,106,106,110,110,110],"card_choices":[{"not_picked":["Warcry","Rupture"],"picked":"Rampage","floor":1},{"not_picked":["Havoc","Perfected Strike"],"picked":"Wild Strike","floor":2},{"not_picked":["Anger","Hemokinesis"],"picked":"True Grit","floor":4},{"not_picked":["Corruption","Havoc"],"picked":"Feed","floor":7},{"not_picked":["Armaments","Headbutt"],"picked":"Evolve","floor":10},{"not_picked":["Warcry","Perfected Strike"],"picked":"Reckless Charge","floor":12},{"not_picked":["Seeing Red","Heavy Blade","Clash"],"picked":"SKIP","floor":13},{"not_picked":["Heavy Blade","True Grit"],"picked":"Demon Form","floor":14},{"not_picked":["Brutality","Exhume"],"picked":"Reaper","floor":16},{"not_picked":["Infernal Blade","Anger"],"picked":"Flame Barrier","floor":18},{"not_picked":["Armaments","Whirlwind"],"picked":"Thunderclap+1","floor":19},{"not_picked":["Warcry","Searing Blow"],"picked":"True Grit","floor":21}],"player_experience":1595740,"relics_obtained":[{"floor":7,"key":"Bag of Marbles"},{"floor":14,"key":"Potion Belt"}],"event_choices":[{"damage_healed":0,"gold_gain":0,"player_choice":"Upgraded","damage_taken":0,"max_hp_gain":0,"max_hp_loss":0,"event_name":"Upgrade Shrine","floor":5,"gold_loss":0,"cards_upgraded":["Bash"]}],"is_beta":false,"boss_relics":[{"not_picked":["Ectoplasm","Pandora\u0027s Box"],"picked":"Mark of Pain"}],"items_purged_floors":[3,20],"is_endless":false,"potions_floor_spawned":[7,12,19,21],"killed_by":"Gremlin Leader","ascension_level":15}