{"gold_per_floor":[115,115,135,135,59,59,87,87,141,66,66,136,186,201,201,201],"floor_reached":16,"playtime":442,"items_purged":["Strike_G"],"score":196,"play_id":"f80616ed-450e-4f76-b920-07e97f0a2824","local_time":"20190604211330","is_ascension_mode":true,"campfire_choices":[{"data":"Noxious Fumes","floor":6,"key":"SMITH"},{"data":"Tactician","floor":8,"key":"SMITH"},{"data":"Caltrops","floor":15,"key":"SMITH"}],"neow_cost":"PERCENT_DAMAGE","seed_source_timestamp":193758412320915,"circlet_count":0,"master_deck":["AscendersBane","Defend_G","Defend_G","Defend_G","Defend_G","Defend_G","Strike_G","Strike_G","Survivor","Neutralize","Calculated Gamble","Well Laid Plans","Footwork","Caltrops+1","Noxious Fumes+1","Tactician+1"],"relics":["Ring of the Snake","Blood Vial","SsserpentHead"],"potions_floor_usage":[7,14],"damage_taken":[{"damage":0,"enemies":"2 Louse","floor":1,"turns":2},{"damage":0,"enemies":"Jaw Worm","floor":3,"turns":7},{"damage":65,"enemies":"Gremlin Nob","floor":7,"turns":7},{"damage":0,"enemies":"Cultist","floor":12,"turns":5},{"damage":0,"enemies":"3 Louse","floor":14,"turns":5},{"damage":8,"enemies":"Hexaghost","floor":16,"turns":10}],"seed_played":"-5606695514823947639","potions_obtained":[{"floor":3,"key":"Dexterity Potion"},{"floor":7,"key":"GhostInAJar"}],"is_trial":false,"path_per_floor":["M","?","M","?","$","R","E","R","T","$","?","M","?","M","R","B"],"character_chosen":"THE_SILENT","items_purchased":["Noxious Fumes"],"campfire_rested":0,"item_purchase_floors":[5],"current_hp_per_floor":[44,66,66,66,66,66,1,1,1,1,1,3,3,5,5,0],"gold":201,"neow_bonus":"TRANSFORM_TWO_CARDS","is_prod":false,"is_daily":false,"chose_seed":false,"campfire_upgraded":3,"win_rate":0,"timestamp":1559654010,"path_taken":["M","?","M","?","?","R","E","R","T","$","?","?","?","M","R","BOSS"],"build_version":"2019-01-23","purchased_purges":1,"victory":false,"max_hp_per_floor":[66,66,66,66,66,66,66,66,66,66,66,66,66,66,66,66],"card_choices":[{"not_picked":["Dodge and Roll","Slice"],"picked":"Footwork","floor":1},{"not_picked":["Finisher","Quick Slash"],"picked":"Caltrops","floor":3},{"not_picked":["Skewer","Quick Slash"],"picked":"Tactician","floor":7},{"not_picked":["Prepared","Accuracy","Infinite Blades"],"picked":"SKIP","floor":12},{"not_picked":["Underhanded Strike","Infinite Blades","Endless Agony"],"picked":"SKIP","floor":14}],"player_experience":1871346,"relics_obtained":[{"floor":7,"key":"Blood Vial"}],"event_choices":[{"damage_healed":22,"gold_gain":0,"player_choice":"Banana","damage_taken":0,"max_hp_gain":0,"max_hp_loss":0,"event_name":"Big Fish","floor":2,"gold_loss":0},{"damage_healed":0,"gold_gain":0,"player_choice":"Ignored","damage_taken":0,"max_hp_gain":0,"max_hp_loss":0,"event_name":"Liars Game","floor":4,"gold_loss":0},{"damage_healed":0,"gold_gain":0,"player_choice":"Trade","damage_taken":0,"relics_obtained":["SsserpentHead"],"max_hp_gain":0,"max_hp_loss":0,"event_name":"FaceTrader","floor":11,"gold_loss":0},{"damage_healed":0,"gold_gain":0,"player_choice":"Ignored","damage_taken":0,"max_hp_gain":0,"max_hp_loss":0,"event_name":"Shining Light","floor":13,"gold_loss":0}],"is_beta":false,"boss_relics":[],"items_purged_floors":[10],"is_endless":false,"potions_floor_spawned":[3,7],"killed_by":"Hexaghost","ascension_level":20}