{"gold_per_floor":[112,187,237,250,250,285,285,295,295,295,329,329,364,152,152,223,223,235,270,97,97,115,115,115,115,166,66,80,80,80,80,80,157,157,176,223,74,86,131,131,144,144,144,175,191,223,223,242,242,242,242,242,242,26,58,58],"floor_reached":57,"playtime":2246,"items_purged":["Strike_R","Strike_R"],"score":2794,"play_id":"dcbfc12b-3d9f-4e88-8e2a-04c563a43b6f","local_time":"20190604204513","is_ascension_mode":true,"campfire_choices":[{"data":"Armaments","floor":7.0,"key":"SMITH"},{"data":"Battle Trance","floor":12.0,"key":"SMITH"},{"data":"Inflame","floor":15.0,"key":"SMITH"},{"data":"Body Slam","floor":23.0,"key":"SMITH"},{"data":"Feed","floor":25.0,"key":"SMITH"},{"data":"Second Wind","floor":29.0,"key":"SMITH"},{"data":"Evolve","floor":32.0,"key":"SMITH"},{"data":"Flame Barrier","floor":40.0,"key":"SMITH"},{"floor":42.0,"key":"RECALL"},{"data":"Carnage","floor":49.0,"key":"SMITH"},{"data":"Defend_R","floor":53.0,"key":"SMITH"}],"neow_cost":"NONE","seed_source_timestamp":189606038198852,"circlet_count":0,"master_deck":["AscendersBane","Defend_R","Defend_R","Defend_R","Defend_R+1","Armaments+1","Battle Trance+1","Second Wind+1","Carnage+1","Flame Barrier+1","Offering+1","Shrug It Off+1","Inflame+1","Feed+1","Berserk+1","Offering+1","Armaments+1","Pommel Strike+1","Limit Break+1","Body Slam+1","Burning Pact+1","Evolve+1","Shockwave+1","Reaper+1","Shrug It Off+1","Disarm+1"],"special_seed":0,"relics":["Burning Blood","NeowsBlessing","Dream Catcher","Gremlin Horn","Mercury Hourglass","Regal Pillow","Toxic Egg 2","Astrolabe","Red Mask","Juzu Bracelet","Molten Egg 2","Runic Cube","Happy Flower","Charon\u0027s Ashes","Ancient Tea Set","Darkstone Periapt","Bronze Scales","ClockworkSouvenir","Paper Frog"],"potions_floor_usage":[],"damage_taken":[{"damage":0.0,"enemies":"2 Louse","floor":1.0,"turns":1.0},{"damage":0.0,"enemies":"Small Slimes","floor":4.0,"turns":1.0},{"damage":0.0,"enemies":"Gremlin Nob","floor":6.0,"turns":1.0},{"damage":0.0,"enemies":"Cultist","floor":8.0,"turns":4.0},{"damage":9.0,"enemies":"3 Sentries","floor":11.0,"turns":6.0},{"damage":29.0,"enemies":"Gremlin Nob","floor":13.0,"turns":4.0},{"damage":37.0,"enemies":"Hexaghost","floor":16.0,"turns":11.0},{"damage":19.0,"enemies":"Spheric Guardian","floor":18.0,"turns":6.0},{"damage":12.0,"enemies":"Masked Bandits","floor":19.0,"turns":2.0},{"damage":12.0,"enemies":"2 Thieves","floor":22.0,"turns":3.0},{"damage":0.0,"enemies":"Snecko","floor":28.0,"turns":6.0},{"damage":25.0,"enemies":"Automaton","floor":33.0,"turns":5.0},{"damage":6.0,"enemies":"3 Darklings","floor":35.0,"turns":5.0},{"damage":18.0,"enemies":"Orb Walker","floor":38.0,"turns":4.0},{"damage":13.0,"enemies":"2 Orb Walkers","floor":39.0,"turns":4.0},{"damage":13.0,"enemies":"Spire Growth","floor":41.0,"turns":4.0},{"damage":38.0,"enemies":"Giant Head","floor":44.0,"turns":6.0},{"damage":18.0,"enemies":"Maw","floor":45.0,"turns":5.0},{"damage":12.0,"enemies":"Reptomancer","floor":46.0,"turns":5.0},{"damage":6.0,"enemies":"Transient","floor":48.0,"turns":6.0},{"damage":14.0,"enemies":"Time Eater","floor":50.0,"turns":5.0},{"damage":39.0,"enemies":"Donu and Deca","floor":51.0,"turns":6.0},{"damage":80.0,"enemies":"Shield and Spear","floor":55.0,"turns":5.0},{"damage":73,"enemies":"The Heart","floor":56,"turns":8}],"seed_played":"-8162370473983044333","potions_obtained":[{"floor":11.0,"key":"Fire Potion"},{"floor":13.0,"key":"Explosive Potion"},{"floor":19.0,"key":"LiquidBronze"},{"floor":28.0,"key":"Block Potion"},{"floor":38.0,"key":"Energy Potion"},{"floor":39.0,"key":"Regen Potion"}],"is_trial":false,"path_per_floor":["M","?","?","M","?","E","R","M","T","?","E","R","E","$","R","B",null,"M","?","$","?","M","R","?","R","T","$","M","R","T","$","R","B",null,"M","T","$","M","?","R","M","R","T","E","M","E","?","M","R","B","B",null,"R","$","E","B",null],"character_chosen":"IRONCLAD","items_purchased":["Shrug It Off+1","Inflame","Limit Break+1","Reaper+1","ClockworkSouvenir"],"campfire_rested":0,"item_purchase_floors":[14,14,20,37,54],"current_hp_per_floor":[74,63,63,69,64,70,70,75,75,75,72,72,49,49,49,18,61,52,50,50,50,48,48,48,48,48,48,58,58,58,58,58,43,82,86,86,86,94,91,91,88,88,88,82,115,119,119,119,119,119,112,120,120,120,56,18],"gold":58,"neow_bonus":"THREE_ENEMY_KILL","is_prod":false,"is_daily":false,"chose_seed":false,"campfire_upgraded":10,"win_rate":0,"timestamp":1559652313,"path_taken":["M","?","?","?","?","E","R","M","T","?","E","R","E","$","R","BOSS","M","?","?","?","M","R","?","R","T","?","M","R","?","$","R","BOSS","M","?","$","M","?","R","M","R","T","E","M","E","?","M","R","BOSS","BOSS","R","$","E","BOSS"],"build_version":"2019-01-23","purchased_purges":2,"victory":true,"max_hp_per_floor":[75,75,75,75,75,75,75,75,75,75,75,75,75,75,75,75,75,79,83,83,83,87,87,87,87,87,87,91,91,91,91,91,95,95,99,99,99,103,107,107,111,111,111,115,115,119,119,119,119,119,123,123,123,123,123,123],"card_choices":[{"not_picked":["True Grit","Warcry"],"picked":"Armaments","floor":1.0},{"not_picked":["Carnage","Pommel Strike"],"picked":"Battle Trance","floor":4.0},{"not_picked":["Entrench","Clash"],"picked":"Second Wind","floor":6.0},{"not_picked":["Iron Wave","Warcry"],"picked":"Carnage","floor":8.0},{"not_picked":["Heavy Blade","Anger"],"picked":"Flame Barrier","floor":11.0},{"not_picked":["Warcry","Fire Breathing"],"picked":"Offering","floor":13.0},{"not_picked":["Exhume+1","Offering+1"],"picked":"Feed","floor":16.0},{"not_picked":["True Grit+1","Heavy Blade"],"picked":"Pommel Strike+1","floor":18.0},{"not_picked":["Hemokinesis","Shockwave+1"],"picked":"Burning Pact+1","floor":22.0},{"not_picked":["Warcry+1","Burning Pact+1"],"picked":"Evolve","floor":28.0},{"not_picked":["Cleave+1","Sword Boomerang+1"],"picked":"Shockwave+1","floor":35.0},{"not_picked":["Spot Weakness+1","Clothesline+1","Reckless Charge+1"],"picked":"SKIP","floor":38.0},{"not_picked":["Pommel Strike+1","Armaments+1","Burning Pact+1"],"picked":"SKIP","floor":41.0},{"not_picked":["Burning Pact+1","Cleave+1"],"picked":"Shrug It Off+1","floor":44.0},{"not_picked":["Rampage+1","Shrug It Off+1","Pommel Strike+1"],"picked":"SKIP","floor":45.0},{"not_picked":["Fiend Fire+1","Fire Breathing","Clothesline+1"],"picked":"SKIP","floor":46.0},{"not_picked":["Entrench+1","Cleave+1"],"picked":"Disarm+1","floor":48.0},{"not_picked":["Heavy Blade+1","Havoc+1","Shrug It Off+1"],"picked":"SKIP","floor":55.0}],"player_experience":1868143,"relics_obtained":[{"floor":6.0,"key":"Gremlin Horn"},{"floor":9.0,"key":"Mercury Hourglass"},{"floor":11.0,"key":"Regal Pillow"},{"floor":13.0,"key":"Toxic Egg 2"},{"floor":19.0,"key":"Red Mask"},{"floor":26.0,"key":"Juzu Bracelet"},{"floor":30.0,"key":"Molten Egg 2"},{"floor":36.0,"key":"Happy Flower"},{"floor":39.0,"key":"Charon\u0027s Ashes"},{"floor":44.0,"key":"Ancient Tea Set"},{"floor":46.0,"key":"Darkstone Periapt"},{"floor":55.0,"key":"Paper Frog"}],"event_choices":[{"damage_healed":0.0,"max_hp_gain":0.0,"max_hp_loss":0.0,"gold_gain":75.0,"event_name":"World of Goop","player_choice":"Gather Gold","floor":2.0,"gold_loss":0.0,"damage_taken":11.0},{"damage_healed":0.0,"max_hp_gain":0.0,"max_hp_loss":0.0,"gold_gain":50.0,"event_name":"Golden Shrine","player_choice":"Pray","floor":3.0,"gold_loss":0.0,"damage_taken":0.0},{"damage_healed":0.0,"max_hp_gain":0.0,"max_hp_loss":0.0,"gold_gain":0.0,"event_name":"Scrap Ooze","player_choice":"Success","floor":5.0,"gold_loss":0.0,"damage_taken":5.0,"relics_obtained":["Dream Catcher"]},{"damage_healed":0.0,"max_hp_gain":0.0,"max_hp_loss":0.0,"gold_gain":0.0,"event_name":"Liars Game","player_choice":"Ignored","floor":10.0,"gold_loss":0.0,"damage_taken":0.0},{"damage_healed":0.0,"max_hp_gain":0.0,"max_hp_loss":0.0,"gold_gain":0.0,"event_name":"Masked Bandits","player_choice":"Fought Bandits","floor":19.0,"gold_loss":0.0,"damage_taken":0.0},{"damage_healed":0.0,"max_hp_gain":0.0,"max_hp_loss":0.0,"gold_gain":0.0,"event_name":"The Library","player_choice":"Read","floor":21.0,"gold_loss":0.0,"damage_taken":0.0,"cards_obtained":["Body Slam"]},{"cards_removed":["Bash"],"damage_healed":0.0,"max_hp_gain":0.0,"max_hp_loss":0.0,"gold_gain":0.0,"event_name":"Back to Basics","player_choice":"Elegance","floor":24.0,"gold_loss":0.0,"damage_taken":0.0},{"damage_healed":0.0,"max_hp_gain":0.0,"max_hp_loss":0.0,"gold_gain":0.0,"event_name":"Mysterious Sphere","player_choice":"Fight","floor":39.0,"gold_loss":0.0,"damage_taken":0.0},{"damage_healed":0.0,"max_hp_gain":0.0,"max_hp_loss":0.0,"gold_gain":0.0,"event_name":"WeMeetAgain","player_choice":"Gave Potion","floor":47.0,"gold_loss":0.0,"damage_taken":0.0,"relics_obtained":["Bronze Scales"]}],"is_beta":false,"boss_relics":[{"not_picked":["Lizard Tail","Busted Crown"],"picked":"Astrolabe"},{"not_picked":["White Beast Statue","Calling Bell"],"picked":"Runic Cube"}],"items_purged_floors":[14,27],"is_endless":false,"potions_floor_spawned":[11,13,19,28,38,39,41],"ascension_level":20}