{"gold_per_floor":[117,28,28,39,56,56,91,91,91,106,106,123,153,164,164,238,238,258,308,308,326,326,326,326,326,353,353,401,418,453,34,34,112,112,128,139,189,207,222,222,222,222,222,233,251,279,55,89,89,89,89],"floor_reached":51,"playtime":2296,"items_purged":["Defend_B"],"score":1600,"play_id":"f7873cbe-42eb-4b4b-bbff-0da0923b1460","local_time":"20190626015520","is_ascension_mode":true,"campfire_choices":[{"data":"Zap","floor":6.0,"key":"SMITH"},{"data":"Darkness","floor":8.0,"key":"SMITH"},{"data":"Dualcast","floor":11.0,"key":"SMITH"},{"data":"Coolheaded","floor":15.0,"key":"SMITH"},{"data":"Heatsinks","floor":25.0,"key":"SMITH"},{"data":"Hologram","floor":27.0,"key":"SMITH"},{"floor":32.0,"key":"REST"},{"data":"Defragment","floor":40.0,"key":"SMITH"},{"data":"Fusion","floor":49.0,"key":"SMITH"}],"neow_cost":"PERCENT_DAMAGE","seed_source_timestamp":49247629056499,"circlet_count":0,"master_deck":["AscendersBane","Defend_B","Zap+1","Dualcast+1","Coolheaded+1","Heatsinks+1","Undo","BootSequence","Darkness+1","Compile Driver","Hologram+1","Rainbow","White Noise","Core Surge","Genetic Algorithm","Chill","Defragment+1","Biased Cognition","Redo","Glacier","Turbo","Fusion+1","Self Repair"],"special_seed":0,"relics":["Cracked Core","Turnip","WingedGreaves","Matryoshka","Odd Mushroom","Empty Cage","Art of War","Omamori","Singing Bowl","Bronze Scales","Ornamental Fan","Gambling Chip","Nuclear Battery","Gremlin Horn","Medical Kit","Strawberry"],"potions_floor_usage":[51],"damage_taken":[{"damage":0.0,"enemies":"2 Louse","floor":1.0,"turns":3.0},{"damage":0.0,"enemies":"Cultist","floor":4.0,"turns":4.0},{"damage":0.0,"enemies":"Small Slimes","floor":5.0,"turns":4.0},{"damage":23.0,"enemies":"Gremlin Nob","floor":7.0,"turns":4.0},{"damage":4.0,"enemies":"3 Louse","floor":10.0,"turns":4.0},{"damage":0.0,"enemies":"Looter","floor":12.0,"turns":4.0},{"damage":5.0,"enemies":"The Mushroom Lair","floor":13.0,"turns":4.0},{"damage":0.0,"enemies":"2 Fungi Beasts","floor":14.0,"turns":4.0},{"damage":1.0,"enemies":"The Guardian","floor":16.0,"turns":11.0},{"damage":24.0,"enemies":"3 Byrds","floor":18.0,"turns":5.0},{"damage":5.0,"enemies":"Shell Parasite","floor":21.0,"turns":5.0},{"damage":0.0,"enemies":"Snecko","floor":29.0,"turns":7.0},{"damage":19.0,"enemies":"Slavers","floor":30.0,"turns":4.0},{"damage":15.0,"enemies":"Collector","floor":33.0,"turns":12.0},{"damage":0.0,"enemies":"Orb Walker","floor":35.0,"turns":3.0},{"damage":3.0,"enemies":"3 Darklings","floor":36.0,"turns":4.0},{"damage":11.0,"enemies":"Jaw Worm Horde","floor":38.0,"turns":4.0},{"damage":0.0,"enemies":"4 Shapes","floor":39.0,"turns":2.0},{"damage":1.0,"enemies":"Sphere and 2 Shapes","floor":44.0,"turns":9.0},{"damage":11.0,"enemies":"3 Darklings","floor":45.0,"turns":4.0},{"damage":0.0,"enemies":"Reptomancer","floor":46.0,"turns":6.0},{"damage":21.0,"enemies":"Giant Head","floor":48.0,"turns":8.0},{"damage":0.0,"enemies":"Time Eater","floor":50.0,"turns":9.0},{"damage":35,"enemies":"Awakened One","floor":51,"turns":11}],"seed_played":"-7419326936170919328","potions_obtained":[{"floor":1.0,"key":"FocusPotion"},{"floor":4.0,"key":"SkillPotion"},{"floor":13.0,"key":"Dexterity Potion"},{"floor":16.0,"key":"Block Potion"},{"floor":18.0,"key":"SpeedPotion"},{"floor":21.0,"key":"FocusPotion"},{"floor":38.0,"key":"FearPotion"},{"floor":39.0,"key":"Ancient Potion"},{"floor":44.0,"key":"EntropicBrew"},{"floor":48.0,"key":"Strength Potion"}],"is_trial":false,"path_per_floor":["M","$","?","M","M","R","E","R","T","M","R","M","?","M","R","B",null,"M","?","?","M","?","?","?","R","T","R","T","M","E","$","R","B",null,"M","M","?","M","M","R","?","?","T","M","M","E","$","E","R","B","B"],"character_chosen":"DEFECT","items_purchased":["Heatsinks","Gambling Chip","Medical Kit"],"campfire_rested":1,"item_purchase_floors":[2,31,47],"current_hp_per_floor":[46,46,46,46,46,46,23,23,23,19,19,19,14,14,14,13,57,33,33,33,28,28,28,28,28,28,28,28,28,11,11,32,17,59,59,58,58,49,51,51,47,47,47,48,37,37,37,32,32,39,4],"gold":89,"neow_bonus":"ONE_RARE_RELIC","is_prod":false,"is_daily":false,"chose_seed":false,"campfire_upgraded":8,"win_rate":0,"timestamp":1561485320,"path_taken":["M","$","?","?","M","R","E","R","T","M","R","?","?","M","R","BOSS","M","?","?","M","?","?","?","R","T","R","?","M","E","?","R","BOSS","M","M","?","M","?","R","?","?","T","?","M","E","$","E","R","BOSS","BOSS"],"build_version":"2019-01-23","purchased_purges":1,"victory":false,"max_hp_per_floor":[71,71,71,71,71,71,71,71,71,71,71,71,71,71,71,71,71,71,71,71,71,71,71,71,71,71,71,71,71,73,73,73,73,73,73,75,75,77,79,79,85,85,85,87,87,87,87,96,96,96,96],"card_choices":[{"not_picked":["Genetic Algorithm","Conserve Battery"],"picked":"Coolheaded","floor":1.0},{"not_picked":["Hello World","Capacitor"],"picked":"Undo","floor":4.0},{"not_picked":["Conserve Battery","Coolheaded"],"picked":"BootSequence","floor":5.0},{"not_picked":["Sweeping Beam","Static Discharge"],"picked":"Darkness","floor":7.0},{"not_picked":["Coolheaded","Lockon"],"picked":"Compile Driver","floor":10.0},{"not_picked":["Sweeping Beam","Beam Cell"],"picked":"Hologram","floor":12.0},{"not_picked":["Lockon","Streamline"],"picked":"Rainbow","floor":13.0},{"not_picked":["Stack","Steam"],"picked":"White Noise","floor":14.0},{"not_picked":["All For One","Machine Learning"],"picked":"Core Surge","floor":16.0},{"not_picked":["Streamline","Undo","Rebound"],"picked":"SKIP","floor":18.0},{"not_picked":["Reprogram","Hologram","Consume"],"picked":"SKIP","floor":21.0},{"not_picked":["Storm","Fission"],"picked":"Defragment","floor":29.0},{"not_picked":["Stack","Doom and Gloom+1","Compile Driver"],"picked":"Singing Bowl","floor":30.0},{"not_picked":["Creative AI","Seek"],"picked":"Biased Cognition","floor":33.0},{"not_picked":["Gash","Sweeping Beam"],"picked":"Redo","floor":35.0},{"not_picked":["Reprogram","Rebound","Go for the Eyes"],"picked":"Singing Bowl","floor":36.0},{"not_picked":["Darkness","Stack","Genetic Algorithm+1"],"picked":"Singing Bowl","floor":38.0},{"not_picked":["Ball Lightning+1","Redo","Cold Snap"],"picked":"Singing Bowl","floor":39.0},{"not_picked":["Swift Strike","HandOfGreed","Metamorphosis"],"picked":"Singing Bowl","floor":41.0},{"not_picked":["Violence","Blind","Deep Breath"],"picked":"Singing Bowl","floor":41.0},{"not_picked":["Forethought","Thinking Ahead","Magnetism"],"picked":"Singing Bowl","floor":41.0},{"not_picked":["Force Field","Compile Driver","Ball Lightning+1"],"picked":"Singing Bowl","floor":44.0},{"not_picked":["BootSequence","Beam Cell"],"picked":"Fusion","floor":45.0},{"not_picked":["Sweeping Beam","Conserve Battery"],"picked":"Self Repair","floor":46.0},{"not_picked":["Rip and Tear+1","Thunder Strike","Coolheaded"],"picked":"Singing Bowl","floor":48.0}],"player_experience":2003279,"relics_obtained":[{"floor":7.0,"key":"WingedGreaves"},{"floor":9.0,"key":"Matryoshka"},{"floor":13.0,"key":"Odd Mushroom"},{"floor":26.0,"key":"Art of War"},{"floor":26.0,"key":"Omamori"},{"floor":28.0,"key":"Singing Bowl"},{"floor":28.0,"key":"Bronze Scales"},{"floor":30.0,"key":"Ornamental Fan"},{"floor":46.0,"key":"Gremlin Horn"},{"floor":48.0,"key":"Strawberry"}],"event_choices":[{"cards_removed":["Strike_B"],"damage_healed":0.0,"max_hp_gain":0.0,"max_hp_loss":0.0,"gold_gain":0.0,"event_name":"Bonfire Elementals","player_choice":"Offered Basic","floor":3.0,"gold_loss":0.0,"damage_taken":0.0},{"damage_healed":0.0,"max_hp_gain":0.0,"max_hp_loss":0.0,"gold_gain":0.0,"event_name":"Mushrooms","player_choice":"Fought Mushrooms","floor":13.0,"gold_loss":0.0,"damage_taken":0.0},{"damage_healed":0.0,"max_hp_gain":0.0,"max_hp_loss":0.0,"gold_gain":50.0,"event_name":"Nest","player_choice":"Stole From Cult","floor":19.0,"gold_loss":0.0,"damage_taken":0.0},{"damage_healed":0.0,"max_hp_gain":0.0,"max_hp_loss":0.0,"gold_gain":0.0,"cards_transformed":["Strike_B","Defend_B"],"event_name":"Drug Dealer","player_choice":"Became Test Subject","floor":20.0,"gold_loss":0.0,"damage_taken":0.0,"cards_obtained":["Genetic Algorithm","Chill"]},{"cards_removed":["Defend_B"],"damage_healed":0.0,"max_hp_gain":0.0,"max_hp_loss":0.0,"gold_gain":0.0,"event_name":"Back to Basics","player_choice":"Elegance","floor":22.0,"gold_loss":0.0,"damage_taken":0.0},{"damage_healed":0.0,"max_hp_gain":0.0,"max_hp_loss":0.0,"gold_gain":0.0,"event_name":"The Mausoleum","player_choice":"Ignored","floor":23.0,"gold_loss":0.0,"damage_taken":0.0},{"damage_healed":0.0,"max_hp_gain":0.0,"max_hp_loss":0.0,"gold_gain":0.0,"event_name":"Cursed Tome","player_choice":"Ignored","floor":24.0,"gold_loss":0.0,"damage_taken":0.0},{"damage_healed":0.0,"max_hp_gain":0.0,"max_hp_loss":0.0,"gold_gain":50.0,"event_name":"Golden Shrine","player_choice":"Pray","floor":37.0,"gold_loss":0.0,"damage_taken":0.0},{"damage_healed":0.0,"max_hp_gain":0.0,"max_hp_loss":0.0,"gold_gain":0.0,"event_name":"SensoryStone","player_choice":"Memory 3","floor":41.0,"gold_loss":0.0,"damage_taken":10.0},{"damage_healed":0.0,"max_hp_gain":0.0,"max_hp_loss":0.0,"gold_gain":0.0,"event_name":"Match and Keep!","player_choice":"2 cards matched","floor":42.0,"gold_loss":0.0,"damage_taken":0.0,"cards_obtained":["Glacier","Turbo"]}],"is_beta":false,"boss_relics":[{"not_picked":["Philosopher\u0027s Stone","Velvet Choker"],"picked":"Empty Cage"},{"not_picked":["Tiny House","Lizard Tail"],"picked":"Nuclear Battery"}],"items_purged_floors":[31],"is_endless":false,"potions_floor_spawned":[1,4,5,13,16,18,21,38,39,44,48],"killed_by":"Awakened One","ascension_level":20}