{"gold_per_floor":[118,118,118,138,152,152,179,179,179,104,138,158,183,30,30,134,134,144,59,69,89,100,100,100],"floor_reached":24,"playtime":1695,"items_purged":["Strike_R","Strike_R"],"score":337,"play_id":"af3eba70-3e31-41f4-8b8b-5d0e4accc3f6","local_time":"20180720230555","is_ascension_mode":true,"campfire_choices":[{"data":"Metallicize","floor":6,"key":"SMITH"},{"data":"Seeing Red","floor":8,"key":"SMITH"},{"data":"Rampage","floor":15,"key":"SMITH"},{"floor":23,"key":"REST"}],"neow_cost":"NONE","seed_source_timestamp":121564547001120,"circlet_count":0,"master_deck":["Bash","Bludgeon+1","Warcry","Metallicize+1","Rampage+1","Seeing Red+1","Feed","Seeing Red+1","Flex+1","Armaments+1","Limit Break+1","Rupture","Blood for Blood","Warcry+1","Headbutt","Rupture","Headbutt","Hemokinesis","Shrug It Off+1","Rage+1","Shrug It Off+1","Exhume+1"],"relics":["Burning Blood","Pear","Toxic Egg 2","Juzu Bracelet","Odd Mushroom","Bottled Lightning","Pandora\u0027s Box","Bronze Scales"],"potions_floor_usage":[7,12,12,13,24],"damage_taken":[{"damage":9,"enemies":"2 Louse","floor":1,"turns":3},{"damage":6,"enemies":"Small Slimes","floor":4,"turns":2},{"damage":0,"enemies":"Cultist","floor":5,"turns":2},{"damage":17,"enemies":"Lagavulin","floor":7,"turns":6},{"damage":0,"enemies":"Gremlin Nob","floor":11,"turns":2},{"damage":11,"floor":12,"turns":4},{"damage":8,"enemies":"3 Sentries","floor":13,"turns":9},{"damage":63,"enemies":"Hexaghost","floor":16,"turns":9},{"damage":11,"enemies":"2 Thieves","floor":18,"turns":2},{"damage":16,"enemies":"Chosen","floor":20,"turns":4},{"damage":46,"enemies":"Centurion and Healer","floor":21,"turns":5},{"damage":27,"enemies":"Snake Plant","floor":22,"turns":5},{"damage":69,"enemies":"Gremlin Leader","floor":24,"turns":6}],"seed_played":"-6367605506563285352","potions_obtained":[{"floor":1,"key":"GamblersBrew"},{"floor":4,"key":"SpeedPotion"},{"floor":11,"key":"Fire Potion"},{"floor":12,"key":"Regen Potion"},{"floor":22,"key":"Strength Potion"}],"is_trial":false,"path_per_floor":["M","?","?","M","M","R","E","R","T","$","E","?","E","$","R","B",null,"M","?","M","M","M","R"],"character_chosen":"IRONCLAD","items_purchased":["Armaments+1"],"campfire_rested":1,"item_purchase_floors":[14],"current_hp_per_floor":[77,82,82,82,85,85,84,84,84,84,90,88,101,101,101,44,101,99,99,89,52,34,67,0],"gold":100,"neow_bonus":"ONE_RANDOM_RARE_CARD","is_prod":false,"is_daily":false,"chose_seed":false,"campfire_upgraded":3,"win_rate":0,"timestamp":1532142355,"path_taken":["M","?","?","M","M","R","E","R","T","$","E","?","E","$","R","BOSS","M","?","M","M","M","R","E"],"build_version":"2018-07-19v2","purchased_purges":2,"victory":false,"max_hp_per_floor":[80,85,85,85,85,85,95,95,95,95,95,98,101,101,101,101,101,104,104,104,107,110,110,110],"card_choices":[{"not_picked":["Clothesline","Cleave"],"picked":"Warcry","floor":1},{"not_picked":["Headbutt","Twin Strike"],"picked":"Metallicize","floor":4},{"not_picked":["Cleave","Combust"],"picked":"Rampage","floor":5},{"not_picked":["Reckless Charge","Flex"],"picked":"Seeing Red","floor":7},{"not_picked":["Clash","Wild Strike"],"picked":"Feed","floor":11},{"not_picked":["Disarm+1","True Grit+1"],"picked":"Seeing Red+1","floor":12},{"not_picked":["Heavy Blade","Body Slam"],"picked":"Flex+1","floor":13},{"not_picked":["Feed","Bludgeon"],"picked":"Limit Break+1","floor":16},{"not_picked":["Pommel Strike","Reckless Charge"],"picked":"Shrug It Off+1","floor":18},{"not_picked":["Perfected Strike","Flame Barrier+1"],"picked":"Rage+1","floor":20},{"not_picked":["Whirlwind","Fire Breathing+1"],"picked":"Shrug It Off+1","floor":21},{"not_picked":["Shrug It Off+1","Clothesline"],"picked":"Exhume+1","floor":22}],"player_experience":211801,"relics_obtained":[{"floor":7,"key":"Pear"},{"floor":9,"key":"Toxic Egg 2"},{"floor":11,"key":"Juzu Bracelet"},{"floor":12,"key":"Odd Mushroom"},{"floor":13,"key":"Bottled Lightning"}],"event_choices":[{"event_name":"Big Fish","player_choice":"Donut","floor":2,"damage_taken":0},{"event_name":"Living Wall","player_choice":"Grow","floor":3,"damage_taken":0},{"event_name":"Mushrooms","player_choice":"Fought Mushrooms","floor":12,"damage_taken":0},{"event_name":"Addict","player_choice":"Obtained Relic","floor":19,"damage_taken":0}],"is_beta":false,"boss_relics":[{"not_picked":["Runic Cube","Runic Dome"],"picked":"Pandora\u0027s Box"}],"items_purged_floors":[10,14],"is_endless":false,"potions_floor_spawned":[1,4,11,12,22],"killed_by":"Gremlin Leader","ascension_level":4}