{"gold_per_floor":[109,109,34,34,45,45,57,57,84,84,84,84,95,124,136,225,237,226,238,302,74,90,90,115,134,134,34,47,65,65,78,78,155,155,168,168,168,184,184,184,217,217,217,217,229,255,255,255,255,255,255,255,255,36,71,71],"floor_reached":57,"playtime":2371,"items_purged":["Defend_G","Defend_G","Defend_G"],"score":2702,"play_id":"111fa032-6deb-469a-ab98-214f37cd821c","local_time":"20190520174016","is_ascension_mode":true,"campfire_choices":[{"data":"Neutralize","floor":6.0,"key":"SMITH"},{"data":"A Thousand Cuts","floor":8.0,"key":"SMITH"},{"data":"1","floor":11.0,"key":"LIFT"},{"data":"Deadly Poison","floor":15.0,"key":"SMITH"},{"floor":23.0,"key":"REST"},{"floor":30.0,"key":"REST"},{"floor":32.0,"key":"REST"},{"data":"Madness","floor":40.0,"key":"SMITH"},{"data":"2","floor":42.0,"key":"LIFT"},{"data":"Backflip","floor":44.0,"key":"SMITH"},{"floor":49.0,"key":"RECALL"},{"data":"3","floor":53.0,"key":"LIFT"}],"neow_cost":"NONE","seed_source_timestamp":870530639045546,"circlet_count":0,"master_deck":["AscendersBane","Defend_G","Defend_G","Neutralize+1","A Thousand Cuts+1","Backstab","Heel Hook","Venomology","Deadly Poison+1","Malaise","Adrenaline","Backflip+1","Heel Hook","Acrobatics+1","Adrenaline","Madness+1","Madness","Calculated Gamble+1","Purity"],"special_seed":0,"relics":["Ring of the Snake","PreservedInsect","Girya","MawBank","Empty Cage","Pen Nib","Mercury Hourglass","Bottled Tornado","Runic Pyramid","Calipers","Singing Bowl","Anchor","Boot"],"potions_floor_usage":[56,56],"damage_taken":[{"damage":15.0,"enemies":"Jaw Worm","floor":1.0,"turns":9.0},{"damage":1.0,"enemies":"Small Slimes","floor":5.0,"turns":4.0},{"damage":0.0,"enemies":"2 Louse","floor":7.0,"turns":2.0},{"damage":1.0,"enemies":"Exordium Thugs","floor":13.0,"turns":4.0},{"damage":15.0,"enemies":"3 Sentries","floor":14.0,"turns":5.0},{"damage":12.0,"enemies":"Hexaghost","floor":16.0,"turns":9.0},{"damage":23.0,"enemies":"2 Thieves","floor":18.0,"turns":4.0},{"damage":7.0,"enemies":"Shell Parasite","floor":22.0,"turns":6.0},{"damage":16.0,"enemies":"Slavers","floor":24.0,"turns":3.0},{"damage":0.0,"enemies":"Snake Plant","floor":25.0,"turns":6.0},{"damage":12.0,"enemies":"Cultist and Chosen","floor":28.0,"turns":7.0},{"damage":2.0,"enemies":"Chosen and Byrds","floor":29.0,"turns":4.0},{"damage":19.0,"enemies":"Snecko","floor":31.0,"turns":5.0},{"damage":13.0,"enemies":"Champ","floor":33.0,"turns":3.0},{"damage":4.0,"enemies":"3 Shapes","floor":35.0,"turns":4.0},{"damage":8.0,"enemies":"3 Darklings","floor":38.0,"turns":3.0},{"damage":2.0,"enemies":"Nemesis","floor":41.0,"turns":3.0},{"damage":15.0,"enemies":"4 Shapes","floor":45.0,"turns":3.0},{"damage":0.0,"enemies":"Giant Head","floor":46.0,"turns":3.0},{"damage":3.0,"enemies":"Awakened One","floor":50.0,"turns":3.0},{"damage":6.0,"enemies":"Time Eater","floor":51.0,"turns":9.0},{"damage":37.0,"enemies":"Shield and Spear","floor":55.0,"turns":3.0},{"damage":20,"enemies":"The Heart","floor":56,"turns":6}],"seed_played":"-1419088178582456681","potions_obtained":[{"floor":1.0,"key":"PowerPotion"},{"floor":13.0,"key":"Strength Potion"},{"floor":18.0,"key":"Strength Potion"},{"floor":25.0,"key":"Weak Potion"}],"is_trial":false,"path_per_floor":["M","?","?","?","M","R","M","R","T","?","R","?","M","E","R","B",null,"M","?","T","$","M","R","E","M","T","$","M","M","R","M","R","B",null,"M","?","?","M","?","R","E","R","T","R","M","E","?","?","R","B","B",null,"R","$","E","B",null],"character_chosen":"THE_SILENT","items_purchased":["Adrenaline","Purity"],"campfire_rested":3,"item_purchase_floors":[21,54],"current_hp_per_floor":[44,44,44,44,43,43,43,43,43,38,38,60,59,44,44,32,58,35,17,17,17,10,31,15,15,15,15,3,1,22,3,24,11,56,52,52,39,31,58,58,56,56,56,56,41,43,43,43,43,49,43,56,56,56,21,1],"gold":71,"neow_bonus":"TRANSFORM_CARD","is_prod":false,"is_daily":false,"chose_seed":false,"campfire_upgraded":5,"win_rate":0,"timestamp":1558345216,"path_taken":["M","?","?","?","?","R","M","R","T","?","R","?","M","E","R","BOSS","M","?","?","?","M","R","E","M","T","$","M","M","R","M","R","BOSS","M","?","?","M","?","R","E","R","T","R","M","E","?","?","R","BOSS","BOSS","R","$","E","BOSS"],"build_version":"2019-01-23","purchased_purges":3,"victory":true,"max_hp_per_floor":[66,66,66,66,66,66,66,66,66,66,66,66,66,66,66,66,66,66,71,71,71,71,71,71,71,71,71,71,71,71,71,71,71,71,71,71,71,71,58,58,58,58,58,58,58,60,60,60,60,60,60,60,60,60,62,62],"card_choices":[{"not_picked":["Deflect","Bane"],"picked":"Backstab","floor":1.0},{"not_picked":["PiercingWail","Blade Dance"],"picked":"Heel Hook","floor":5.0},{"not_picked":["Prepared","Dagger Spray","Outmaneuver"],"picked":"SKIP","floor":7.0},{"not_picked":["Flying Knee","Bane"],"picked":"Venomology","floor":13.0},{"not_picked":["Calculated Gamble","Flying Knee"],"picked":"Deadly Poison","floor":14.0},{"not_picked":["A Thousand Cuts","Die Die Die"],"picked":"Malaise","floor":16.0},{"not_picked":["Slice","All Out Attack","Leg Sweep+1"],"picked":"SKIP","floor":18.0},{"not_picked":["Distraction","Reflex","Poisoned Stab"],"picked":"SKIP","floor":22.0},{"not_picked":["Flying Knee","Terror","PiercingWail"],"picked":"SKIP","floor":24.0},{"not_picked":["Choke","Storm of Steel"],"picked":"Backflip","floor":25.0},{"not_picked":["Expertise","PiercingWail+1"],"picked":"Heel Hook","floor":28.0},{"not_picked":["Skewer","Terror"],"picked":"Acrobatics+1","floor":29.0},{"not_picked":["Acrobatics+1","PiercingWail","Slice"],"picked":"SKIP","floor":31.0},{"not_picked":["Bullet Time","Tools of the Trade"],"picked":"Adrenaline","floor":33.0},{"not_picked":["Deflect","Expertise","Accuracy"],"picked":"SKIP","floor":35.0},{"not_picked":["Catalyst+1","Reflex","Expertise"],"picked":"SKIP","floor":38.0},{"not_picked":["Flying Knee","Outmaneuver","Reflex"],"picked":"SKIP","floor":41.0},{"not_picked":["Masterful Stab","Bane"],"picked":"Calculated Gamble+1","floor":45.0},{"not_picked":["Underhanded Strike+1","Bullet Time","Quick Slash"],"picked":"Singing Bowl","floor":46.0},{"not_picked":["Dagger Spray","Sucker Punch+1","Deadly Poison"],"picked":"Singing Bowl","floor":55.0}],"player_experience":1724695,"relics_obtained":[{"floor":9.0,"key":"PreservedInsect"},{"floor":14.0,"key":"MawBank"},{"floor":20.0,"key":"Pen Nib"},{"floor":24.0,"key":"Mercury Hourglass"},{"floor":26.0,"key":"Bottled Tornado"},{"floor":41.0,"key":"Calipers"},{"floor":46.0,"key":"Singing Bowl"},{"floor":55.0,"key":"Boot"}],"event_choices":[{"damage_healed":0.0,"max_hp_gain":0.0,"max_hp_loss":0.0,"gold_gain":0.0,"event_name":"Liars Game","player_choice":"Ignored","floor":2.0,"gold_loss":0.0,"damage_taken":0.0},{"cards_removed":["Strike_G"],"damage_healed":0.0,"max_hp_gain":0.0,"max_hp_loss":0.0,"gold_gain":0.0,"event_name":"The Cleric","player_choice":"Card Removal","floor":3.0,"gold_loss":75.0,"damage_taken":0.0},{"cards_removed":["Strike_G"],"damage_healed":0.0,"max_hp_gain":0.0,"max_hp_loss":0.0,"gold_gain":0.0,"event_name":"Bonfire Elementals","player_choice":"Offered Basic","floor":4.0,"gold_loss":0.0,"damage_taken":0.0},{"damage_healed":0.0,"max_hp_gain":0.0,"max_hp_loss":0.0,"gold_gain":0.0,"event_name":"Scrap Ooze","player_choice":"Success","floor":10.0,"gold_loss":0.0,"damage_taken":5.0,"relics_obtained":["Girya"]},{"damage_healed":22.0,"max_hp_gain":0.0,"max_hp_loss":0.0,"gold_gain":0.0,"event_name":"Big Fish","player_choice":"Banana","floor":12.0,"gold_loss":0.0,"damage_taken":0.0},{"damage_healed":0.0,"max_hp_gain":5.0,"max_hp_loss":0.0,"gold_gain":0.0,"event_name":"Forgotten Altar","player_choice":"Shed Blood","floor":19.0,"gold_loss":0.0,"damage_taken":23.0},{"damage_healed":0.0,"max_hp_gain":0.0,"max_hp_loss":0.0,"gold_gain":0.0,"event_name":"Tomb of Lord Red Mask","player_choice":"Ignored","floor":36.0,"gold_loss":0.0,"damage_taken":0.0},{"damage_healed":0.0,"max_hp_gain":0.0,"max_hp_loss":0.0,"gold_gain":0.0,"event_name":"Winding Halls","player_choice":"Embrace Madness","floor":37.0,"gold_loss":0.0,"damage_taken":13.0,"cards_obtained":["Madness","Madness"]},{"damage_healed":58.0,"max_hp_gain":0.0,"max_hp_loss":13.0,"gold_gain":0.0,"event_name":"The Moai Head","player_choice":"Heal","floor":39.0,"gold_loss":0.0,"damage_taken":0.0},{"cards_removed":["Survivor"],"damage_healed":0.0,"max_hp_gain":0.0,"max_hp_loss":0.0,"gold_gain":0.0,"event_name":"Falling","player_choice":"Removed Skill","floor":47.0,"gold_loss":0.0,"damage_taken":0.0},{"damage_healed":0.0,"max_hp_gain":0.0,"max_hp_loss":0.0,"gold_gain":0.0,"event_name":"WeMeetAgain","player_choice":"Gave Potion","floor":48.0,"gold_loss":0.0,"damage_taken":0.0,"relics_obtained":["Anchor"]}],"is_beta":false,"boss_relics":[{"not_picked":["Calling Bell","Tiny House"],"picked":"Empty Cage"},{"not_picked":["Eternal Feather","Ring of the Serpent"],"picked":"Runic Pyramid"}],"items_purged_floors":[21,27,54],"is_endless":false,"potions_floor_spawned":[1,13,18,25,35,46],"ascension_level":20}