{"gold_per_floor":[116,129,7,7,7,36,36,61,84,96,123,153,192,224,236,351,363,394,406,418,430,460,472,513,535,570,595,607,625,49,83,83,83],"floor_reached":33,"playtime":2904,"items_purged":["Strike_R"],"score":366,"play_id":"b24e097d-effa-4c23-aee1-e5651db0b798","local_time":"20190719021634","is_ascension_mode":true,"campfire_choices":[{"floor":10,"key":"REST"},{"data":"Clash","floor":15,"key":"SMITH"},{"data":"Double Tap","floor":23,"key":"SMITH"},{"floor":32,"key":"REST"}],"neow_cost":"NONE","seed_source_timestamp":702182287143400,"circlet_count":0,"master_deck":["Strike_R","Strike_R","Strike_R","Strike_R","Defend_R+1","Defend_R+1","Defend_R","Defend_R","Bash","Dropkick","Flex","Anger","Sever Soul+1","Intimidate","Spot Weakness","Heavy Blade","Clash+1","Searing Blow","Double Tap+1","Headbutt+1","Intimidate","Headbutt+1","Whirlwind+1","Anger","Flame Barrier","Dual Wield+1"],"relics":["Burning Blood","Orichalcum","Anchor","Centennial Puzzle","Pen Nib","War Paint","Sozu","Nilry\u0027s Codex","Self Forming Clay","Dream Catcher","Nloth\u0027s Gift","Lantern","Tiny Chest","MealTicket","Frozen Egg 2"],"potions_floor_usage":[12,13,25],"damage_taken":[{"damage":9,"enemies":"Jaw Worm","floor":1,"turns":5},{"damage":4,"enemies":"Small Slimes","floor":2,"turns":3},{"damage":20,"enemies":"3 Sentries","floor":6,"turns":10},{"damage":15,"enemies":"Gremlin Nob","floor":8,"turns":4},{"damage":0,"enemies":"Cultist","floor":11,"turns":3},{"damage":7,"enemies":"Lots of Slimes","floor":12,"turns":5},{"damage":24,"enemies":"Lagavulin","floor":13,"turns":5},{"damage":2,"enemies":"3 Louse","floor":14,"turns":3},{"damage":24,"enemies":"Slime Boss","floor":16,"turns":8},{"damage":2,"enemies":"Chosen","floor":18,"turns":3},{"damage":4,"enemies":"Shell Parasite","floor":22,"turns":3},{"damage":13,"enemies":"Book of Stabbing","floor":24,"turns":3},{"damage":8,"enemies":"Centurion and Healer","floor":25,"turns":5},{"damage":0,"enemies":"Chosen and Byrds","floor":27,"turns":4},{"damage":5,"enemies":"Cultist and Chosen","floor":29,"turns":4},{"damage":6,"enemies":"Slavers","floor":31,"turns":4},{"damage":80,"enemies":"Automaton","floor":33,"turns":6}],"seed_played":"-9009407600665042204","potions_obtained":[{"floor":11,"key":"Ancient Potion"},{"floor":12,"key":"LiquidBronze"},{"floor":16,"key":"AttackPotion"}],"is_trial":false,"path_per_floor":["M","M","$","?","?","E","$","E","T","R","M","M","E","M","R","B",null,"M","?","?","?","M","R","E","M","T","M","?","M","$","E","R","B"],"character_chosen":"IRONCLAD","items_purchased":["Anger","Sever Soul","Lantern","Tiny Chest","MealTicket","Anger"],"campfire_rested":2,"item_purchase_floors":[3,3,30,30,30,30],"current_hp_per_floor":[77,79,79,79,67,53,53,44,44,68,74,73,55,59,59,41,80,80,64,64,49,51,51,44,42,42,48,48,49,49,49,74,0],"gold":83,"neow_bonus":"RANDOM_COMMON_RELIC","is_prod":false,"is_daily":false,"chose_seed":false,"campfire_upgraded":2,"win_rate":0,"timestamp":1563520594,"path_taken":["M","M","$","?","?","E","$","E","T","R","M","M","E","M","R","BOSS","M","?","?","?","M","R","E","M","T","M","?","M","$","E","R","BOSS"],"build_version":"2019-07-17","purchased_purges":1,"victory":false,"max_hp_per_floor":[80,80,80,80,80,80,80,80,80,80,80,80,80,80,80,80,80,80,80,80,85,85,85,85,85,85,85,85,85,85,85,85,85],"card_choices":[{"not_picked":["Twin Strike","Combust"],"picked":"Dropkick","floor":1},{"not_picked":["Headbutt","Metallicize"],"picked":"Flex","floor":2},{"not_picked":["Dropkick","Iron Wave"],"picked":"Intimidate","floor":6},{"not_picked":["Headbutt","Havoc"],"picked":"Spot Weakness","floor":8},{"not_picked":["Warcry","Armaments"],"picked":"Heavy Blade","floor":11},{"not_picked":["Reckless Charge","Corruption","Second Wind"],"picked":"SKIP","floor":12},{"not_picked":["Twin Strike","Blood for Blood"],"picked":"Clash","floor":13},{"not_picked":["Body Slam","Pommel Strike"],"picked":"Searing Blow","floor":14},{"not_picked":["Feed","Exhume"],"picked":"Double Tap","floor":16},{"not_picked":["Thunderclap","Iron Wave"],"picked":"Headbutt+1","floor":18},{"not_picked":["Clothesline","Ghostly Armor","Iron Wave"],"picked":"SKIP","floor":22},{"not_picked":["Rampage","Dark Embrace"],"picked":"Intimidate","floor":24},{"not_picked":["Shrug It Off+1","Feel No Pain+1"],"picked":"Headbutt+1","floor":25},{"not_picked":["Twin Strike","True Grit","Sword Boomerang"],"picked":"SKIP","floor":27},{"not_picked":["Clothesline","Bloodletting"],"picked":"Whirlwind+1","floor":29},{"not_picked":["Wild Strike","Battle Trance"],"picked":"Flame Barrier","floor":31},{"not_picked":["True Grit","Anger"],"picked":"Dual Wield+1","floor":32}],"player_experience":116795,"relics_obtained":[{"floor":6,"key":"Centennial Puzzle"},{"floor":8,"key":"Pen Nib"},{"floor":9,"key":"MawBank"},{"floor":13,"key":"War Paint"},{"floor":19,"key":"Nilry\u0027s Codex"},{"floor":24,"key":"Self Forming Clay"},{"floor":26,"key":"Dream Catcher"},{"floor":31,"key":"Frozen Egg 2"}],"event_choices":[{"damage_healed":0,"gold_gain":0,"player_choice":"Grow","damage_taken":0,"max_hp_gain":0,"max_hp_loss":0,"event_name":"Living Wall","floor":4,"gold_loss":0,"cards_upgraded":["Sever Soul"]},{"damage_healed":0,"gold_gain":0,"player_choice":"Success","damage_taken":12,"relics_obtained":["Anchor"],"max_hp_gain":0,"max_hp_loss":0,"event_name":"Scrap Ooze","floor":5,"gold_loss":0},{"damage_healed":0,"gold_gain":0,"player_choice":"Obtained Book","damage_taken":16,"max_hp_gain":0,"max_hp_loss":0,"event_name":"Cursed Tome","floor":19,"gold_loss":0},{"damage_healed":0,"gold_gain":0,"player_choice":"Ignored","damage_taken":0,"max_hp_gain":0,"max_hp_loss":0,"event_name":"Ghosts","floor":20,"gold_loss":0},{"damage_healed":0,"gold_gain":0,"player_choice":"Shed Blood","damage_taken":20,"max_hp_gain":5,"max_hp_loss":0,"event_name":"Forgotten Altar","floor":21,"gold_loss":0},{"damage_healed":0,"gold_gain":0,"player_choice":"Traded Relic","damage_taken":0,"relics_obtained":["Nloth\u0027s Gift"],"max_hp_gain":0,"max_hp_loss":0,"event_name":"N\u0027loth","floor":28,"relics_lost":["MawBank"],"gold_loss":0}],"is_beta":false,"boss_relics":[{"not_picked":["Runic Dome","Ectoplasm"],"picked":"Sozu"}],"items_purged_floors":[30],"is_endless":false,"potions_floor_spawned":[11,12,16,24,29],"killed_by":"Automaton","ascension_level":4}