{"gold_per_floor":[215,390,403,415,415,415,10,23,23,23,123,138,157,67,67,172,172,183,203,217,2,15,15,32,42,67,67,67,67,82,82,82,82],"floor_reached":33,"playtime":2904,"items_purged":["Doubt"],"score":241,"play_id":"896c30fe-98c5-48fc-bb1a-da6401695c12","local_time":"20190705151827","is_ascension_mode":false,"campfire_choices":[{"data":"Cleave","floor":6,"key":"SMITH"},{"data":"Armaments","floor":10,"key":"SMITH"},{"data":"Enlightenment","floor":15,"key":"SMITH"},{"floor":23,"key":"REST"},{"floor":28,"key":"REST"},{"floor":32,"key":"REST"}],"neow_cost":"NONE","seed_source_timestamp":1341274510223600,"circlet_count":0,"master_deck":["Strike_R+1","Strike_R+1","Strike_R+1","Strike_R+1","Strike_R+1","Defend_R+1","Defend_R+1","Defend_R+1","Defend_R+1","Bash","Anger","Cleave+1","Clothesline","Carnage","Armaments+1","Flex+1","Anger","Rage","Enlightenment+1","Berserk","Clash+1","Metallicize","Carnage","Dual Wield","Cleave","Uppercut","Flame Barrier+1","Writhe","Bludgeon","Clash","Perfected Strike"],"relics":["Burning Blood","Kunai","Bronze Scales","War Paint","Eternal Feather","Bag of Marbles","Dream Catcher","Omamori"],"potions_floor_usage":[3,4,16,20,24,24,33],"damage_taken":[{"damage":0,"enemies":"Small Slimes","floor":1,"turns":4},{"damage":11,"enemies":"Jaw Worm","floor":3,"turns":2},{"damage":6,"enemies":"Cultist","floor":4,"turns":3},{"damage":4,"enemies":"2 Fungi Beasts","floor":8,"turns":3},{"damage":0,"enemies":"Exordium Thugs","floor":12,"turns":3},{"damage":0,"enemies":"Lots of Slimes","floor":13,"turns":2},{"damage":43,"enemies":"Hexaghost","floor":16,"turns":9},{"damage":0,"enemies":"3 Byrds","floor":18,"turns":4},{"damage":30,"enemies":"2 Thieves","floor":19,"turns":4},{"damage":25,"enemies":"Centurion and Healer","floor":20,"turns":5},{"damage":17,"enemies":"Snecko","floor":22,"turns":4},{"damage":34,"enemies":"Sentry and Sphere","floor":24,"turns":5},{"damage":32,"enemies":"3 Cultists","floor":25,"turns":4},{"damage":9,"enemies":"Snake Plant","floor":30,"turns":5},{"damage":84,"enemies":"Collector","floor":33,"turns":6}],"seed_played":"960125637022600730","potions_obtained":[{"floor":1,"key":"PowerPotion"},{"floor":3,"key":"Ancient Potion"},{"floor":12,"key":"FearPotion"},{"floor":13,"key":"Poison Potion"},{"floor":19,"key":"Fire Potion"},{"floor":25,"key":"SkillPotion"},{"floor":30,"key":"SmokeBomb"}],"is_trial":false,"path_per_floor":["M","?","M","M","T","R","$","M","T","R","?","M","M","$","R","B",null,"M","M","M","$","M","R","M","M","T","?","R","?","M","?","R","B"],"character_chosen":"IRONCLAD","items_purchased":["Bronze Scales","Carnage","FearPotion","Armaments","Enlightenment","Bag of Marbles","Dual Wield"],"campfire_rested":3,"item_purchase_floors":[7,7,7,7,14,21,21],"current_hp_per_floor":[80,80,75,75,75,75,75,77,77,77,77,80,80,80,80,43,80,80,56,37,37,26,65,37,11,11,11,50,50,47,47,80,0],"gold":82,"neow_bonus":"HUNDRED_GOLD","is_prod":false,"is_daily":false,"chose_seed":false,"campfire_upgraded":3,"win_rate":0.0,"timestamp":1562357907,"path_taken":["M","?","M","M","?","R","$","?","T","R","?","?","M","?","R","BOSS","M","?","M","$","M","R","M","M","T","?","R","?","M","?","R","BOSS"],"build_version":"2019-07-01","purchased_purges":1,"victory":false,"max_hp_per_floor":[80,80,80,80,80,80,80,80,80,80,80,80,80,80,80,80,80,80,80,80,80,80,80,80,80,80,80,80,80,80,80,80,80],"card_choices":[{"not_picked":["Flame Barrier","Shrug It Off"],"picked":"Anger","floor":1},{"not_picked":["Battle Trance","Dropkick"],"picked":"Cleave","floor":3},{"not_picked":["Searing Blow","Perfected Strike"],"picked":"Clothesline","floor":4},{"not_picked":["Cleave","Second Wind"],"picked":"Flex","floor":8},{"not_picked":["Brutality","Perfected Strike"],"picked":"Anger","floor":12},{"not_picked":["Perfected Strike","True Grit"],"picked":"Rage","floor":13},{"not_picked":["Dark Embrace","Offering"],"picked":"Berserk","floor":16},{"not_picked":["Dropkick","Headbutt"],"picked":"Clash+1","floor":18},{"not_picked":["Combust","Warcry"],"picked":"Metallicize","floor":19},{"not_picked":["Warcry","Twin Strike"],"picked":"Carnage","floor":20},{"not_picked":["Clothesline","Flex"],"picked":"Cleave","floor":22},{"not_picked":["Cleave","Power Through+1"],"picked":"Uppercut","floor":24},{"not_picked":["Perfected Strike","Whirlwind"],"picked":"Flame Barrier+1","floor":25},{"not_picked":["Warcry","Pommel Strike"],"picked":"Bludgeon","floor":28},{"not_picked":["Flex","Anger"],"picked":"Clash","floor":30},{"not_picked":["Combust","Dropkick"],"picked":"Perfected Strike","floor":32}],"player_experience":24793,"relics_obtained":[{"floor":5,"key":"Kunai"},{"floor":9,"key":"War Paint"},{"floor":26,"key":"Dream Catcher"}],"event_choices":[{"damage_healed":0,"gold_gain":175,"player_choice":"AGREE","damage_taken":0,"max_hp_gain":0,"max_hp_loss":0,"event_name":"Liars Game","floor":2,"gold_loss":0,"cards_obtained":["Doubt"]},{"damage_healed":0,"gold_gain":100,"player_choice":"Pray","damage_taken":0,"max_hp_gain":0,"max_hp_loss":0,"event_name":"Golden Shrine","floor":11,"gold_loss":0},{"damage_healed":0,"gold_gain":0,"player_choice":"Opened","damage_taken":0,"relics_obtained":["Omamori"],"max_hp_gain":0,"max_hp_loss":0,"event_name":"The Mausoleum","floor":27,"gold_loss":0,"cards_obtained":["Writhe"]},{"damage_healed":0,"gold_gain":0,"player_choice":"Simplicity","damage_taken":0,"max_hp_gain":0,"max_hp_loss":0,"event_name":"Back to Basics","floor":29,"gold_loss":0,"cards_upgraded":["Strike_R","Strike_R","Strike_R","Strike_R","Strike_R","Defend_R","Defend_R","Defend_R"]},{"damage_healed":0,"gold_gain":0,"player_choice":"Ignored","damage_taken":0,"max_hp_gain":0,"max_hp_loss":0,"event_name":"Vampires","floor":31,"gold_loss":0}],"is_beta":false,"boss_relics":[{"not_picked":["Sozu","Calling Bell"],"picked":"Eternal Feather"}],"items_purged_floors":[7],"is_endless":false,"potions_floor_spawned":[1,3,12,13,19,25,30],"killed_by":"Collector","ascension_level":0}