{"gold_per_floor":[113,188,188,20,20,20,54,123,123,133,166,184,184],"floor_reached":13,"playtime":326,"items_purged":[],"score":186,"play_id":"6bad43e6-8cdc-445d-89d0-830d6b94d6eb","local_time":"20190620150802","is_ascension_mode":true,"campfire_choices":[{"floor":6.0,"key":"REST"}],"neow_cost":"NONE","seed_source_timestamp":1554230517125893,"circlet_count":0,"master_deck":["AscendersBane","Strike_B","Strike_B","Strike_B+1","Strike_B","Defend_B","Defend_B+1","Defend_B","Defend_B","Zap","Dualcast","Barrage","Glacier","Ball Lightning","Capacitor"],"special_seed":0,"relics":["Black Star","DataDisk","SsserpentHead","Dream Catcher","Anchor","Molten Egg 2","Centennial Puzzle"],"potions_floor_usage":[11,11],"damage_taken":[{"damage":11.0,"enemies":"Jaw Worm","floor":1.0,"turns":6.0},{"damage":36.0,"enemies":"Gremlin Nob","floor":7.0,"turns":4.0},{"damage":0.0,"enemies":"2 Louse","floor":8.0,"turns":4.0},{"damage":0.0,"enemies":"Small Slimes","floor":10.0,"turns":3.0},{"damage":2,"enemies":"Lagavulin","floor":11,"turns":6},{"damage":3,"enemies":"Exordium Thugs","floor":12,"turns":5},{"damage":3,"enemies":"Gremlin Nob","floor":13,"turns":2}],"seed_played":"-7818789468550291795","potions_obtained":[{"floor":1.0,"key":"FocusPotion"},{"floor":8.0,"key":"Poison Potion"},{"floor":10.0,"key":"SkillPotion"}],"is_trial":false,"path_per_floor":["M","?","?","$","?","R","E","M","T","M","E","M","E"],"character_chosen":"DEFECT","items_purchased":["DataDisk"],"campfire_rested":1,"item_purchase_floors":[4],"current_hp_per_floor":[53,42,21,21,21,42,6,6,6,6,4,1,0],"gold":184,"neow_bonus":"BOSS_RELIC","is_prod":false,"is_daily":false,"chose_seed":false,"campfire_upgraded":0,"win_rate":0,"timestamp":1561014482,"path_taken":["M","?","?","$","?","R","E","?","T","M","E","M","E"],"build_version":"2019-01-23","purchased_purges":0,"victory":false,"max_hp_per_floor":[71,71,71,71,71,71,71,71,71,71,71,71,71],"card_choices":[{"not_picked":["Hello World","Sweeping Beam"],"picked":"Barrage","floor":1.0},{"not_picked":["Reinforced Body","Doom and Gloom"],"picked":"Glacier","floor":7.0},{"not_picked":["Streamline","Barrage","Hello World"],"picked":"SKIP","floor":8.0},{"not_picked":["Rebound","Loop"],"picked":"Ball Lightning","floor":10.0},{"not_picked":["Leap","Go for the Eyes"],"picked":"Capacitor","floor":11},{"not_picked":["Lockon+1","Reprogram","Leap"],"picked":"SKIP","floor":12}],"player_experience":1936900,"relics_obtained":[{"floor":7.0,"key":"Dream Catcher"},{"floor":7.0,"key":"Anchor"},{"floor":11,"key":"Molten Egg 2"},{"floor":11,"key":"Centennial Puzzle"}],"event_choices":[{"damage_healed":0.0,"max_hp_gain":0.0,"max_hp_loss":0.0,"gold_gain":75.0,"event_name":"World of Goop","player_choice":"Gather Gold","floor":2.0,"gold_loss":0.0,"damage_taken":11.0},{"damage_healed":0.0,"max_hp_gain":0.0,"max_hp_loss":0.0,"gold_gain":0.0,"event_name":"Shining Light","player_choice":"Entered Light","floor":3.0,"gold_loss":0.0,"damage_taken":21.0,"cards_upgraded":["Defend_B","Strike_B"]},{"damage_healed":0.0,"max_hp_gain":0.0,"max_hp_loss":0.0,"gold_gain":0.0,"event_name":"FaceTrader","player_choice":"Trade","floor":5.0,"gold_loss":0.0,"damage_taken":0.0,"relics_obtained":["SsserpentHead"]}],"is_beta":false,"boss_relics":[],"items_purged_floors":[],"is_endless":false,"potions_floor_spawned":[1,8,10],"killed_by":"Gremlin Nob","ascension_level":20}