{"gold_per_floor":[110,122,12,22,22,22,22,51,78,103,120,150,180,180],"floor_reached":14,"playtime":710,"items_purged":["Strike_G"],"score":140,"play_id":"b65d67d6-7c2b-47b5-b1f7-d18b217bdba8","local_time":"20180724221209","is_ascension_mode":true,"campfire_choices":[{"data":"Terror","floor":6,"key":"SMITH"}],"neow_cost":"NONE","seed_source_timestamp":286221403329543,"circlet_count":0,"master_deck":["Defend_G","Defend_G","Defend_G","Defend_G","Defend_G","Strike_G","Strike_G","Strike_G","Strike_G","Survivor","Neutralize","Terror+1","Deadly Poison","Blur","Deadly Poison","Cloak And Dagger","Regret","Envenom","PiercingWail","Bouncing Flask"],"relics":["Cursed Key","Dream Catcher","Juzu Bracelet","Pen Nib","Lantern"],"potions_floor_usage":[8,10,10,12],"damage_taken":[{"damage":5,"enemies":"Cultist","floor":1,"turns":6},{"damage":0,"enemies":"2 Louse","floor":2,"turns":2},{"damage":4,"enemies":"Small Slimes","floor":4,"turns":4},{"damage":12,"enemies":"Lagavulin","floor":8,"turns":7},{"damage":8,"enemies":"3 Sentries","floor":10,"turns":10},{"damage":7,"enemies":"2 Fungi Beasts","floor":11,"turns":3},{"damage":26,"enemies":"Gremlin Nob","floor":12,"turns":4},{"damage":7,"enemies":"3 Louse","floor":14,"turns":1}],"seed_played":"-7220026732259910658","potions_obtained":[{"floor":1,"key":"SkillPotion"},{"floor":2,"key":"SpeedPotion"},{"floor":7,"key":"EssenceOfSteel"},{"floor":7,"key":"Fire Potion"},{"floor":10,"key":"Explosive Potion"}],"is_trial":false,"path_per_floor":["M","M","$","M","$","R","?","E","T","E","M","E","?"],"character_chosen":"THE_SILENT","items_purchased":["Blur"],"campfire_rested":0,"item_purchase_floors":[3],"current_hp_per_floor":[58,58,58,54,54,54,54,42,42,34,27,1,1,0],"gold":180,"neow_bonus":"BOSS_RELIC","is_prod":false,"is_daily":false,"chose_seed":false,"campfire_upgraded":1,"win_rate":0,"timestamp":1532484729,"path_taken":["M","M","?","M","$","R","?","E","T","E","M","E","?","M"],"build_version":"2018-07-19v2","purchased_purges":1,"victory":false,"max_hp_per_floor":[70,70,70,70,70,70,70,70,70,70,70,70,70,70],"card_choices":[{"not_picked":["Infinite Blades","Expertise"],"picked":"Terror","floor":1},{"not_picked":["Prepared","Acrobatics"],"picked":"Deadly Poison","floor":2},{"not_picked":["Underhanded Strike","Outmaneuver"],"picked":"Deadly Poison","floor":4},{"not_picked":["Sucker Punch","Prepared"],"picked":"Cloak And Dagger","floor":8},{"not_picked":["Tactician","Well Laid Plans"],"picked":"Envenom","floor":10},{"not_picked":["Quick Slash","Masterful Stab"],"picked":"PiercingWail","floor":11},{"not_picked":["Quick Slash","Deadly Poison"],"picked":"Bouncing Flask","floor":12}],"player_experience":300927,"relics_obtained":[{"floor":8,"key":"Dream Catcher"},{"floor":9,"key":"Juzu Bracelet"},{"floor":10,"key":"Pen Nib"},{"floor":12,"key":"Lantern"}],"event_choices":[{"event_name":"The Lab","player_choice":"Got Potions","floor":7,"damage_taken":0},{"event_name":"Dead Adventurer","player_choice":"Searched \u00272\u0027 times","floor":13,"damage_taken":0}],"is_beta":false,"boss_relics":[],"items_purged_floors":[3],"is_endless":false,"potions_floor_spawned":[1,2,10],"killed_by":"3 Louse","ascension_level":6}