{"gold_per_floor":[117,117,132,132,53,79,79,107,178,178,48,48,48,62,62,138,138,158,175,175,191,62,62,5,5,5,5,0,0,19,19],"floor_reached":31,"playtime":555,"items_purged":["Strike_B"],"score":528,"play_id":"24e7339d-48d0-4238-8b84-ff2863c81841","local_time":"20190719174743","is_ascension_mode":true,"campfire_choices":[{"data":"Sunder","floor":7.0,"key":"SMITH"},{"data":"Recycle","floor":10.0,"key":"SMITH"},{"data":"Zap","floor":12.0,"key":"SMITH"},{"data":"Beam Cell","floor":15.0,"key":"SMITH"},{"data":"Fission","floor":23.0,"key":"SMITH"},{"data":"Heatsinks","floor":25.0,"key":"SMITH"}],"neow_cost":"NONE","seed_source_timestamp":86284055219506,"circlet_count":0,"master_deck":["AscendersBane","Zap+1","Dualcast","Ball Lightning","Static Discharge","White Noise","Sunder+1","Recycle+1","Conserve Battery","Beam Cell+1","Fission+1","Reinforced Body","Auto Shields","Defragment","Darkness","Chaos+1","Heatsinks+1","Coolheaded+1","Cold Snap","Storm","Coolheaded","Loop","Turbo","Decay","Glacier"],"special_seed":0,"relics":["Cracked Core","NeowsBlessing","Pen Nib","Ancient Tea Set","Symbiotic Virus","Nloth\u0027s Gift","War Paint","DataDisk"],"potions_floor_usage":[],"damage_taken":[{"damage":0.0,"enemies":"Jaw Worm","floor":1.0,"turns":1.0},{"damage":0.0,"enemies":"Cultist","floor":3.0,"turns":1.0},{"damage":0.0,"enemies":"Lagavulin","floor":6.0,"turns":1.0},{"damage":30.0,"enemies":"3 Sentries","floor":8.0,"turns":5.0},{"damage":0.0,"enemies":"2 Louse","floor":14.0,"turns":2.0},{"damage":37.0,"enemies":"Hexaghost","floor":16.0,"turns":5.0},{"damage":12.0,"enemies":"Shell Parasite","floor":18.0,"turns":5.0},{"damage":7.0,"enemies":"3 Byrds","floor":19.0,"turns":4.0},{"damage":21.0,"enemies":"Cultist and Chosen","floor":21.0,"turns":6.0},{"damage":0.0,"enemies":"Snake Plant","floor":30.0,"turns":2.0},{"damage":27,"enemies":"Colosseum Slavers","floor":31,"turns":1}],"seed_played":"-3260105130105884267","potions_obtained":[{"floor":3.0,"key":"SteroidPotion"},{"floor":8.0,"key":"SkillPotion"},{"floor":21.0,"key":"Block Potion"}],"is_trial":false,"path_per_floor":["M","?","M","?","$","E","R","E","T","R","$","R","$","M","R","B",null,"M","M","?","M","$","R","$","R","T","?","?","T","M","?"],"character_chosen":"DEFECT","items_purchased":["Sunder","Beam Cell","Coolheaded","Loop","Turbo"],"campfire_rested":0,"item_purchase_floors":[5,11,22,22,24],"current_hp_per_floor":[64,64,64,69,69,69,69,39,39,39,39,39,39,39,39,2,58,46,39,39,18,18,18,18,18,18,18,18,18,18,0],"gold":19,"neow_bonus":"THREE_ENEMY_KILL","is_prod":false,"is_daily":false,"chose_seed":false,"campfire_upgraded":6,"win_rate":0,"timestamp":1563529663,"path_taken":["M","?","M","?","$","E","R","E","T","R","?","R","?","M","R","BOSS","M","?","?","M","$","R","?","R","T","?","?","?","?","?"],"build_version":"2019-07-17","purchased_purges":1,"victory":false,"max_hp_per_floor":[71,71,71,76,76,76,76,76,76,76,76,76,76,76,76,76,76,76,76,76,76,76,76,76,76,76,76,76,76,76,76],"card_choices":[{"not_picked":["Coolheaded","Self Repair"],"picked":"Ball Lightning","floor":1.0},{"not_picked":["Ball Lightning","Reinforced Body"],"picked":"White Noise","floor":3.0},{"not_picked":["Go for the Eyes","Rip and Tear"],"picked":"Recycle","floor":6.0},{"not_picked":["Machine Learning","Hologram"],"picked":"Conserve Battery","floor":8.0},{"not_picked":["Sweeping Beam","Ball Lightning","Rebound"],"picked":"SKIP","floor":14.0},{"not_picked":["Buffer","Hyperbeam"],"picked":"Fission","floor":16.0},{"not_picked":["Go for the Eyes","Streamline"],"picked":"Coolheaded","floor":18.0},{"not_picked":["Sunder","Static Discharge"],"picked":"Cold Snap","floor":19.0},{"not_picked":["Conserve Battery","Leap"],"picked":"Storm","floor":21.0},{"not_picked":["Sweeping Beam","Thunder Strike"],"picked":"Glacier","floor":30.0}],"player_experience":2042063,"relics_obtained":[{"floor":6.0,"key":"Pen Nib"},{"floor":8.0,"key":"Ancient Tea Set"},{"floor":9.0,"key":"Symbiotic Virus"},{"floor":26.0,"key":"War Paint"},{"floor":29.0,"key":"DataDisk"}],"event_choices":[{"damage_healed":0.0,"max_hp_gain":0.0,"max_hp_loss":0.0,"gold_gain":0.0,"cards_transformed":["Strike_B"],"event_name":"Living Wall","player_choice":"Change","floor":2.0,"gold_loss":0.0,"damage_taken":0.0,"cards_obtained":["Static Discharge"]},{"damage_healed":0.0,"max_hp_gain":5.0,"max_hp_loss":0.0,"gold_gain":0.0,"event_name":"Big Fish","player_choice":"Donut","floor":4.0,"gold_loss":0.0,"damage_taken":0.0},{"damage_healed":0.0,"max_hp_gain":0.0,"max_hp_loss":0.0,"gold_gain":0.0,"event_name":"N\u0027loth","player_choice":"Traded Relic","floor":20.0,"relics_lost":["Pandora\u0027s Box"],"gold_loss":0.0,"damage_taken":0.0,"relics_obtained":["Nloth\u0027s Gift"]},{"damage_healed":0.0,"max_hp_gain":0.0,"max_hp_loss":0.0,"gold_gain":0.0,"event_name":"Forgotten Altar","player_choice":"Smashed Altar","floor":27.0,"gold_loss":0.0,"damage_taken":0.0,"cards_obtained":["Decay"]},{"damage_healed":0.0,"max_hp_gain":0.0,"max_hp_loss":0.0,"gold_gain":0.0,"event_name":"Masked Bandits","player_choice":"Paid Fearfully","floor":28.0,"gold_loss":5.0,"damage_taken":0.0},{"damage_healed":0,"gold_gain":0,"player_choice":"Fight","damage_taken":0,"max_hp_gain":0,"max_hp_loss":0,"event_name":"Colosseum","floor":31,"gold_loss":0}],"is_beta":false,"boss_relics":[{"not_picked":["Philosopher\u0027s Stone","Coffee Dripper"],"picked":"Pandora\u0027s Box"}],"items_purged_floors":[11],"is_endless":false,"potions_floor_spawned":[3,8,14,16,21],"killed_by":"Colosseum Slavers","ascension_level":20}