{"gold_per_floor":[118,118,118,128,128,160,160,185,185,211,224,234,234,42,42,121,121,132,132,132,56,73,106,106,141,141,171,171,204,44,58,58,135,135,154,66,82,96,1095,1095,1121,1121,1121,1148,1162,1162,1172,1184,1184,1184,1184,1184,1184,3,29,29],"floor_reached":57,"playtime":2356,"items_purged":["Zap","Reprogram"],"score":3137,"play_id":"f4c988fb-b2a2-45fd-b18f-90f5d21d0d9f","local_time":"20190523193536","is_ascension_mode":true,"campfire_choices":[{"data":"Fusion","floor":7.0,"key":"SMITH"},{"data":"Dualcast","floor":13.0,"key":"SMITH"},{"data":"Coolheaded","floor":15.0,"key":"SMITH"},{"data":"Heatsinks","floor":24.0,"key":"SMITH"},{"data":"Defend_B","floor":28.0,"key":"PURGE"},{"data":"Defend_B","floor":32.0,"key":"PURGE"},{"data":"Normality","floor":40.0,"key":"PURGE"},{"floor":49.0,"key":"RECALL"},{"data":"Defragment","floor":53.0,"key":"SMITH"}],"neow_cost":"PERCENT_DAMAGE","seed_source_timestamp":1136833740811528,"circlet_count":0,"master_deck":["AscendersBane","Dualcast+1","Cold Snap","Meteor Strike+1","Fusion+1","Redo","Glacier","Coolheaded+1","Tempest","Heatsinks+1","Enlightenment","Thunder Strike","Reinforced Body","Echo Form","Meteor Strike+1","All For One","Coolheaded+1","Blizzard","Defragment+1","Multi-Cast","Tempest","Hologram","Discovery","Heatsinks","Reboot","Skim"],"special_seed":0,"relics":["Cracked Core","Peace Pipe","PreservedInsect","Happy Flower","Ornamental Fan","Matryoshka","Snecko Eye","Whetstone","Emotion Chip","Juzu Bracelet","Ice Cream","Symbiotic Virus","Ginger","Runic Pyramid","StoneCalendar","Bottled Lightning","Strawberry","OrangePellets","Anchor","Du-Vu Doll","Bottled Flame"],"potions_floor_usage":[56,56],"damage_taken":[{"damage":4.0,"enemies":"Jaw Worm","floor":1.0,"turns":4.0},{"damage":1.0,"enemies":"2 Louse","floor":4.0,"turns":3.0},{"damage":30.0,"enemies":"Gremlin Nob","floor":6.0,"turns":4.0},{"damage":16.0,"enemies":"Lagavulin","floor":8.0,"turns":5.0},{"damage":3.0,"enemies":"Gremlin Nob","floor":10.0,"turns":3.0},{"damage":0.0,"enemies":"Cultist","floor":11.0,"turns":3.0},{"damage":4.0,"enemies":"Large Slime","floor":12.0,"turns":9.0},{"damage":8.0,"enemies":"Slime Boss","floor":16.0,"turns":7.0},{"damage":9.0,"enemies":"3 Byrds","floor":18.0,"turns":4.0},{"damage":0.0,"enemies":"Spheric Guardian","floor":22.0,"turns":3.0},{"damage":0.0,"enemies":"Book of Stabbing","floor":23.0,"turns":3.0},{"damage":0.0,"enemies":"Slavers","floor":25.0,"turns":4.0},{"damage":15.0,"enemies":"Book of Stabbing","floor":27.0,"turns":4.0},{"damage":0.0,"enemies":"Gremlin Leader","floor":29.0,"turns":3.0},{"damage":0.0,"enemies":"Centurion and Healer","floor":31.0,"turns":2.0},{"damage":0.0,"enemies":"Automaton","floor":33.0,"turns":4.0},{"damage":0.0,"enemies":"Orb Walker","floor":35.0,"turns":3.0},{"damage":0.0,"enemies":"3 Shapes","floor":37.0,"turns":2.0},{"damage":0.0,"enemies":"Sphere and 2 Shapes","floor":38.0,"turns":2.0},{"damage":5.0,"enemies":"Nemesis","floor":41.0,"turns":5.0},{"damage":0.0,"enemies":"Reptomancer","floor":44.0,"turns":2.0},{"damage":0.0,"enemies":"Writhing Mass","floor":45.0,"turns":1.0},{"damage":0.0,"enemies":"Transient","floor":47.0,"turns":5.0},{"damage":0.0,"enemies":"4 Shapes","floor":48.0,"turns":2.0},{"damage":13.0,"enemies":"Time Eater","floor":50.0,"turns":3.0},{"damage":24.0,"enemies":"Donu and Deca","floor":51.0,"turns":2.0},{"damage":34,"enemies":"Shield and Spear","floor":55,"turns":3},{"damage":22,"enemies":"The Heart","floor":56,"turns":4}],"seed_played":"-8552486127755058610","potions_obtained":[{"floor":1.0,"key":"SkillPotion"},{"floor":8.0,"key":"Energy Potion"},{"floor":10.0,"key":"GamblersBrew"},{"floor":23.0,"key":"Dexterity Potion"},{"floor":25.0,"key":"Strength Potion"},{"floor":47.0,"key":"FearPotion"}],"is_trial":false,"path_per_floor":["M","?","?","M","?","E","R","E","T","E","M","M","R","$","R","B",null,"M","?","?","$","M","E","R","E","T","E","R","E","$","M","R","B",null,"M","$","M","M","?","R","E","?","T","E","M","E","M","M","R","B","B",null,"R","$","E","B",null],"character_chosen":"DEFECT","items_purchased":["Heatsinks","Enlightenment","Meteor Strike","Defragment","Tempest","OrangePellets","Discovery","Anchor","PowerPotion","Du-Vu Doll","Heatsinks","Reboot"],"campfire_rested":0,"item_purchase_floors":[14,14,21,30,36,54,54,54,54,54,54,54],"current_hp_per_floor":[42,24,71,70,70,40,40,24,24,21,21,17,17,17,17,9,56,47,47,47,47,47,47,47,47,47,32,32,32,32,32,32,32,61,61,61,61,61,61,61,56,56,56,63,63,63,63,63,63,50,26,65,65,65,31,9],"gold":29,"neow_bonus":"REMOVE_TWO","is_prod":false,"is_daily":false,"chose_seed":false,"campfire_upgraded":5,"win_rate":0,"timestamp":1558611336,"path_taken":["M","?","?","?","?","E","R","E","T","E","M","M","R","$","R","BOSS","M","?","?","$","?","E","R","E","T","E","R","E","?","M","R","BOSS","M","$","M","M","?","R","E","?","T","E","M","E","M","M","R","BOSS","BOSS","R","$","E","BOSS"],"build_version":"2019-01-23","purchased_purges":2,"victory":true,"max_hp_per_floor":[71,71,71,71,71,71,71,71,71,71,71,71,71,71,71,71,71,71,71,71,71,71,71,71,71,71,71,71,71,71,71,71,71,71,71,71,71,71,71,71,71,71,71,78,78,78,78,78,78,78,78,78,78,78,78,78],"card_choices":[{"not_picked":["Capacitor","Steam"],"picked":"Cold Snap","floor":1.0},{"not_picked":["Reinforced Body","Force Field","Barrage"],"picked":"SKIP","floor":4.0},{"not_picked":["Leap","Beam Cell"],"picked":"Fusion","floor":6.0},{"not_picked":["Storm","Stack"],"picked":"Redo","floor":8.0},{"not_picked":["Barrage","Gash"],"picked":"Glacier","floor":10.0},{"not_picked":["Electrodynamics","Steam"],"picked":"Coolheaded","floor":11.0},{"not_picked":["Ball Lightning","Static Discharge"],"picked":"Tempest","floor":12.0},{"not_picked":["Seek","Core Surge"],"picked":"Thunder Strike","floor":16.0},{"not_picked":["Storm","Doom and Gloom"],"picked":"Reinforced Body","floor":18.0},{"not_picked":["Cold Snap","Conserve Battery","Ball Lightning"],"picked":"SKIP","floor":22.0},{"not_picked":["Chill","Turbo"],"picked":"All For One","floor":23.0},{"not_picked":["Storm","Compile Driver"],"picked":"Coolheaded+1","floor":25.0},{"not_picked":["Sweeping Beam+1","Darkness","Ball Lightning"],"picked":"SKIP","floor":27.0},{"not_picked":["Rip and Tear","Genetic Algorithm"],"picked":"Blizzard","floor":29.0},{"not_picked":["Rebound","Sweeping Beam+1","Steam Power"],"picked":"SKIP","floor":31.0},{"not_picked":["Machine Learning","Buffer"],"picked":"Multi-Cast","floor":33.0},{"not_picked":["Undo","Ball Lightning","Redo"],"picked":"SKIP","floor":35.0},{"not_picked":["Steam","Redo","Aggregate"],"picked":"SKIP","floor":37.0},{"not_picked":["Rebound","Stack","BootSequence"],"picked":"SKIP","floor":38.0},{"not_picked":["Reprogram","Go for the Eyes+1"],"picked":"Hologram","floor":41.0},{"not_picked":["Tempest","Cold Snap+1","Leap"],"picked":"SKIP","floor":44.0},{"not_picked":["Coolheaded","Compile Driver","Rip and Tear+1"],"picked":"SKIP","floor":45.0},{"not_picked":["Blizzard","Go for the Eyes+1","Sweeping Beam"],"picked":"SKIP","floor":47.0},{"not_picked":["Blizzard","Go for the Eyes+1","Sweeping Beam"],"picked":"SKIP","floor":47.0},{"not_picked":["Blizzard","Go for the Eyes+1","Sweeping Beam"],"picked":"SKIP","floor":47.0},{"not_picked":["Rip and Tear","Stack+1","Coolheaded"],"picked":"SKIP","floor":48.0},{"not_picked":["Heatsinks","Glacier+1"],"picked":"Skim","floor":55}],"player_experience":1750365,"relics_obtained":[{"floor":6.0,"key":"PreservedInsect"},{"floor":8.0,"key":"Happy Flower"},{"floor":9.0,"key":"Ornamental Fan"},{"floor":10.0,"key":"Matryoshka"},{"floor":23.0,"key":"Whetstone"},{"floor":25.0,"key":"Emotion Chip"},{"floor":26.0,"key":"Juzu Bracelet"},{"floor":26.0,"key":"Ice Cream"},{"floor":27.0,"key":"Symbiotic Virus"},{"floor":29.0,"key":"Ginger"},{"floor":41.0,"key":"StoneCalendar"},{"floor":43.0,"key":"Bottled Lightning"},{"floor":44.0,"key":"Strawberry"},{"floor":55,"key":"Bottled Flame"}],"event_choices":[{"damage_healed":0.0,"max_hp_gain":0.0,"max_hp_loss":0.0,"gold_gain":0.0,"event_name":"Scrap Ooze","player_choice":"Success","floor":2.0,"gold_loss":0.0,"damage_taken":18.0,"relics_obtained":["Peace Pipe"]},{"damage_healed":47.0,"max_hp_gain":0.0,"max_hp_loss":0.0,"gold_gain":0.0,"event_name":"Wheel of Change","player_choice":"Full Heal","floor":3.0,"gold_loss":0.0,"damage_taken":0.0},{"damage_healed":0.0,"max_hp_gain":0.0,"max_hp_loss":0.0,"gold_gain":0.0,"cards_transformed":["Strike_B"],"event_name":"Living Wall","player_choice":"Change","floor":5.0,"gold_loss":0.0,"damage_taken":0.0,"cards_obtained":["Meteor Strike"]},{"cards_removed":["Strike_B"],"damage_healed":0.0,"max_hp_gain":0.0,"max_hp_loss":0.0,"gold_gain":0.0,"event_name":"Back to Basics","player_choice":"Elegance","floor":19.0,"gold_loss":0.0,"damage_taken":0.0},{"damage_healed":0.0,"max_hp_gain":0.0,"max_hp_loss":0.0,"gold_gain":0.0,"cards_transformed":["Defend_B","Defend_B"],"event_name":"Drug Dealer","player_choice":"Became Test Subject","floor":20.0,"gold_loss":0.0,"damage_taken":0.0,"cards_obtained":["Echo Form","Reprogram"]},{"damage_healed":0.0,"max_hp_gain":0.0,"max_hp_loss":0.0,"gold_gain":999.0,"event_name":"MindBloom","player_choice":"Gold","floor":39.0,"gold_loss":0.0,"damage_taken":0.0,"cards_obtained":["Normality","Normality"]},{"cards_removed":["Normality"],"damage_healed":0.0,"max_hp_gain":0.0,"max_hp_loss":0.0,"gold_gain":0.0,"event_name":"Fountain of Cleansing","player_choice":"Removed Curses","floor":42.0,"gold_loss":0.0,"damage_taken":0.0}],"is_beta":false,"boss_relics":[{"not_picked":["Ectoplasm","Eternal Feather"],"picked":"Snecko Eye"},{"not_picked":["Orrery","Empty Cage"],"picked":"Runic Pyramid"}],"items_purged_floors":[30,54],"is_endless":false,"potions_floor_spawned":[1,8,10,23,25,27,31,35,37,47,48],"ascension_level":20}