{"gold_per_floor":[111,111,111,121,134,168,168,22,22,22,0,0,33,52,52,156,156,169,169,179,189,209,239,239,259,331,331,246,5,20,30,30,125,125,139,0,55,75,0,0,27,27,51,61,1,1,1,34,34,34],"floor_reached":51,"playtime":4542,"items_purged":["Defend_B"],"score":733,"play_id":"79a1ef8a-1ab1-4fc8-ae27-1d97d68af4e0","local_time":"20190731002740","is_ascension_mode":false,"campfire_choices":[{"data":"Redo","floor":7,"key":"SMITH"},{"data":"Go for the Eyes","floor":15,"key":"SMITH"},{"data":"Dualcast","floor":24,"key":"SMITH"},{"data":"Fusion","floor":32,"key":"SMITH"},{"floor":40,"key":"REST"},{"floor":47,"key":"REST"},{"floor":49,"key":"REST"}],"neow_cost":"NONE","seed_source_timestamp":429867653402300,"circlet_count":0,"master_deck":["Defend_B","Defend_B","Defend_B","Zap","Dualcast+1","Coolheaded","Steam","Self Repair+1","Redo+1","BootSequence","Static Discharge","Go for the Eyes+1","Doom and Gloom","Electrodynamics","Auto Shields+1","Doom and Gloom+1","White Noise+1","Gash","Necronomicurse","Hologram+1","Conserve Battery","Beam Cell+1","Gash+1","The Bomb","Steam","Fusion+1","All For One+1","Cold Snap+1","Discovery","Gash+1","Sunder+1","Meteor Strike","Parasite","Streamline+1","Violence","Lockon+1"],"relics":["Cracked Core","NeowsBlessing","Blue Candle","Gremlin Horn","Ornamental Fan","Bottled Lightning","Astrolabe","Necronomicon","Ancient Tea Set","Matryoshka","Orichalcum","Shuriken","Inserter","Ice Cream","Red Mask","Kunai","Art of War","The Courier","Bag of Preparation","Whetstone","Mango"],"potions_floor_usage":[11,13,13,13,13,13,13,18,25,30,31,33,37,41,48,50],"damage_taken":[{"damage":0,"enemies":"Small Slimes","floor":1,"turns":1},{"damage":0,"enemies":"Jaw Worm","floor":4,"turns":1},{"damage":0,"enemies":"Cultist","floor":5,"turns":1},{"damage":23,"enemies":"3 Sentries","floor":6,"turns":10},{"damage":0,"enemies":"Looter","floor":11,"turns":4},{"damage":30,"enemies":"Gremlin Nob","floor":13,"turns":5},{"damage":0,"enemies":"2 Fungi Beasts","floor":14,"turns":3},{"damage":50,"enemies":"The Guardian","floor":16,"turns":10},{"damage":5,"enemies":"2 Thieves","floor":18,"turns":3},{"damage":14,"enemies":"Shell Parasite","floor":20,"turns":4},{"damage":5,"enemies":"Snecko","floor":21,"turns":8},{"damage":0,"enemies":"Centurion and Healer","floor":22,"turns":4},{"damage":0,"enemies":"Gremlin Leader","floor":23,"turns":4},{"damage":7,"enemies":"Snake Plant","floor":25,"turns":4},{"damage":10,"enemies":"Shelled Parasite and Fungi","floor":30,"turns":4},{"damage":12,"enemies":"Snecko","floor":31,"turns":5},{"damage":27,"enemies":"Champ","floor":33,"turns":12},{"damage":18,"enemies":"3 Darklings","floor":35,"turns":3},{"damage":48,"enemies":"2 Orb Walkers","floor":37,"turns":5},{"damage":20,"enemies":"3 Shapes","floor":38,"turns":5},{"damage":5,"enemies":"Nemesis","floor":41,"turns":5},{"damage":15,"enemies":"Writhing Mass","floor":44,"turns":6},{"damage":77,"enemies":"Reptomancer","floor":48,"turns":5},{"damage":53,"enemies":"Awakened One","floor":50,"turns":8}],"seed_played":"6636662177714989156","potions_obtained":[{"floor":6,"key":"EntropicBrew"},{"floor":16,"key":"Explosive Potion"},{"floor":20,"key":"FearPotion"},{"floor":21,"key":"FairyPotion"},{"floor":22,"key":"Explosive Potion"},{"floor":31,"key":"Dexterity Potion"},{"floor":35,"key":"Explosive Potion"},{"floor":44,"key":"LiquidBronze"},{"floor":48,"key":"Regen Potion"}],"is_trial":false,"path_per_floor":["M","?","?","M","M","E","R","$","T","?","M","?","E","M","R","B",null,"M","?","M","M","M","E","R","M","T","?","?","$","M","M","R","B",null,"M","$","?","M","?","R","E","T","T","M","$","?","R","E","R","B",null],"character_chosen":"DEFECT","items_purchased":["BootSequence","Static Discharge","The Bomb","PowerPotion","Discovery","SpeedPotion"],"campfire_rested":3,"item_purchase_floors":[8,8,29,29,36,36],"current_hp_per_floor":[75,75,72,72,72,56,56,56,56,56,63,63,43,53,53,13,75,70,54,50,55,65,75,75,75,75,75,75,75,75,73,73,56,75,67,67,29,9,9,31,36,36,36,31,31,31,53,31,57,29],"gold":34,"neow_bonus":"THREE_ENEMY_KILL","is_prod":false,"is_daily":false,"chose_seed":false,"campfire_upgraded":4,"win_rate":0,"timestamp":1564550860,"path_taken":["M","?","?","M","M","E","R","$","T","?","?","?","E","M","R","BOSS","M","?","M","M","M","E","R","M","T","?","?","$","M","M","R","BOSS","M","$","?","M","?","R","E","?","T","?","$","?","R","E","R","BOSS"],"build_version":"2019-07-17","purchased_purges":1,"victory":true,"max_hp_per_floor":[75,75,75,75,75,75,75,75,75,75,75,75,75,75,75,75,75,75,75,75,75,75,75,75,75,75,75,75,75,75,75,75,75,75,75,75,75,75,75,75,75,75,75,75,75,75,75,89,89,89],"card_choices":[{"not_picked":["Hologram","Barrage"],"picked":"Coolheaded","floor":1},{"not_picked":["Coolheaded","Fusion"],"picked":"Steam","floor":4},{"not_picked":["Hologram","Consume"],"picked":"Self Repair","floor":5},{"not_picked":["Blizzard","Defragment"],"picked":"Redo","floor":6},{"not_picked":["Loop","Melter"],"picked":"Go for the Eyes","floor":11},{"not_picked":["Barrage","Thunder Strike"],"picked":"Doom and Gloom","floor":13},{"not_picked":["Turbo","Force Field","Consume"],"picked":"SKIP","floor":14},{"not_picked":["Fission","Thunder Strike"],"picked":"Electrodynamics","floor":16},{"not_picked":["Hologram","Steam Power"],"picked":"Gash","floor":18},{"not_picked":["Coolheaded","Beam Cell"],"picked":"Hologram+1","floor":20},{"not_picked":["Lockon","Skim"],"picked":"Conserve Battery","floor":21},{"not_picked":["Heatsinks","Hologram","Force Field"],"picked":"SKIP","floor":22},{"not_picked":["Redo","Cold Snap"],"picked":"Beam Cell","floor":23},{"not_picked":["Beam Cell","Sweeping Beam+1"],"picked":"Gash+1","floor":25},{"not_picked":["Rip and Tear","Skim+1"],"picked":"Steam","floor":30},{"not_picked":["Tempest","BootSequence"],"picked":"Fusion","floor":31},{"not_picked":["Machine Learning","Seek"],"picked":"All For One","floor":33},{"not_picked":["Defragment+1","Double Energy"],"picked":"Cold Snap+1","floor":35},{"not_picked":["Leap","Chill+1"],"picked":"Gash+1","floor":37},{"not_picked":["Gash","Ball Lightning+1"],"picked":"Sunder+1","floor":38},{"not_picked":["Sweeping Beam+1","Storm"],"picked":"Meteor Strike","floor":41},{"not_picked":["Coolheaded","Force Field+1"],"picked":"Streamline+1","floor":44},{"not_picked":["Mind Blast","Flash of Steel"],"picked":"Violence","floor":46},{"not_picked":["Redo","Chaos"],"picked":"Lockon+1","floor":48}],"player_experience":199141,"relics_obtained":[{"floor":6,"key":"Gremlin Horn"},{"floor":9,"key":"Ornamental Fan"},{"floor":13,"key":"Bottled Lightning"},{"floor":19,"key":"Necronomicon"},{"floor":23,"key":"Ancient Tea Set"},{"floor":26,"key":"Matryoshka"},{"floor":37,"key":"Ice Cream"},{"floor":41,"key":"Kunai"},{"floor":42,"key":"Art of War"},{"floor":42,"key":"The Courier"},{"floor":43,"key":"Bag of Preparation"},{"floor":43,"key":"Whetstone"},{"floor":48,"key":"Mango"}],"event_choices":[{"damage_healed":0,"gold_gain":0,"player_choice":"Ignored","damage_taken":0,"max_hp_gain":0,"max_hp_loss":0,"event_name":"Shining Light","floor":2,"gold_loss":0},{"damage_healed":0,"gold_gain":0,"player_choice":"Success","damage_taken":3,"relics_obtained":["Blue Candle"],"max_hp_gain":0,"max_hp_loss":0,"event_name":"Scrap Ooze","floor":3,"gold_loss":0},{"cards_removed":["Strike_B"],"damage_healed":0,"gold_gain":0,"player_choice":"Offered Basic","damage_taken":0,"max_hp_gain":0,"max_hp_loss":0,"event_name":"Bonfire Elementals","floor":10,"gold_loss":0},{"damage_healed":0,"gold_gain":0,"player_choice":"Grow","damage_taken":0,"max_hp_gain":0,"max_hp_loss":0,"event_name":"Living Wall","floor":12,"gold_loss":0,"cards_upgraded":["Self Repair"]},{"damage_healed":0,"gold_gain":0,"player_choice":"Obtained Book","damage_taken":16,"max_hp_gain":0,"max_hp_loss":0,"event_name":"Cursed Tome","floor":19,"gold_loss":0},{"damage_healed":0,"gold_gain":0,"player_choice":"Opened","damage_taken":0,"relics_obtained":["Orichalcum"],"max_hp_gain":0,"max_hp_loss":0,"event_name":"The Mausoleum","floor":27,"gold_loss":0},{"damage_healed":0,"gold_gain":0,"player_choice":"Obtained Relic","damage_taken":0,"relics_obtained":["Shuriken"],"max_hp_gain":0,"max_hp_loss":0,"event_name":"Addict","floor":28,"gold_loss":85},{"damage_healed":0,"gold_gain":0,"player_choice":"Fight","damage_taken":0,"max_hp_gain":0,"max_hp_loss":0,"event_name":"Mysterious Sphere","floor":37,"gold_loss":0},{"damage_healed":0,"gold_gain":0,"player_choice":"Paid","damage_taken":0,"relics_obtained":["Red Mask"],"max_hp_gain":0,"max_hp_loss":0,"event_name":"Tomb of Lord Red Mask","floor":39,"gold_loss":75},{"damage_healed":0,"gold_gain":0,"player_choice":"Memory 1","damage_taken":0,"max_hp_gain":0,"max_hp_loss":0,"event_name":"SensoryStone","floor":46,"gold_loss":0}],"is_beta":false,"boss_relics":[{"not_picked":["Velvet Choker","Busted Crown"],"picked":"Astrolabe"},{"not_picked":["Snecko Eye","Eternal Feather"],"picked":"Inserter"}],"items_purged_floors":[45],"is_endless":false,"potions_floor_spawned":[6,16,20,21,22,31,35,44,48],"ascension_level":0}