{"gold_per_floor":[115,134,134,47,65,65,94,94,94,94,105,105,105,155,155,229,229,229,8,8,0,0,0,0,0,0,0,0,0,0,0,0,0,0,0,0,0,0,0,0,0],"floor_reached":41,"playtime":1915,"items_purged":[],"score":830,"play_id":"0bbf51ab-af56-4dbc-b7ee-9f167adbc495","local_time":"20181028225134","is_ascension_mode":true,"campfire_choices":[{"data":"Whirlwind","floor":6.0,"key":"SMITH"},{"data":"True Grit","floor":10.0,"key":"SMITH"},{"data":"Bash","floor":12.0,"key":"SMITH"},{"data":"Clothesline","floor":15.0,"key":"SMITH"},{"data":"Apotheosis","floor":23.0,"key":"SMITH"},{"floor":27.0,"key":"REST"},{"data":"Pommel Strike","floor":30.0,"key":"SMITH"},{"floor":32.0,"key":"REST"},{"floor":40,"key":"REST"}],"neow_cost":"NONE","seed_source_timestamp":17019891589775,"circlet_count":0,"master_deck":["Strike_R","Defend_R","Defend_R","Defend_R","Defend_R","Bash+1","AscendersBane","True Grit+1","Whirlwind+1","Clothesline+1","Impervious","Twin Strike","Exhume","Havoc","Apotheosis+1","Pommel Strike+1","Limit Break","Iron Wave","Battle Trance+1","Ghostly Armor","Headbutt+1","Shrug It Off","Immolate","Double Tap","Ghostly Armor+1","Limit Break+1","Impervious+1","Pommel Strike+1","Warcry","Heavy Blade"],"special_seed":0,"relics":["Burning Blood","Regal Pillow","Nunchaku","Shuriken","SsserpentHead","Red Skull","Ectoplasm","WingedGreaves","Magic Flower","Astrolabe"],"potions_floor_usage":[],"damage_taken":[{"damage":11.0,"enemies":"2 Louse","floor":1.0,"turns":4.0},{"damage":8.0,"enemies":"Small Slimes","floor":2.0,"turns":5.0},{"damage":7.0,"enemies":"Jaw Worm","floor":5.0,"turns":5.0},{"damage":28.0,"enemies":"Lagavulin","floor":7.0,"turns":6.0},{"damage":8.0,"enemies":"Exordium Thugs","floor":11.0,"turns":3.0},{"damage":41.0,"enemies":"Hexaghost","floor":16.0,"turns":8.0},{"damage":25.0,"enemies":"Chosen","floor":18.0,"turns":4.0},{"damage":13.0,"enemies":"2 Thieves","floor":21.0,"turns":4.0},{"damage":12.0,"enemies":"Snake Plant","floor":22.0,"turns":4.0},{"damage":0.0,"enemies":"3 Cultists","floor":24.0,"turns":3.0},{"damage":20.0,"enemies":"Shelled Parasite and Fungi","floor":25.0,"turns":4.0},{"damage":17.0,"enemies":"Snake Plant","floor":28.0,"turns":5.0},{"damage":2.0,"enemies":"3 Cultists","floor":29.0,"turns":3.0},{"damage":47.0,"enemies":"Slavers","floor":31.0,"turns":7.0},{"damage":16.0,"enemies":"Automaton","floor":33.0,"turns":10.0},{"damage":5.0,"enemies":"Orb Walker","floor":35.0,"turns":7.0},{"damage":19.0,"enemies":"3 Darklings","floor":36.0,"turns":5.0},{"damage":43.0,"enemies":"Sphere and 2 Shapes","floor":37.0,"turns":14.0},{"damage":22,"enemies":"Writhing Mass","floor":39,"turns":7},{"damage":62,"enemies":"Spire Growth","floor":41,"turns":3}],"seed_played":"-1495070924731702150","potions_obtained":[{"floor":7.0,"key":"Explosive Potion"},{"floor":11.0,"key":"BloodPotion"},{"floor":21.0,"key":"PowerPotion"},{"floor":28.0,"key":"Explosive Potion"},{"floor":29.0,"key":"BloodPotion"},{"floor":33.0,"key":"LiquidBronze"},{"floor":35.0,"key":"Explosive Potion"}],"is_trial":false,"path_per_floor":["M","M","?","$","M","R","E","?","T","R","M","R","?","?","R","B",null,"M","$","?","M","M","R","M","M","T","R","M","M","R","E","R","B",null,"M","M","M","?","M","R"],"character_chosen":"IRONCLAD","items_purchased":["Whirlwind","Apotheosis","Pommel Strike"],"campfire_rested":3,"item_purchase_floors":[4,19,19],"current_hp_per_floor":[63,61,66,66,65,65,43,43,43,43,41,41,41,41,41,14,64,45,45,45,38,32,32,38,24,24,63,52,56,56,23,62,55,74,78,68,34,34,21,60,0],"gold":0,"neow_bonus":"RANDOM_COMMON_RELIC","is_prod":false,"is_daily":false,"chose_seed":false,"campfire_upgraded":6,"win_rate":0,"timestamp":1540781494,"path_taken":["M","M","?","$","M","R","E","?","T","R","M","R","?","?","R","BOSS","M","$","?","M","M","R","M","M","T","R","M","M","R","E","R","BOSS","M","M","M","?","M","R","M"],"build_version":"2018-10-25v2","purchased_purges":0,"victory":false,"max_hp_per_floor":[75,75,80,80,80,80,80,80,80,80,80,80,80,80,80,80,80,80,80,80,80,80,80,80,80,80,80,80,80,80,80,80,80,80,80,80,80,80,80,80,80],"card_choices":[{"not_picked":["Twin Strike","True Grit"],"picked":"Inflame","floor":1.0},{"not_picked":["Havoc","Armaments"],"picked":"True Grit","floor":2.0},{"not_picked":["Intimidate","Infernal Blade"],"picked":"Clothesline","floor":5.0},{"not_picked":["Pummel","Pommel Strike"],"picked":"Impervious","floor":7.0},{"not_picked":["Cleave","Intimidate"],"picked":"Twin Strike","floor":11.0},{"not_picked":["Double Tap","Immolate"],"picked":"Exhume","floor":16.0},{"not_picked":["Armaments","Wild Strike"],"picked":"Havoc","floor":18.0},{"not_picked":["Headbutt","Sever Soul"],"picked":"Iron Wave","floor":21.0},{"not_picked":["Twin Strike","Inflame"],"picked":"Battle Trance+1","floor":22.0},{"not_picked":["Body Slam","Combust","Flex"],"picked":"SKIP","floor":24.0},{"not_picked":["Dual Wield","Clothesline"],"picked":"Ghostly Armor","floor":25.0},{"not_picked":["Warcry","Heavy Blade+1"],"picked":"Headbutt+1","floor":28.0},{"not_picked":["Uppercut","Pommel Strike"],"picked":"Shrug It Off","floor":29.0},{"not_picked":["Twin Strike","Disarm"],"picked":"Immolate","floor":31.0},{"not_picked":["Brutality","Exhume"],"picked":"Double Tap","floor":33.0},{"not_picked":["Iron Wave","Sever Soul"],"picked":"Pommel Strike","floor":35.0},{"not_picked":["Body Slam","Wild Strike"],"picked":"Warcry","floor":36.0},{"not_picked":["Wild Strike","Flex","Twin Strike"],"picked":"SKIP","floor":37.0},{"not_picked":["Iron Wave","Heavy Blade","Flex"],"picked":"SKIP","floor":39},{"not_picked":["Iron Wave","Flex"],"picked":"Heavy Blade","floor":39}],"player_experience":1004697,"relics_obtained":[{"floor":7.0,"key":"Nunchaku"},{"floor":9.0,"key":"Shuriken"},{"floor":26.0,"key":"WingedGreaves"},{"floor":31.0,"key":"Magic Flower"}],"event_choices":[{"damage_healed":0.0,"max_hp_gain":5.0,"max_hp_loss":0.0,"gold_gain":0.0,"event_name":"Big Fish","player_choice":"Donut","floor":3.0,"gold_loss":0.0,"damage_taken":0.0},{"cards_removed":["Strike_R"],"damage_healed":0.0,"max_hp_gain":0.0,"max_hp_loss":0.0,"gold_gain":0.0,"event_name":"Living Wall","player_choice":"Forget","floor":8.0,"gold_loss":0.0,"damage_taken":0.0},{"damage_healed":0.0,"max_hp_gain":0.0,"max_hp_loss":0.0,"gold_gain":0.0,"event_name":"FaceTrader","player_choice":"Trade","floor":13.0,"gold_loss":0.0,"damage_taken":0.0,"relics_obtained":["SsserpentHead"]},{"cards_removed":["Inflame"],"damage_healed":0.0,"max_hp_gain":0.0,"max_hp_loss":0.0,"gold_gain":0.0,"event_name":"WeMeetAgain","player_choice":"Gave Card","floor":14.0,"gold_loss":0.0,"damage_taken":0.0,"relics_obtained":["Red Skull"]},{"damage_healed":0.0,"max_hp_gain":0.0,"max_hp_loss":0.0,"gold_gain":0.0,"event_name":"The Library","player_choice":"Read","floor":20.0,"gold_loss":0.0,"damage_taken":0.0,"cards_obtained":["Limit Break"]},{"damage_healed":0.0,"max_hp_gain":0.0,"max_hp_loss":0.0,"gold_gain":0.0,"event_name":"Upgrade Shrine","player_choice":"Upgraded","floor":38.0,"gold_loss":0.0,"damage_taken":0.0,"cards_upgraded":["Pommel Strike"]}],"is_beta":false,"boss_relics":[{"not_picked":["Orrery","Snecko Eye"],"picked":"Ectoplasm"},{"not_picked":["Empty Cage","White Beast Statue"],"picked":"Astrolabe"}],"items_purged_floors":[],"is_endless":false,"potions_floor_spawned":[7,11,21,28,29,33,35],"killed_by":"Spire Growth","ascension_level":20}