{"gold_per_floor":[113,188,138,150,130,130,163,163,163,163,191,191,191,208,208,305,305,275,290,290],"floor_reached":20,"playtime":1596,"items_purged":[],"score":180,"play_id":"0311df56-84e1-48a4-bc32-e4b9fc0316ec","local_time":"20190802103804","is_ascension_mode":false,"campfire_choices":[{"data":"Rampage","floor":6,"key":"SMITH"},{"data":"Armaments","floor":8,"key":"SMITH"},{"data":"Combust","floor":10,"key":"SMITH"},{"floor":15,"key":"REST"}],"neow_cost":"NONE","seed_source_timestamp":34428179536671,"circlet_count":0,"master_deck":["Strike_R","Strike_R","Strike_R","Strike_R","Defend_R","Defend_R","Defend_R","Defend_R","Rampage+1","Combust+1","Armaments+1","Sword Boomerang","Sword Boomerang","Bludgeon","Fire Breathing+1","Battle Trance+1"],"relics":["Burning Blood","Bag of Preparation","Juzu Bracelet","Shuriken","Black Star"],"potions_floor_usage":[7],"damage_taken":[{"damage":2,"enemies":"2 Louse","floor":1,"turns":4},{"damage":5,"enemies":"Jaw Worm","floor":4,"turns":4},{"damage":32,"enemies":"Gremlin Nob","floor":7,"turns":5},{"damage":17,"enemies":"3 Sentries","floor":11,"turns":5},{"damage":0,"enemies":"Cultist","floor":14,"turns":3},{"damage":46,"enemies":"Hexaghost","floor":16,"turns":9},{"damage":31,"enemies":"2 Thieves","floor":18,"turns":5},{"damage":9,"enemies":"Chosen","floor":19,"turns":6},{"damage":56,"enemies":"Masked Bandits","floor":20,"turns":5}],"seed_played":"4059456124189219195","potions_obtained":[{"floor":1,"key":"Strength Potion"},{"floor":4,"key":"Ancient Potion"},{"floor":5,"key":"PowerPotion"},{"floor":13,"key":"Strength Potion"},{"floor":18,"key":"GamblersBrew"},{"floor":19,"key":"Explosive Potion"}],"is_trial":false,"path_per_floor":["M","?","?","M","?","R","E","R","T","R","E","?","?","M","R","B",null,"M","M","?"],"character_chosen":"IRONCLAD","items_purchased":[],"campfire_rested":1,"item_purchase_floors":[],"current_hp_per_floor":[80,69,69,70,70,70,44,44,44,44,33,33,33,39,63,23,80,55,52,0],"gold":290,"neow_bonus":"REMOVE_CARD","is_prod":false,"is_daily":false,"chose_seed":false,"campfire_upgraded":3,"win_rate":0.0,"timestamp":1564735084,"path_taken":["M","?","?","?","?","R","E","R","T","R","E","?","?","M","R","BOSS","M","M","?"],"build_version":"2019-07-17","purchased_purges":0,"victory":false,"max_hp_per_floor":[80,80,80,80,80,80,80,80,80,80,80,80,80,80,80,80,80,80,80,80],"card_choices":[{"not_picked":["Battle Trance","Perfected Strike"],"picked":"Rampage","floor":1},{"not_picked":["True Grit","Sword Boomerang"],"picked":"Combust","floor":4},{"not_picked":["Flex","Dark Embrace"],"picked":"Armaments","floor":7},{"not_picked":["Perfected Strike","Clothesline"],"picked":"Sword Boomerang","floor":11},{"not_picked":["Fire Breathing","Perfected Strike"],"picked":"Sword Boomerang","floor":14},{"not_picked":["Berserk","Juggernaut"],"picked":"Bludgeon","floor":16},{"not_picked":["Flex","Shrug It Off"],"picked":"Fire Breathing+1","floor":18},{"not_picked":["Thunderclap","Clothesline"],"picked":"Battle Trance+1","floor":19}],"player_experience":4636,"relics_obtained":[{"floor":7,"key":"Bag of Preparation"},{"floor":9,"key":"Juzu Bracelet"},{"floor":11,"key":"Shuriken"}],"event_choices":[{"damage_healed":0,"gold_gain":75,"player_choice":"Gather Gold","damage_taken":11,"max_hp_gain":0,"max_hp_loss":0,"event_name":"World of Goop","floor":2,"gold_loss":0},{"cards_removed":["Strike_R"],"damage_healed":0,"gold_gain":0,"player_choice":"Card Removal","damage_taken":0,"max_hp_gain":0,"max_hp_loss":0,"event_name":"The Cleric","floor":3,"gold_loss":50},{"damage_healed":0,"gold_gain":0,"player_choice":"Bought 1 Potion","damage_taken":0,"max_hp_gain":0,"max_hp_loss":0,"event_name":"The Woman in Blue","floor":5,"gold_loss":0},{"damage_healed":0,"gold_gain":0,"player_choice":"Ignored","damage_taken":0,"max_hp_gain":0,"max_hp_loss":0,"event_name":"Liars Game","floor":12,"gold_loss":0},{"damage_healed":0,"gold_gain":0,"player_choice":"Got Potions","damage_taken":0,"max_hp_gain":0,"max_hp_loss":0,"event_name":"Lab","floor":13,"gold_loss":0},{"damage_healed":0,"gold_gain":0,"player_choice":"Fought Bandits","damage_taken":0,"max_hp_gain":0,"max_hp_loss":0,"event_name":"Masked Bandits","floor":20,"gold_loss":0}],"is_beta":false,"boss_relics":[{"not_picked":["Ectoplasm","Snecko Eye"],"picked":"Black Star"}],"items_purged_floors":[],"is_endless":false,"potions_floor_spawned":[1,4,18,19],"killed_by":"Masked Bandits","ascension_level":0}