{"gold_per_floor":[109,109,119,130,9,9,9,9,87,102,120,52,72,347,347,450,450,469,243,243],"floor_reached":20,"playtime":671,"items_purged":["Regret"],"score":197,"play_id":"4d3edd30-0c77-46c9-b8b5-2034a93d57e4","local_time":"20190515102616","is_ascension_mode":true,"campfire_choices":[{"data":"Infinite Blades","floor":6,"key":"SMITH"},{"data":"Blade Dance","floor":8,"key":"SMITH"},{"floor":15,"key":"REST"}],"neow_cost":"TEN_PERCENT_HP_LOSS","seed_source_timestamp":982842674570,"circlet_count":0,"master_deck":["Defend_G","Defend_G","Defend_G","Defend_G","Strike_G","Strike_G","Strike_G","Strike_G","Strike_G","Survivor","Neutralize","Distraction","Infinite Blades+1","Blade Dance+1","Infinite Blades+1","Footwork","Tools of the Trade","Cloak And Dagger+1"],"relics":["Ring of the Snake","The Specimen","Paper Crane","Black Star","Anchor"],"potions_floor_usage":[16,16,16],"damage_taken":[{"damage":3,"enemies":"2 Louse","floor":1,"turns":4},{"damage":0,"enemies":"Small Slimes","floor":3,"turns":3},{"damage":6,"enemies":"Cultist","floor":4,"turns":5},{"damage":9,"enemies":"3 Louse","floor":10,"turns":3},{"damage":0,"enemies":"Red Slaver","floor":11,"turns":3},{"damage":9,"enemies":"Large Slime","floor":13,"turns":6},{"damage":9,"enemies":"Slime Boss","floor":16,"turns":6},{"damage":43,"enemies":"Chosen","floor":18,"turns":7},{"damage":21,"enemies":"Colosseum Slavers","floor":20,"turns":3}],"seed_played":"7090223601835215896","potions_obtained":[{"floor":1,"key":"Fire Potion"},{"floor":10,"key":"Strength Potion"},{"floor":11,"key":"Regen Potion"},{"floor":16,"key":"SteroidPotion"},{"floor":18,"key":"Explosive Potion"}],"is_trial":false,"path_per_floor":["M","?","M","M","$","R","?","R","T","M","M","$","M","?","R","B",null,"M","$","?"],"character_chosen":"THE_SILENT","items_purchased":["Blade Dance","Infinite Blades","Footwork","Anchor"],"campfire_rested":1,"item_purchase_floors":[5,5,12,19],"current_hp_per_floor":[60,53,53,47,47,47,47,47,47,38,38,38,29,29,47,53,63,20,20,0],"gold":243,"neow_bonus":"ONE_RARE_RELIC","is_prod":false,"is_daily":false,"chose_seed":false,"campfire_upgraded":2,"win_rate":0,"timestamp":1557930376,"path_taken":["M","?","M","M","$","R","?","R","T","M","M","$","?","?","R","BOSS","M","$","?"],"build_version":"2019-01-23","purchased_purges":1,"victory":false,"max_hp_per_floor":[63,63,63,63,63,63,63,63,63,63,63,63,63,63,63,63,63,63,63,63],"card_choices":[{"not_picked":["Dash","Dagger Spray","Leg Sweep"],"picked":"SKIP","floor":1},{"not_picked":["Acrobatics","Masterful Stab"],"picked":"Distraction","floor":3},{"not_picked":["Backflip","Calculated Gamble"],"picked":"Infinite Blades","floor":4},{"not_picked":["Flying Knee","Deadly Poison","Dagger Throw"],"picked":"SKIP","floor":10},{"not_picked":["Underhanded Strike","Sucker Punch","Quick Slash"],"picked":"SKIP","floor":11},{"not_picked":["Crippling Poison","Deadly Poison","Acrobatics"],"picked":"SKIP","floor":13},{"not_picked":["Night Terror","Storm of Steel"],"picked":"Tools of the Trade","floor":16},{"not_picked":["Underhanded Strike+1","Dagger Spray"],"picked":"Cloak And Dagger+1","floor":18}],"player_experience":993018,"relics_obtained":[{"floor":9,"key":"Paper Crane"}],"event_choices":[{"cards_removed":["Defend_G"],"damage_healed":0,"gold_gain":0,"player_choice":"Card Removal","damage_taken":7,"max_hp_gain":0,"max_hp_loss":0,"event_name":"Golden Wing","floor":2,"gold_loss":0},{"damage_healed":0,"gold_gain":0,"player_choice":"Forge","damage_taken":0,"max_hp_gain":0,"max_hp_loss":0,"event_name":"Accursed Blacksmith","floor":7,"gold_loss":0,"cards_upgraded":["Infinite Blades"]},{"damage_healed":0,"gold_gain":275,"player_choice":"Desecrate","damage_taken":0,"max_hp_gain":0,"max_hp_loss":0,"event_name":"Golden Shrine","floor":14,"gold_loss":0,"cards_obtained":["Regret"]},{"damage_healed":0,"gold_gain":0,"player_choice":"Fight","damage_taken":0,"max_hp_gain":0,"max_hp_loss":0,"event_name":"Colosseum","floor":20,"gold_loss":0}],"is_beta":false,"boss_relics":[{"not_picked":["Tiny House","Runic Pyramid"],"picked":"Black Star"}],"items_purged_floors":[19],"is_endless":false,"potions_floor_spawned":[1,10,11,16,18],"killed_by":"Colosseum Slavers","ascension_level":4}