{"gold_per_floor":[212,59,59,59,83,83,96,96,120,164,81,105,439,439,439,538,538,554,574,574,178,53,91,103,39,39,60,84,104,129,152,152,246,246,261,324,324,174,188,188,219,237,305,319,344,344,360,142,142,142,142,142,142,58,91,91],"floor_reached":57,"playtime":3973,"items_purged":["Strike_G","Strike_G","Strike_G","Skewer"],"score":3053,"play_id":"92d1c00c-650b-4926-aa40-cced51de8c22","local_time":"20190618100528","is_ascension_mode":true,"campfire_choices":[{"data":"Noxious Fumes","floor":6.0,"key":"SMITH"},{"data":"Neutralize","floor":8.0,"key":"SMITH"},{"data":"Well Laid Plans","floor":15.0,"key":"SMITH"},{"data":"Apotheosis","floor":24.0,"key":"SMITH"},{"data":"Footwork","floor":32.0,"key":"SMITH"},{"data":"Envenom","floor":40,"key":"SMITH"},{"data":"Concentrate","floor":46,"key":"SMITH"},{"floor":49,"key":"RECALL"},{"data":"Adrenaline","floor":53,"key":"SMITH"}],"neow_cost":"NONE","seed_source_timestamp":1359313037196132,"circlet_count":0,"master_deck":["AscendersBane","Survivor","Neutralize+1","Backflip","Noxious Fumes+1","Deadly Poison+1","Well Laid Plans+1","Calculated Gamble","Ghostly","Ghostly","Ghostly","Apotheosis+1","Well Laid Plans","Catalyst","Footwork+1","PiercingWail","Well Laid Plans","Acrobatics","Adrenaline+1","Envenom+1","Heel Hook","Tools of the Trade","Acrobatics","Endless Agony","Escape Plan","Adrenaline","Concentrate+1","Catalyst"],"special_seed":0,"relics":["Ring of the Snake","Golden Idol","Boot","Old Coin","White Beast Statue","MawBank","Dream Catcher","Pandora\u0027s Box","Prayer Wheel","Art of War","Paper Crane","TheAbacus","Centennial Puzzle"],"potions_floor_usage":[45,51,55,56,56],"damage_taken":[{"damage":0.0,"enemies":"Jaw Worm","floor":1.0,"turns":8.0},{"damage":0.0,"enemies":"2 Louse","floor":5.0,"turns":4.0},{"damage":0.0,"enemies":"Cultist","floor":7.0,"turns":4.0},{"damage":22.0,"enemies":"3 Sentries","floor":10.0,"turns":7.0},{"damage":8.0,"enemies":"Exordium Thugs","floor":12.0,"turns":6.0},{"damage":9.0,"enemies":"Lagavulin","floor":13.0,"turns":9.0},{"damage":0.0,"enemies":"Hexaghost","floor":16.0,"turns":8.0},{"damage":9.0,"enemies":"3 Byrds","floor":18.0,"turns":5.0},{"damage":14.0,"enemies":"Chosen","floor":19.0,"turns":6.0},{"damage":4.0,"enemies":"Gremlin Leader","floor":23.0,"turns":8.0},{"damage":3.0,"enemies":"Snake Plant","floor":27.0,"turns":5.0},{"damage":1.0,"enemies":"Centurion and Healer","floor":28.0,"turns":8.0},{"damage":8.0,"enemies":"Chosen and Byrds","floor":29.0,"turns":9.0},{"damage":0.0,"enemies":"Snecko","floor":30.0,"turns":7.0},{"damage":1.0,"enemies":"Shelled Parasite and Fungi","floor":31.0,"turns":7.0},{"damage":10.0,"enemies":"Collector","floor":33.0,"turns":10.0},{"damage":3.0,"enemies":"Orb Walker","floor":35.0,"turns":4.0},{"damage":0.0,"enemies":"2 Orb Walkers","floor":36.0,"turns":6.0},{"damage":6,"enemies":"3 Darklings","floor":39,"turns":6},{"damage":4,"enemies":"Reptomancer","floor":41,"turns":5},{"damage":0,"enemies":"Maw","floor":42,"turns":7},{"damage":3,"enemies":"4 Shapes","floor":44,"turns":6},{"damage":0,"enemies":"Jaw Worm Horde","floor":45,"turns":6},{"damage":0,"enemies":"Transient","floor":47,"turns":6},{"damage":0,"enemies":"Time Eater","floor":50,"turns":9},{"damage":0,"enemies":"Awakened One","floor":51,"turns":11},{"damage":1,"enemies":"Shield and Spear","floor":55,"turns":7},{"damage":11,"enemies":"The Heart","floor":56,"turns":8}],"seed_played":"5132114075596167686","potions_obtained":[{"floor":5.0,"key":"Regen Potion"},{"floor":10.0,"key":"SteroidPotion"},{"floor":16.0,"key":"AttackPotion"},{"floor":19.0,"key":"PowerPotion"},{"floor":23.0,"key":"Strength Potion"},{"floor":27.0,"key":"SkillPotion"},{"floor":28.0,"key":"Energy Potion"},{"floor":29.0,"key":"Block Potion"},{"floor":30.0,"key":"Poison Potion"},{"floor":35.0,"key":"EssenceOfSteel"},{"floor":36.0,"key":"Fire Potion"},{"floor":39,"key":"EssenceOfSteel"},{"floor":42,"key":"SkillPotion"},{"floor":45,"key":"GhostInAJar"},{"floor":55,"key":"Energy Potion"}],"is_trial":false,"path_per_floor":["M","$","?","?","M","R","M","R","T","E","$","M","E","?","R","B",null,"M","M","?","$","$","E","R","$","T","M","M","M","M","M","R","B",null,"M","?","?","$","M","R","E","M","T","M","M","R","M","$","R","B","B",null,"R","$","E","B",null],"character_chosen":"THE_SILENT","items_purchased":["Noxious Fumes","Well Laid Plans","Apotheosis","Well Laid Plans","Footwork","TheAbacus","Ancient Potion"],"campfire_rested":0,"item_purchase_floors":[2,11,21,21,25,48,54],"current_hp_per_floor":[59,59,52,52,52,52,52,52,52,30,30,22,13,13,13,13,48,39,40,30,30,30,26,26,26,26,23,22,14,14,13,13,3,23,20,20,20,20,14,14,10,10,10,7,7,7,7,7,7,7,7,23,23,23,22,11],"gold":91,"neow_bonus":"HUNDRED_GOLD","is_prod":false,"is_daily":false,"chose_seed":false,"campfire_upgraded":8,"win_rate":0,"timestamp":1560823528,"path_taken":["M","$","?","?","M","R","M","R","T","E","$","M","E","?","R","BOSS","M","M","?","?","$","E","R","?","T","M","M","?","M","?","R","BOSS","M","?","?","$","M","R","E","M","T","M","?","R","?","$","R","BOSS","BOSS","R","$","E","BOSS"],"build_version":"2019-01-23","purchased_purges":4,"victory":true,"max_hp_per_floor":[66,66,66,60,60,60,60,60,60,60,60,60,60,60,60,60,60,60,60,30,30,30,30,30,30,30,30,30,30,30,30,30,30,30,30,30,28,28,28,28,28,28,28,28,28,28,28,28,28,28,28,28,28,28,28,28],"card_choices":[{"not_picked":["Dagger Spray","Accuracy"],"picked":"Backflip","floor":1.0},{"not_picked":["Expertise","Flying Knee","Dagger Spray"],"picked":"SKIP","floor":5.0},{"not_picked":["Backflip","Blade Dance"],"picked":"Deadly Poison","floor":7.0},{"not_picked":["Slice","Outmaneuver","Bouncing Flask"],"picked":"SKIP","floor":10.0},{"not_picked":["Acrobatics","Predator"],"picked":"Calculated Gamble","floor":12.0},{"not_picked":["Bane","Glass Knife","Underhanded Strike"],"picked":"SKIP","floor":13.0},{"not_picked":["Sucker Punch","Endless Agony","Bane"],"picked":"SKIP","floor":18.0},{"not_picked":["Bouncing Flask","Infinite Blades","Dash"],"picked":"SKIP","floor":19.0},{"not_picked":["Venomology","Burst"],"picked":"Catalyst","floor":23.0},{"not_picked":["Bane","Cloak And Dagger+1"],"picked":"PiercingWail","floor":27.0},{"not_picked":["Quick Slash","Poisoned Stab","Prepared"],"picked":"SKIP","floor":28.0},{"not_picked":["Dodge and Roll","Outmaneuver","Bane+1"],"picked":"SKIP","floor":29.0},{"not_picked":["Die Die Die","Bane"],"picked":"Well Laid Plans","floor":30.0},{"not_picked":["Sucker Punch","Slice"],"picked":"Acrobatics","floor":31.0},{"not_picked":["Die Die Die","Unload"],"picked":"Adrenaline","floor":33.0},{"not_picked":["Choke","Sucker Punch"],"picked":"Escape Plan","floor":35.0},{"not_picked":["Crippling Poison","Blade Dance+1"],"picked":"Adrenaline","floor":39},{"not_picked":["Acrobatics","Heel Hook+1","Footwork"],"picked":"SKIP","floor":39},{"not_picked":["Slice","Prepared","Sucker Punch"],"picked":"SKIP","floor":41},{"not_picked":["Dagger Spray","Dagger Throw","Noxious Fumes"],"picked":"SKIP","floor":42},{"not_picked":["Infinite Blades","Cloak And Dagger","Quick Slash+1"],"picked":"SKIP","floor":42},{"not_picked":["Backflip","Poisoned Stab+1","Dagger Throw"],"picked":"SKIP","floor":44},{"not_picked":["Dagger Throw+1","Choke","Night Terror"],"picked":"SKIP","floor":44},{"not_picked":["Bouncing Flask","Dagger Throw"],"picked":"Concentrate","floor":45},{"not_picked":["Concentrate","Cloak And Dagger+1","Acrobatics"],"picked":"SKIP","floor":45},{"not_picked":["Sucker Punch","Heel Hook+1"],"picked":"Catalyst","floor":47},{"not_picked":["Accuracy+1","Prepared","Sucker Punch"],"picked":"SKIP","floor":47},{"not_picked":["Choke","Backflip","Sucker Punch+1"],"picked":"SKIP","floor":55}],"player_experience":1913625,"relics_obtained":[{"floor":10.0,"key":"Boot"},{"floor":13.0,"key":"Old Coin"},{"floor":23.0,"key":"MawBank"},{"floor":26.0,"key":"Dream Catcher"},{"floor":36.0,"key":"Prayer Wheel"},{"floor":41,"key":"Art of War"},{"floor":43,"key":"Paper Crane"},{"floor":55,"key":"Centennial Puzzle"}],"event_choices":[{"cards_removed":["Strike_G"],"damage_healed":0.0,"max_hp_gain":0.0,"max_hp_loss":0.0,"gold_gain":0.0,"event_name":"Golden Wing","player_choice":"Card Removal","floor":3.0,"gold_loss":0.0,"damage_taken":7.0},{"damage_healed":0.0,"max_hp_gain":0.0,"max_hp_loss":6.0,"gold_gain":0.0,"event_name":"Golden Idol","player_choice":"Lose Max HP","floor":4.0,"gold_loss":0.0,"damage_taken":0.0,"relics_obtained":["Golden Idol"]},{"damage_healed":0.0,"max_hp_gain":0.0,"max_hp_loss":0.0,"gold_gain":0.0,"event_name":"Accursed Blacksmith","player_choice":"Forge","floor":14.0,"gold_loss":0.0,"damage_taken":0.0,"cards_upgraded":["Deadly Poison"]},{"damage_healed":0.0,"max_hp_gain":0.0,"max_hp_loss":30.0,"gold_gain":0.0,"event_name":"Ghosts","player_choice":"Became a Ghost","floor":20.0,"gold_loss":0.0,"damage_taken":0.0,"cards_obtained":["Ghostly","Ghostly","Ghostly"]},{"damage_healed":0.0,"max_hp_gain":0.0,"max_hp_loss":0.0,"gold_gain":0.0,"event_name":"Mysterious Sphere","player_choice":"Fight","floor":36.0,"gold_loss":0.0,"damage_taken":0.0},{"damage_healed":0.0,"max_hp_gain":0.0,"max_hp_loss":2.0,"gold_gain":0.0,"event_name":"Winding Halls","player_choice":"Max HP","floor":37.0,"gold_loss":0.0,"damage_taken":0.0}],"is_beta":false,"boss_relics":[{"not_picked":["Busted Crown","WristBlade"],"picked":"White Beast Statue"},{"not_picked":["Orrery","Black Star"],"picked":"Pandora\u0027s Box"}],"items_purged_floors":[2,21,22,38],"is_endless":false,"potions_floor_spawned":[5,10,16,18,19,23,27,28,29,30,31,33,35,36,39,41,42,44,45,47,55],"ascension_level":20}