{"gold_per_floor":[114,289,289,304,14,44,59,59,59,89,104,104,104],"floor_reached":13,"playtime":1100,"items_purged":[],"score":268,"play_id":"e8d9251b-738f-4f6b-b90f-929bb215e8aa","local_time":"20180807193823","daily_mods":["Insanity","Elite Swarm","Hoarder"],"is_ascension_mode":false,"campfire_choices":[{"floor":8,"key":"REST"}],"neow_cost":"","seed_source_timestamp":0,"circlet_count":0,"master_deck":["Flame Barrier","Blood for Blood","Battle Trance","Seeing Red","Limit Break","Sword Boomerang","Headbutt","Sentinel","Limit Break","Heavy Blade","Offering","Entrench+1","Barricade","Juggernaut","Cleave","Evolve","Barricade","Carnage","Infernal Blade","Dark Embrace","Berserk","Carnage","Pummel","Rage","Wild Strike","Disarm","Seeing Red","Anger","Carnage","Pommel Strike","Headbutt","Reaper","Double Tap","Ghostly Armor","Infernal Blade","Infernal Blade","True Grit","Dark Embrace","Barricade","Thunderclap","Limit Break","Evolve","Feel No Pain","Exhume","Offering","True Grit","Rampage","Barricade","Bash","Rupture","Pummel","Pummel","Pummel","Doubt","Doubt","Doubt","Feel No Pain","Feel No Pain","Feel No Pain","Shrug It Off","Shrug It Off","Shrug It Off+1","Metallicize","Metallicize","Metallicize","Impervious","Impervious","Impervious","Sever Soul","Sever Soul","Sever Soul","Fiend Fire","Fiend Fire","Fiend Fire","Flame Barrier","Flame Barrier","Flame Barrier"],"special_seed":17750,"relics":["Burning Blood","Omamori","Toolbox","Shovel","Meat on the Bone","War Paint","Ancient Tea Set"],"potions_floor_usage":[],"damage_taken":[{"damage":8,"enemies":"Cultist","floor":1,"turns":4},{"damage":5,"enemies":"2 Louse","floor":4,"turns":2},{"damage":36,"enemies":"Gremlin Nob","floor":6,"turns":5},{"damage":6,"enemies":"Small Slimes","floor":7,"turns":4},{"damage":10,"enemies":"Lagavulin","floor":10,"turns":7},{"damage":11,"enemies":"Exordium Wildlife","floor":11,"turns":3},{"damage":44,"enemies":"Gremlin Nob","floor":13,"turns":6}],"seed_played":"581998401352651869","potions_obtained":[{"floor":6,"key":"LiquidBronze"},{"floor":7,"key":"SkillPotion"},{"floor":10,"key":"Ancient Potion"}],"is_trial":false,"path_per_floor":["M","?","?","M","$","E","M","R","T","E","M","?"],"character_chosen":"IRONCLAD","items_purchased":["Shrug It Off","Metallicize","Toolbox"],"campfire_rested":1,"item_purchase_floors":[5,5,5],"current_hp_per_floor":[78,78,75,76,76,46,46,70,70,66,61,61,17],"gold":104,"neow_bonus":"","is_prod":false,"is_daily":true,"chose_seed":false,"campfire_upgraded":0,"win_rate":0,"timestamp":1533638303,"path_taken":["M","?","?","M","$","E","M","R","T","E","M","?","E"],"build_version":"2018-08-02","purchased_purges":0,"victory":false,"max_hp_per_floor":[80,80,80,80,80,80,80,80,80,80,80,80,80],"card_choices":[{"not_picked":["Twin Strike","Wild Strike"],"picked":"Pummel","floor":1},{"not_picked":["Cleave","Clash"],"picked":"Feel No Pain","floor":4},{"not_picked":["Limit Break","Dark Embrace"],"picked":"Impervious","floor":6},{"not_picked":["Pommel Strike","Whirlwind"],"picked":"Sever Soul","floor":7},{"not_picked":["Berserk","Feed"],"picked":"Fiend Fire","floor":10},{"not_picked":["Pommel Strike","Fire Breathing"],"picked":"Flame Barrier","floor":11}],"player_experience":158825,"relics_obtained":[{"floor":6,"key":"Shovel"},{"floor":9,"key":"Meat on the Bone"},{"floor":10,"key":"War Paint"}],"event_choices":[{"event_name":"Liars Game","player_choice":"agreed","floor":2,"damage_taken":0},{"event_name":"Scrap Ooze","player_choice":"success","floor":3,"damage_taken":3},{"event_name":"Big Fish","player_choice":"Box","floor":12,"damage_taken":0}],"is_beta":false,"boss_relics":[],"items_purged_floors":[],"is_endless":false,"potions_floor_spawned":[6,7,10],"killed_by":"Gremlin Nob","ascension_level":0}