{"gold_per_floor":[114,114,129,129,148,148,167,167,167,186,186],"floor_reached":11,"playtime":390,"items_purged":[],"score":65,"play_id":"14e42a85-ae2e-4bad-a891-e34367ebef1f","local_time":"20180714123250","daily_mods":["Shiny","Uncertain Future","Lethality"],"is_ascension_mode":false,"campfire_choices":[{"floor":6,"key":"REST"},{"floor":8,"key":"REST"}],"neow_cost":"","seed_source_timestamp":0,"circlet_count":0,"master_deck":["Multi-Cast","Hyperbeam","Thunder Strike","Biased Cognition","Machine Learning","Electrodynamics","Buffer","Rainbow","Seek","Meteor Strike","Echo Form","All For One","Reboot","Amplify","Creative AI","Fission","Core Surge","Double Energy","Stack","Conserve Battery","Reinforced Body","Conserve Battery"],"special_seed":17726,"relics":["Cracked Core","Girya","Golden Idol","Pen Nib"],"potions_floor_usage":[],"damage_taken":[{"damage":0,"enemies":"2 Louse","floor":1,"turns":2},{"damage":21,"enemies":"Small Slimes","floor":3,"turns":2},{"damage":0,"enemies":"Cultist","floor":5,"turns":3},{"damage":0,"enemies":"Large Slime","floor":7,"turns":3},{"damage":0,"enemies":"2 Fungi Beasts","floor":10,"turns":2},{"damage":0,"enemies":"Lagavulin","floor":11,"turns":2}],"seed_played":"-1557900698408723444","potions_obtained":[{"floor":1,"key":"Strength Potion"},{"floor":5,"key":"SmokeBomb"}],"is_trial":false,"path_per_floor":["M","?","M","?","M","R","M","R","T","M"],"character_chosen":"DEFECT","items_purchased":[],"campfire_rested":2,"item_purchase_floors":[],"current_hp_per_floor":[75,63,42,24,24,46,46,68,68,68,68],"gold":186,"neow_bonus":"","is_prod":false,"is_daily":true,"chose_seed":false,"campfire_upgraded":0,"win_rate":0.0,"timestamp":1531539170,"path_taken":["M","?","M","?","M","R","M","R","T","M","E"],"build_version":"2018-07-12","purchased_purges":0,"victory":false,"max_hp_per_floor":[75,75,75,75,75,75,75,75,75,75,75],"card_choices":[{"not_picked":["Chaos","Steam Power"],"picked":"Double Energy","floor":1},{"not_picked":["Compile Driver","Cold Snap"],"picked":"Stack","floor":3},{"not_picked":["Recycle","Gash"],"picked":"Conserve Battery","floor":5},{"not_picked":["Rebound","Stack"],"picked":"Reinforced Body","floor":7},{"not_picked":["Leap","Reprogram"],"picked":"Conserve Battery","floor":10}],"player_experience":91461,"relics_obtained":[{"floor":9,"key":"Pen Nib"}],"event_choices":[{"event_name":"Scrap Ooze","player_choice":"success","floor":2,"damage_taken":12},{"event_name":"Golden Idol","player_choice":"Take Damage","floor":4,"damage_taken":0}],"boss_relics":[],"items_purged_floors":[],"is_endless":false,"potions_floor_spawned":[1,5],"killed_by":"Lagavulin","ascension_level":0}