{"gold_per_floor":[116,40,40,56,56,111,111,122,191,217,6,34,34,47,47,122,122,134,134,147,159,207,207,233,233,233,233,244,274,285,296,296,296],"floor_reached":33,"playtime":1045,"items_purged":["Strike_G"],"score":534,"play_id":"ba84511e-1089-4b4a-b0ed-d5a05be461dc","local_time":"20190803161930","is_ascension_mode":true,"campfire_choices":[{"floor":7,"key":"REST"},{"floor":13,"key":"REST"},{"data":"Neutralize","floor":15,"key":"SMITH"},{"data":"Footwork","floor":23,"key":"SMITH"},{"data":"Caltrops","floor":25,"key":"SMITH"},{"floor":27,"key":"REST"},{"data":"A Thousand Cuts","floor":32,"key":"SMITH"}],"neow_cost":"NONE","seed_source_timestamp":662035460821590,"circlet_count":0,"master_deck":["AscendersBane","Strike_G","Strike_G","Strike_G","Strike_G","Defend_G","Defend_G","Defend_G","Defend_G+1","Defend_G+1","Survivor","Neutralize+1","Quick Slash","Backstab","Endless Agony","Quick Slash","Backflip","Footwork+1","PiercingWail","Caltrops+1","All Out Attack","Dagger Spray+1","Deflect","Backflip","Deflect","A Thousand Cuts+1"],"relics":["Ring of the Snake","Potion Belt","Tiny Chest","PreservedInsect","Singing Bowl","Philosopher\u0027s Stone","Happy Flower","Ancient Tea Set","The Specimen","Snake Skull","Boot"],"potions_floor_usage":[6,10,12,29,31,33,33],"damage_taken":[{"damage":0,"enemies":"2 Louse","floor":1,"turns":3},{"damage":0,"enemies":"Small Slimes","floor":4,"turns":2},{"damage":20,"enemies":"Lagavulin","floor":6,"turns":8},{"damage":0,"enemies":"Cultist","floor":8,"turns":2},{"damage":20,"enemies":"Gremlin Nob","floor":10,"turns":5},{"damage":3,"enemies":"Lagavulin","floor":12,"turns":5},{"damage":8,"enemies":"Exordium Thugs","floor":14,"turns":6},{"damage":13,"enemies":"The Guardian","floor":16,"turns":18},{"damage":0,"enemies":"3 Byrds","floor":18,"turns":4},{"damage":0,"enemies":"Spheric Guardian","floor":20,"turns":3},{"damage":11,"enemies":"Centurion and Healer","floor":21,"turns":7},{"damage":14,"enemies":"Slavers","floor":24,"turns":3},{"damage":24,"enemies":"Sentry and Sphere","floor":28,"turns":4},{"damage":3,"enemies":"Book of Stabbing","floor":29,"turns":6},{"damage":0,"enemies":"3 Cultists","floor":30,"turns":6},{"damage":18,"enemies":"Snake Plant","floor":31,"turns":4},{"damage":29,"enemies":"Automaton","floor":33,"turns":6}],"seed_played":"3446475701953837113","potions_obtained":[{"floor":4,"key":"Fire Potion"},{"floor":6,"key":"SpeedPotion"},{"floor":10,"key":"SpeedPotion"},{"floor":18,"key":"GamblersBrew"},{"floor":20,"key":"EssenceOfSteel"},{"floor":30,"key":"Poison Potion"},{"floor":31,"key":"Strength Potion"}],"is_trial":false,"path_per_floor":["M","$","?","M","?","E","R","M","T","E","$","E","R","M","R","B",null,"M","?","M","M","T","R","E","R","T","R","M","E","M","M","R","B"],"character_chosen":"THE_SILENT","items_purchased":["Backstab","Footwork","PiercingWail","Weak Potion"],"campfire_rested":3,"item_purchase_floors":[2,11,11,11],"current_hp_per_floor":[65,65,47,47,25,5,26,26,26,6,6,3,24,16,16,5,57,57,57,59,50,50,50,36,36,36,59,35,32,32,16,16,0],"gold":296,"neow_bonus":"TEN_PERCENT_HP_BONUS","is_prod":false,"is_daily":false,"chose_seed":false,"campfire_upgraded":4,"win_rate":0,"timestamp":1564863570,"path_taken":["M","$","?","M","?","E","R","M","T","E","$","E","R","M","R","BOSS","M","?","M","?","?","R","E","R","T","R","M","E","?","?","R","BOSS"],"build_version":"2019-07-17","purchased_purges":1,"victory":false,"max_hp_per_floor":[72,72,72,72,72,72,72,72,72,72,72,72,72,72,72,74,74,74,74,76,78,78,78,78,78,78,78,78,78,78,80,80,80],"card_choices":[{"not_picked":["Poisoned Stab","Sucker Punch"],"picked":"Quick Slash","floor":1},{"not_picked":["Slice","Heel Hook"],"picked":"Backstab","floor":4},{"not_picked":["Eviscerate","Caltrops"],"picked":"Endless Agony","floor":6},{"not_picked":["Cloak And Dagger","Acrobatics"],"picked":"Quick Slash","floor":8},{"not_picked":["Bane","Concentrate"],"picked":"Backflip","floor":10},{"not_picked":["Catalyst","Deflect"],"picked":"Caltrops","floor":12},{"not_picked":["Poisoned Stab","Catalyst"],"picked":"All Out Attack","floor":14},{"not_picked":["Grand Finale","Phantasmal Killer","Storm of Steel"],"picked":"Singing Bowl","floor":16},{"not_picked":["Backflip","Prepared"],"picked":"Dagger Spray+1","floor":18},{"not_picked":["Poisoned Stab","Dodge and Roll","Dagger Throw"],"picked":"Singing Bowl","floor":20},{"not_picked":["Deflect","Dodge and Roll","Dagger Spray"],"picked":"Singing Bowl","floor":21},{"not_picked":["Poisoned Stab","Prepared"],"picked":"Deflect","floor":24},{"not_picked":["Concentrate","Slice"],"picked":"Backflip","floor":28},{"not_picked":["Prepared","Setup"],"picked":"Deflect","floor":29},{"not_picked":["Predator+1","Acrobatics"],"picked":"A Thousand Cuts","floor":30},{"not_picked":["Outmaneuver","Underhanded Strike","Dagger Spray"],"picked":"Singing Bowl","floor":31}],"player_experience":1664226,"relics_obtained":[{"floor":6,"key":"Tiny Chest"},{"floor":10,"key":"PreservedInsect"},{"floor":12,"key":"Singing Bowl"},{"floor":22,"key":"Ancient Tea Set"},{"floor":24,"key":"The Specimen"},{"floor":26,"key":"Snake Skull"},{"floor":29,"key":"Boot"}],"event_choices":[{"damage_healed":0,"gold_gain":0,"player_choice":"Success","damage_taken":18,"relics_obtained":["Potion Belt"],"max_hp_gain":0,"max_hp_loss":0,"event_name":"Scrap Ooze","floor":3,"gold_loss":0},{"damage_healed":0,"gold_gain":0,"player_choice":"Entered Light","damage_taken":22,"max_hp_gain":0,"max_hp_loss":0,"event_name":"Shining Light","floor":5,"gold_loss":0,"cards_upgraded":["Defend_G","Defend_G"]},{"cards_removed":["Backstab"],"damage_healed":0,"gold_gain":0,"player_choice":"Gave Card","damage_taken":0,"relics_obtained":["Happy Flower"],"max_hp_gain":0,"max_hp_loss":0,"event_name":"WeMeetAgain","floor":19,"gold_loss":0}],"is_beta":false,"boss_relics":[{"not_picked":["Eternal Feather","Velvet Choker"],"picked":"Philosopher\u0027s Stone"}],"items_purged_floors":[11],"is_endless":false,"potions_floor_spawned":[4,6,10,18,20,30,31],"killed_by":"Automaton","ascension_level":15}