{"gold_per_floor":[114,289,303,9,9,40,40,40,40,40,59,90,90,109,109,210,210,223,34,45,60,73,106,106,119,145,6,21,21,53,53,53,152,152,163,1162,1162,1180,53,53,0,0],"floor_reached":42,"playtime":2402,"items_purged":["Regret","Normality"],"score":627,"play_id":"2389fca6-2640-49f5-a2aa-76d0e5f5760d","local_time":"20190805004456","is_ascension_mode":true,"campfire_choices":[{"floor":8,"key":"REST"},{"data":"Bash","floor":10,"key":"SMITH"},{"floor":15,"key":"REST"},{"floor":24,"key":"REST"},{"floor":29,"key":"REST"},{"floor":32,"key":"REST"},{"floor":40,"key":"REST"}],"neow_cost":"NONE","seed_source_timestamp":865060713027000,"circlet_count":0,"master_deck":["Bash+1","Anger","Flex","Armaments+1","Entrench+1","Infernal Blade+1","Flame Barrier+1","Burning Pact+1","Clash","Bludgeon","Barricade","Warcry+1","Demon Form","Evolve","Fiend Fire","Demon Form","Fiend Fire","Flame Barrier+1","Ghostly Armor+1","PanicButton+1","Flex+1","Pummel+1","Bloodletting+1","Cleave+1","Feed","Fire Breathing+1","Trip+1","Shrug It Off+1","Dropkick+1","Immolate","Ghostly Armor+1","Normality","Regret","Sentinel+1","Finesse+1","Thinking Ahead+1","Metallicize+1"],"relics":["Burning Blood","Red Skull","Toxic Egg 2","Meat on the Bone","WingedGreaves","Centennial Puzzle","Pocketwatch","Question Card","Pandora\u0027s Box","Bag of Preparation","Art of War","Lantern","Enchiridion","Runic Pyramid","Juzu Bracelet","Frozen Egg 2","Frozen Eye","Red Mask"],"potions_floor_usage":[12,12,18,21,22,23,28,28,30,42,42,42],"damage_taken":[{"damage":5,"enemies":"Small Slimes","floor":1,"turns":5},{"damage":0,"enemies":"2 Louse","floor":3,"turns":2},{"damage":55,"enemies":"Gremlin Nob","floor":6,"turns":6},{"damage":4,"enemies":"Cultist","floor":11,"turns":3},{"damage":39,"enemies":"Lagavulin","floor":12,"turns":6},{"damage":8,"enemies":"Gremlin Gang","floor":14,"turns":3},{"damage":48,"enemies":"Slime Boss","floor":16,"turns":11},{"damage":14,"enemies":"Shell Parasite","floor":18,"turns":3},{"damage":23,"enemies":"3 Byrds","floor":20,"turns":4},{"damage":0,"enemies":"Snake Plant","floor":21,"turns":3},{"damage":15,"enemies":"Shelled Parasite and Fungi","floor":22,"turns":3},{"damage":48,"enemies":"Book of Stabbing","floor":23,"turns":4},{"damage":19,"enemies":"Centurion and Healer","floor":25,"turns":5},{"damage":10,"enemies":"3 Cultists","floor":28,"turns":4},{"damage":92,"enemies":"Gremlin Leader","floor":30,"turns":6},{"damage":28,"enemies":"Champ","floor":33,"turns":6},{"damage":2,"enemies":"Orb Walker","floor":35,"turns":3},{"damage":51,"enemies":"3 Shapes","floor":38,"turns":3},{"damage":105,"enemies":"Giant Head","floor":42,"turns":6}],"seed_played":"5940308934119449289","potions_obtained":[{"floor":3,"key":"LiquidBronze"},{"floor":6,"key":"AttackPotion"},{"floor":14,"key":"GamblersBrew"},{"floor":16,"key":"Energy Potion"},{"floor":20,"key":"Fire Potion"},{"floor":21,"key":"BloodPotion"},{"floor":23,"key":"BloodPotion"},{"floor":25,"key":"SkillPotion"},{"floor":33,"key":"Fire Potion"},{"floor":38,"key":"BloodPotion"}],"is_trial":false,"path_per_floor":["M","?","M","$","?","E","?","R","T","R","M","E","?","M","R","B",null,"M","$","M","M","M","E","R","M","T","$","M","R","E","?","R","B",null,"M","?","?","M","$","R","?","E"],"character_chosen":"IRONCLAD","items_purchased":["Toxic Egg 2","Armaments+1","PanicButton+1","Flex+1","Trip+1","SteroidPotion","Juzu Bracelet","Frozen Egg 2","Frozen Eye","BloodPotion","Finesse+1","Thinking Ahead+1","Metallicize+1"],"campfire_rested":6,"item_purchase_floors":[4,4,19,19,27,27,39,39,39,39,39,39,39],"current_hp_per_floor":[73,73,79,79,79,42,30,54,54,54,56,35,35,45,69,39,70,62,62,57,63,54,44,68,55,55,55,54,78,24,8,32,22,68,72,72,72,39,39,63,63,0],"gold":0,"neow_bonus":"RANDOM_COMMON_RELIC","is_prod":false,"is_daily":false,"chose_seed":false,"campfire_upgraded":1,"win_rate":0,"timestamp":1564983896,"path_taken":["M","?","M","$","?","E","?","R","T","R","M","E","?","?","R","BOSS","M","$","M","?","M","E","R","M","T","$","M","R","E","?","R","BOSS","M","?","?","?","$","R","?","E"],"build_version":"2019-07-17","purchased_purges":2,"victory":false,"max_hp_per_floor":[80,80,80,80,80,80,80,80,80,80,80,80,80,80,80,80,80,80,80,80,80,80,80,80,80,80,80,83,83,83,83,83,83,83,83,83,83,83,83,83,83,83],"card_choices":[{"not_picked":["True Grit","Iron Wave"],"picked":"Anger","floor":1},{"not_picked":["Second Wind","Wild Strike"],"picked":"Flex","floor":3},{"not_picked":["Rupture","Second Wind+1"],"picked":"Entrench+1","floor":6},{"not_picked":["Brutality","Wild Strike"],"picked":"Infernal Blade+1","floor":11},{"not_picked":["Rupture","Flex+1"],"picked":"Flame Barrier+1","floor":12},{"not_picked":["Armaments+1","Heavy Blade","Headbutt"],"picked":"Clash","floor":14},{"not_picked":["Berserk","Impervious+1","Barricade"],"picked":"Bludgeon","floor":16},{"not_picked":["Clash","Flame Barrier+1","Sever Soul"],"picked":"Ghostly Armor+1","floor":18},{"not_picked":["Blood for Blood","Entrench+1","Iron Wave"],"picked":"Pummel+1","floor":20},{"not_picked":["Clothesline","Thunderclap","Heavy Blade+1"],"picked":"Bloodletting+1","floor":21},{"not_picked":["Clash","Evolve","Shrug It Off+1"],"picked":"Cleave+1","floor":22},{"not_picked":["Iron Wave","Entrench+1","Clothesline"],"picked":"Feed","floor":23},{"not_picked":["Perfected Strike","Clash+1","Evolve+1"],"picked":"Fire Breathing+1","floor":25},{"not_picked":["Fire Breathing+1","Feel No Pain","Body Slam"],"picked":"Shrug It Off+1","floor":28},{"not_picked":["Thunderclap","Pummel","Demon Form"],"picked":"Dropkick+1","floor":30},{"not_picked":["Fiend Fire","Demon Form","Dark Embrace"],"picked":"Immolate","floor":33},{"not_picked":["Battle Trance+1","Thunderclap","Twin Strike+1"],"picked":"Ghostly Armor+1","floor":35},{"not_picked":["Headbutt+1","Evolve","Wild Strike"],"picked":"Sentinel+1","floor":38}],"player_experience":232024,"relics_obtained":[{"floor":6,"key":"WingedGreaves"},{"floor":9,"key":"Pocketwatch"},{"floor":12,"key":"Question Card"},{"floor":23,"key":"Bag of Preparation"},{"floor":26,"key":"Art of War"},{"floor":30,"key":"Lantern"},{"floor":31,"key":"Enchiridion"}],"event_choices":[{"damage_healed":0,"gold_gain":175,"player_choice":"AGREE","damage_taken":0,"max_hp_gain":0,"max_hp_loss":0,"event_name":"Liars Game","floor":2,"gold_loss":0,"cards_obtained":["Doubt"]},{"damage_healed":0,"gold_gain":0,"player_choice":"Box","damage_taken":0,"relics_obtained":["Meat on the Bone"],"max_hp_gain":0,"max_hp_loss":0,"event_name":"Big Fish","floor":5,"gold_loss":0,"cards_obtained":["Regret"]},{"damage_healed":0,"gold_gain":0,"player_choice":"Success","damage_taken":12,"relics_obtained":["Centennial Puzzle"],"max_hp_gain":0,"max_hp_loss":0,"event_name":"Scrap Ooze","floor":7,"gold_loss":0},{"damage_healed":0,"gold_gain":0,"cards_transformed":["Strike_R"],"player_choice":"Transformed","damage_taken":0,"max_hp_gain":0,"max_hp_loss":0,"event_name":"Transmorgrifier","floor":13,"gold_loss":0,"cards_obtained":["Burning Pact"]},{"damage_healed":0,"gold_gain":0,"player_choice":"Obtained Book","damage_taken":16,"max_hp_gain":0,"max_hp_loss":0,"event_name":"Cursed Tome","floor":31,"gold_loss":0},{"damage_healed":0,"gold_gain":999,"player_choice":"Gold","damage_taken":0,"max_hp_gain":0,"max_hp_loss":0,"event_name":"MindBloom","floor":36,"gold_loss":0,"cards_obtained":["Normality","Normality"]},{"damage_healed":0,"gold_gain":0,"cards_transformed":["Doubt"],"player_choice":"Transformed","damage_taken":0,"max_hp_gain":0,"max_hp_loss":0,"event_name":"Transmorgrifier","floor":37,"gold_loss":0,"cards_obtained":["Regret"]},{"damage_healed":0,"gold_gain":0,"player_choice":"Paid","damage_taken":0,"relics_obtained":["Red Mask"],"max_hp_gain":0,"max_hp_loss":0,"event_name":"Tomb of Lord Red Mask","floor":41,"gold_loss":53}],"is_beta":false,"boss_relics":[{"not_picked":["Ectoplasm","Velvet Choker"],"picked":"Pandora\u0027s Box"},{"not_picked":["Empty Cage","Tiny House"],"picked":"Runic Pyramid"}],"items_purged_floors":[19,39],"is_endless":false,"potions_floor_spawned":[3,6,14,16,20,21,23,25,33,38],"killed_by":"Giant Head","ascension_level":6}