{"gold_per_floor":[113,113,38,52,52,80,130,36,36,63,75,102,139,76,76,153,153,171,190,115,27,27,27,27],"floor_reached":24,"playtime":657,"items_purged":["Strike_B"],"score":454,"play_id":"7ed58665-2b9e-4daa-889e-c569575aa34c","local_time":"20190727165834","is_ascension_mode":true,"campfire_choices":[{"data":"Zap","floor":11.0,"key":"SMITH"},{"data":"Coolheaded","floor":15.0,"key":"SMITH"},{"data":"Heatsinks","floor":23.0,"key":"SMITH"}],"neow_cost":"NONE","seed_source_timestamp":774474494004893,"circlet_count":0,"master_deck":["AscendersBane","Strike_B+1","Defend_B","Defend_B","Defend_B","Defend_B","Zap+1","Dualcast+1","Double Energy","Compile Driver","Coolheaded+1","Panacea","Coolheaded","Heatsinks+1","Lockon","Meteor Strike","Recycle","Turbo+1","Self Repair","Compile Driver","Hologram","White Noise","Biased Cognition","Defragment"],"special_seed":0,"relics":["Cracked Core","NeowsBlessing","Thread and Needle","MawBank","Sundial","Orrery"],"potions_floor_usage":[],"damage_taken":[{"damage":0.0,"enemies":"Jaw Worm","floor":1.0,"turns":1.0},{"damage":0.0,"enemies":"Small Slimes","floor":4.0,"turns":1.0},{"damage":0.0,"enemies":"Lagavulin","floor":6.0,"turns":1.0},{"damage":0.0,"enemies":"Cultist","floor":10.0,"turns":3.0},{"damage":5.0,"enemies":"Exordium Thugs","floor":12.0,"turns":5.0},{"damage":14.0,"enemies":"3 Sentries","floor":13.0,"turns":9.0},{"damage":6.0,"enemies":"Hexaghost","floor":16.0,"turns":8.0},{"damage":11.0,"enemies":"Shell Parasite","floor":18.0,"turns":6.0},{"damage":6.0,"enemies":"Chosen","floor":19.0,"turns":6.0},{"damage":41,"enemies":"Slavers","floor":24,"turns":3}],"seed_played":"-5196758074315782880","potions_obtained":[{"floor":1.0,"key":"Swift Potion"},{"floor":4.0,"key":"Dexterity Potion"},{"floor":12.0,"key":"LiquidBronze"},{"floor":13.0,"key":"Swift Potion"}],"is_trial":false,"path_per_floor":["M","?","?","M","?","E","?","$","T","M","R","M","E","$","R","B",null,"M","M","?","$","?","R","E"],"character_chosen":"DEFECT","items_purchased":["Panacea","Defragment"],"campfire_rested":0,"item_purchase_floors":[8,21],"current_hp_per_floor":[64,64,64,64,43,43,36,36,36,36,36,31,17,17,17,11,56,52,53,53,53,53,53,12],"gold":27,"neow_bonus":"THREE_ENEMY_KILL","is_prod":false,"is_daily":false,"chose_seed":false,"campfire_upgraded":3,"win_rate":0,"timestamp":1564217914,"path_taken":["M","?","?","M","?","E","?","$","T","M","R","?","E","$","R","BOSS","M","M","?","$","?","R","E"],"build_version":"2019-07-17","purchased_purges":1,"victory":false,"max_hp_per_floor":[71,71,71,71,71,71,71,71,71,71,71,71,71,71,71,71,71,71,71,71,71,71,71,71],"card_choices":[{"not_picked":["Sweeping Beam","Beam Cell"],"picked":"Double Energy","floor":1.0},{"not_picked":["Go for the Eyes","Barrage"],"picked":"Compile Driver","floor":4.0},{"not_picked":["Sweeping Beam","FTL"],"picked":"Coolheaded","floor":6.0},{"not_picked":["Rebound","Hyperbeam"],"picked":"Coolheaded","floor":10.0},{"not_picked":["Cold Snap","Gash"],"picked":"Heatsinks","floor":12.0},{"not_picked":["Beam Cell","Reinforced Body"],"picked":"Lockon","floor":13.0},{"not_picked":["Hyperbeam","Creative AI"],"picked":"Meteor Strike","floor":16.0},{"not_picked":["Chaos","Gash"],"picked":"Recycle","floor":17.0},{"not_picked":["Double Energy","BootSequence"],"picked":"Turbo","floor":17.0},{"not_picked":["Steam","Go for the Eyes"],"picked":"Self Repair","floor":17.0},{"not_picked":["Lockon","Storm"],"picked":"Compile Driver","floor":17.0},{"not_picked":["Conserve Battery","Chill"],"picked":"Hologram","floor":17.0},{"not_picked":["Coolheaded","Cold Snap"],"picked":"White Noise","floor":18.0},{"not_picked":["Heatsinks","Beam Cell"],"picked":"Biased Cognition","floor":19.0}],"player_experience":2086177,"relics_obtained":[{"floor":6.0,"key":"Thread and Needle"},{"floor":9.0,"key":"MawBank"},{"floor":13.0,"key":"Sundial"}],"event_choices":[{"damage_healed":0.0,"max_hp_gain":0.0,"max_hp_loss":0.0,"gold_gain":0.0,"event_name":"Liars Game","player_choice":"Ignored","floor":2.0,"gold_loss":0.0,"damage_taken":0.0},{"cards_removed":["Strike_B"],"damage_healed":0.0,"max_hp_gain":0.0,"max_hp_loss":0.0,"gold_gain":0.0,"event_name":"The Cleric","player_choice":"Card Removal","floor":3.0,"gold_loss":75.0,"damage_taken":0.0},{"damage_healed":0.0,"max_hp_gain":0.0,"max_hp_loss":0.0,"gold_gain":0.0,"event_name":"Shining Light","player_choice":"Entered Light","floor":5.0,"gold_loss":0.0,"damage_taken":21.0,"cards_upgraded":["Strike_B","Dualcast"]},{"damage_healed":0.0,"max_hp_gain":0.0,"max_hp_loss":0.0,"gold_gain":50.0,"event_name":"FaceTrader","player_choice":"Touch","floor":7.0,"gold_loss":0.0,"damage_taken":7.0},{"cards_removed":["Strike_B"],"damage_healed":0.0,"max_hp_gain":0.0,"max_hp_loss":0.0,"gold_gain":0.0,"event_name":"Beggar","player_choice":"Gave Gold","floor":20.0,"gold_loss":75.0,"damage_taken":0.0},{"damage_healed":0.0,"max_hp_gain":0.0,"max_hp_loss":0.0,"gold_gain":0.0,"event_name":"Upgrade Shrine","player_choice":"Upgraded","floor":22.0,"gold_loss":0.0,"damage_taken":0.0,"cards_upgraded":["Turbo"]}],"is_beta":false,"boss_relics":[{"not_picked":["Black Star","White Beast Statue"],"picked":"Orrery"}],"items_purged_floors":[14],"is_endless":false,"potions_floor_spawned":[1,4,12,13],"killed_by":"Slavers","ascension_level":20}