{"gold_per_floor":[14,14,38,38,38,38,77,77,77,97,131,151,192,265,265,393,393,414,33,0,19,33,68,68,142,166,166,191,231,231,250,250,370,370,389,28,42,61,76,114,114,138,138,138,179,20,20],"floor_reached":47,"playtime":4648,"items_purged":["Injury"],"score":726,"play_id":"8f1dd690-c559-4b35-9023-533b63ef6abc","local_time":"20190715164201","is_ascension_mode":true,"campfire_choices":[{"data":"Bash","floor":6.0,"key":"SMITH"},{"floor":8.0,"key":"REST"},{"data":"Clash","floor":15.0,"key":"SMITH"},{"floor":27.0,"key":"REST"},{"data":"Bludgeon","floor":30.0,"key":"SMITH"},{"floor":32.0,"key":"REST"},{"floor":41,"key":"REST"},{"floor":44,"key":"REST"}],"neow_cost":"NO_GOLD","seed_source_timestamp":0,"circlet_count":0,"master_deck":["Strike_R","Strike_R","Strike_R","Strike_R+1","Strike_R","Defend_R","Defend_R","Defend_R","Defend_R","Bash+1","Thunderclap+1","Dropkick","Iron Wave","Clash","Shrug It Off","Dropkick","Clash+1","Bludgeon+1","Intimidate","Flex","Shockwave+1","Infernal Blade+1","Clothesline","Cleave","Anger","Bloodletting+1","Immolate","Clash+1","Bludgeon+1","Dual Wield","Anger","Dropkick","Bludgeon","Pommel Strike+1","Madness"],"special_seed":0,"relics":["Burning Blood","Golden Idol","Happy Flower","Vajra","Red Skull","Ornamental Fan","Ginger","White Beast Statue","Anchor","Strawberry","Self Forming Clay","NlothsMask","Tiny Chest","Meat on the Bone","Black Star","MealTicket","Sundial","Oddly Smooth Stone","Bottled Flame","Omamori","Whetstone"],"potions_floor_usage":[39,39,40,40,42,47,47,47,47,47,47],"damage_taken":[{"damage":8.0,"enemies":"Jaw Worm","floor":1.0,"turns":4.0},{"damage":13.0,"enemies":"Small Slimes","floor":3.0,"turns":4.0},{"damage":50.0,"enemies":"3 Sentries","floor":7.0,"turns":10.0},{"damage":0.0,"enemies":"2 Louse","floor":10.0,"turns":2.0},{"damage":20.0,"enemies":"Lagavulin","floor":11.0,"turns":5.0},{"damage":16.0,"enemies":"Gremlin Gang","floor":12.0,"turns":3.0},{"damage":13.0,"enemies":"Gremlin Nob","floor":13.0,"turns":4.0},{"damage":0.0,"enemies":"Gremlin Nob","floor":14.0,"turns":3.0},{"damage":15.0,"enemies":"Hexaghost","floor":16.0,"turns":7.0},{"damage":26.0,"enemies":"3 Byrds","floor":18.0,"turns":6.0},{"damage":7.0,"enemies":"Shell Parasite","floor":21.0,"turns":4.0},{"damage":8.0,"enemies":"Chosen and Byrds","floor":22.0,"turns":4.0},{"damage":41.0,"enemies":"Book of Stabbing","floor":23.0,"turns":6.0},{"damage":21.0,"enemies":"Gremlin Leader","floor":25.0,"turns":4.0},{"damage":12.0,"enemies":"Centurion and Healer","floor":28.0,"turns":4.0},{"damage":26.0,"enemies":"Slavers","floor":29.0,"turns":4.0},{"damage":8.0,"enemies":"Snecko","floor":31.0,"turns":4.0},{"damage":45.0,"enemies":"Collector","floor":33.0,"turns":5.0},{"damage":23,"enemies":"3 Shapes","floor":35,"turns":3},{"damage":0,"enemies":"Orb Walker","floor":37,"turns":2},{"damage":6,"enemies":"4 Shapes","floor":38,"turns":3},{"damage":37,"enemies":"Writhing Mass","floor":39,"turns":5},{"damage":24,"enemies":"Giant Head","floor":40,"turns":6},{"damage":12,"enemies":"3 Darklings","floor":42,"turns":3},{"damage":28,"enemies":"Reptomancer","floor":45,"turns":5},{"damage":126,"enemies":"Giant Head","floor":47,"turns":8}],"seed_played":"6149681129046497543","potions_obtained":[{"floor":3.0,"key":"Energy Potion"},{"floor":7.0,"key":"Poison Potion"},{"floor":13.0,"key":"SteroidPotion"},{"floor":14.0,"key":"GamblersBrew"},{"floor":16.0,"key":"Energy Potion"},{"floor":18.0,"key":"Dexterity Potion"},{"floor":21.0,"key":"PowerPotion"},{"floor":22.0,"key":"Regen Potion"},{"floor":23.0,"key":"LiquidBronze"},{"floor":25.0,"key":"Poison Potion"},{"floor":28.0,"key":"SmokeBomb"},{"floor":29.0,"key":"SteroidPotion"},{"floor":31.0,"key":"SkillPotion"},{"floor":33.0,"key":"Ancient Potion"},{"floor":35,"key":"Dexterity Potion"},{"floor":37,"key":"Explosive Potion"},{"floor":38,"key":"Block Potion"},{"floor":39,"key":"Swift Potion"},{"floor":40,"key":"Fire Potion"},{"floor":42,"key":"Ancient Potion"},{"floor":45,"key":"EntropicBrew"}],"is_trial":false,"path_per_floor":["M","?","M","$","?","R","E","R","T","M","E","M","E","?","R","B",null,"M","$","?","M","M","E","?","E","T","R","M","E","R","M","R","B",null,"M","$","M","M","M","E","R","M","T","R","E","$","E"],"character_chosen":"IRONCLAD","items_purchased":["Anchor","Strawberry","Bludgeon","MealTicket","Madness","Regen Potion"],"campfire_rested":5,"item_purchase_floors":[19,19,36,36,46,46],"current_hp_per_floor":[94,94,87,87,87,87,43,71,71,77,63,53,46,52,52,43,96,76,83,83,82,80,45,45,42,42,72,66,46,46,56,86,59,103,86,86,92,92,61,55,85,79,79,103,81,96,0],"gold":20,"neow_bonus":"TWENTY_PERCENT_HP_BONUS","is_prod":false,"is_daily":false,"chose_seed":false,"campfire_upgraded":3,"win_rate":0,"timestamp":1563226921,"path_taken":["M","?","M","$","?","R","E","R","T","M","E","M","E","?","R","BOSS","M","$","?","M","M","E","?","E","T","R","?","E","R","M","R","BOSS","M","?","M","M","?","E","R","M","T","R","E","$","E"],"build_version":"2019-07-05","purchased_purges":1,"victory":false,"max_hp_per_floor":[96,96,96,96,96,96,96,96,96,96,96,96,96,96,96,96,96,96,103,103,103,103,103,103,103,103,103,103,103,103,103,103,103,103,103,103,103,103,103,103,103,103,103,103,103,103,103],"card_choices":[{"not_picked":["Warcry","Reckless Charge","Havoc"],"picked":"SKIP","floor":1.0},{"not_picked":["Pommel Strike","Dual Wield"],"picked":"Thunderclap","floor":3.0},{"not_picked":["Perfected Strike","Twin Strike"],"picked":"Dropkick","floor":7.0},{"not_picked":["Demon Form","Burning Pact"],"picked":"Iron Wave","floor":10.0},{"not_picked":["Power Through","Blood for Blood"],"picked":"Clash","floor":11.0},{"not_picked":["Headbutt","Power Through"],"picked":"Shrug It Off","floor":12.0},{"not_picked":["Armaments","Body Slam"],"picked":"Dropkick","floor":13.0},{"not_picked":["Body Slam","Thunderclap"],"picked":"Clash","floor":14.0},{"not_picked":["Reaper","Barricade"],"picked":"Bludgeon","floor":16.0},{"not_picked":["Burning Pact+1","Seeing Red"],"picked":"Intimidate","floor":18.0},{"not_picked":["Warcry","Fire Breathing"],"picked":"Flex","floor":21.0},{"not_picked":["Perfected Strike","Havoc+1"],"picked":"Shockwave+1","floor":22.0},{"not_picked":["Anger","Rampage+1"],"picked":"Infernal Blade+1","floor":23.0},{"not_picked":["Headbutt","Sword Boomerang"],"picked":"Clothesline","floor":25.0},{"not_picked":["Perfected Strike","Entrench+1"],"picked":"Cleave","floor":28.0},{"not_picked":["Hemokinesis","True Grit+1"],"picked":"Anger","floor":29.0},{"not_picked":["Entrench","Disarm+1"],"picked":"Bloodletting+1","floor":31.0},{"not_picked":["Demon Form","Exhume"],"picked":"Immolate","floor":33.0},{"not_picked":["Carnage","Wild Strike+1"],"picked":"Clash+1","floor":35},{"not_picked":["Pommel Strike+1","Pummel+1"],"picked":"Dual Wield","floor":37},{"not_picked":["Feel No Pain+1","Pummel+1"],"picked":"Anger","floor":38},{"not_picked":["Metallicize","Iron Wave"],"picked":"Dropkick","floor":39},{"not_picked":["Cleave+1","Body Slam+1"],"picked":"Bludgeon","floor":40},{"not_picked":["Ghostly Armor","Warcry"],"picked":"Pommel Strike+1","floor":42},{"not_picked":["Evolve","Warcry+1","Ghostly Armor"],"picked":"SKIP","floor":45}],"player_experience":110038,"relics_obtained":[{"floor":7.0,"key":"Happy Flower"},{"floor":9.0,"key":"Vajra"},{"floor":11.0,"key":"Red Skull"},{"floor":13.0,"key":"Ornamental Fan"},{"floor":14.0,"key":"Ginger"},{"floor":23.0,"key":"Self Forming Clay"},{"floor":25.0,"key":"Tiny Chest"},{"floor":29.0,"key":"Meat on the Bone"},{"floor":40,"key":"Sundial"},{"floor":40,"key":"Oddly Smooth Stone"},{"floor":43,"key":"Bottled Flame"},{"floor":45,"key":"Omamori"},{"floor":45,"key":"Whetstone"}],"event_choices":[{"damage_healed":0.0,"max_hp_gain":0.0,"max_hp_loss":0.0,"gold_gain":0.0,"event_name":"Golden Idol","player_choice":"Take Wound","floor":2.0,"gold_loss":0.0,"damage_taken":0.0,"relics_obtained":["Golden Idol"],"cards_obtained":["Injury"]},{"damage_healed":0.0,"max_hp_gain":0.0,"max_hp_loss":0.0,"gold_gain":0.0,"event_name":"Living Wall","player_choice":"Grow","floor":5.0,"gold_loss":0.0,"damage_taken":0.0,"cards_upgraded":["Thunderclap"]},{"damage_healed":0.0,"max_hp_gain":0.0,"max_hp_loss":0.0,"gold_gain":0.0,"event_name":"Dead Adventurer","player_choice":"Searched \u00271\u0027 times","floor":14.0,"gold_loss":0.0,"damage_taken":0.0},{"damage_healed":0.0,"max_hp_gain":0.0,"max_hp_loss":0.0,"gold_gain":0.0,"event_name":"Masked Bandits","player_choice":"Paid Fearfully","floor":20.0,"gold_loss":33.0,"damage_taken":0.0},{"damage_healed":0.0,"max_hp_gain":0.0,"max_hp_loss":0.0,"gold_gain":0.0,"event_name":"FaceTrader","player_choice":"Trade","floor":24.0,"gold_loss":0.0,"damage_taken":0.0,"relics_obtained":["NlothsMask"]}],"is_beta":false,"boss_relics":[{"not_picked":["Mark of Pain","Ectoplasm"],"picked":"White Beast Statue"},{"not_picked":["Runic Cube","Tiny House"],"picked":"Black Star"}],"items_purged_floors":[19],"is_endless":false,"potions_floor_spawned":[3,7,13,14,16,18,21,22,23,25,28,29,31,33,35,37,38,39,40,42,45],"killed_by":"Giant Head","ascension_level":4}