{"gold_per_floor":[115,115,40,40,65,65,84,84,84,120,120,155,169,200,200,296,296,312,292,317,317,28,28,47,85,85,85,105,138,151,9,9,103,103,128,128,461,461,508,508,105,132,132,132,132,143,10,26,26,26,26,26,26,26,54,54],"floor_reached":57,"playtime":2902,"items_purged":["Doom and Gloom+1","Rip and Tear+1","Rip and Tear+1","Dualcast"],"score":2918,"play_id":"378fc8e4-b4ba-4427-9395-f5d95fce930f","local_time":"20190720151242","is_ascension_mode":true,"campfire_choices":[{"data":"Zap","floor":6.0,"key":"SMITH"},{"data":"Rip and Tear","floor":8.0,"key":"SMITH"},{"data":"Defragment","floor":15.0,"key":"SMITH"},{"data":"Turbo","floor":23.0,"key":"SMITH"},{"data":"Redo","floor":27.0,"key":"SMITH"},{"floor":32.0,"key":"REST"},{"floor":40.0,"key":"REST"},{"data":"Coolheaded","floor":45.0,"key":"SMITH"},{"floor":49.0,"key":"RECALL"},{"data":"Coolheaded","floor":53.0,"key":"SMITH"}],"neow_cost":"NONE","seed_source_timestamp":0,"circlet_count":0,"master_deck":["AscendersBane","Zap+1","Coolheaded+1","Hologram","Sunder+1","Defragment","Defragment+1","All For One+1","Creative AI","Static Discharge","White Noise","Redo+1","Stack","Coolheaded+1","Cold Snap+1","Turbo+1","Flash of Steel+1","Conserve Battery","Loop+1","Scrape+1","Electrodynamics+1","Hologram","Chill","Meteor Strike+1","Conserve Battery+1","Finesse","Turbo","Stack","Go for the Eyes+1","Heatsinks+1","Reinforced Body","Compile Driver+1"],"special_seed":0,"relics":["Black Star","Gremlin Horn","Molten Egg 2","Ice Cream","Ancient Tea Set","Dead Branch","Lantern","Dodecahedron","Pandora\u0027s Box","Frozen Egg 2","Boot","Anchor","Happy Flower","Shuriken","Lizard Tail","Peace Pipe","OrangePellets","Smiling Mask","Darkstone Periapt","StoneCalendar","Art of War","Bottled Lightning"],"potions_floor_usage":[56],"damage_taken":[{"damage":2.0,"enemies":"2 Louse","floor":1.0,"turns":3.0},{"damage":7.0,"enemies":"Jaw Worm","floor":5.0,"turns":5.0},{"damage":2.0,"enemies":"Cultist","floor":7.0,"turns":5.0},{"damage":3.0,"enemies":"3 Sentries","floor":10.0,"turns":7.0},{"damage":8.0,"enemies":"Lagavulin","floor":12.0,"turns":7.0},{"damage":0.0,"enemies":"3 Louse","floor":13.0,"turns":1.0},{"damage":7.0,"enemies":"3 Sentries","floor":14.0,"turns":5.0},{"damage":29.0,"enemies":"Hexaghost","floor":16.0,"turns":9.0},{"damage":15.0,"enemies":"Spheric Guardian","floor":18.0,"turns":3.0},{"damage":5.0,"enemies":"3 Byrds","floor":20.0,"turns":3.0},{"damage":0.0,"enemies":"3 Cultists","floor":24.0,"turns":3.0},{"damage":6.0,"enemies":"Slavers","floor":25.0,"turns":3.0},{"damage":19.0,"enemies":"Centurion and Healer","floor":28.0,"turns":6.0},{"damage":0.0,"enemies":"Book of Stabbing","floor":29.0,"turns":5.0},{"damage":0.0,"enemies":"Snake Plant","floor":30.0,"turns":3.0},{"damage":0.0,"enemies":"Automaton","floor":33.0,"turns":7.0},{"damage":3.0,"enemies":"3 Darklings","floor":35.0,"turns":2.0},{"damage":26.0,"enemies":"2 Orb Walkers","floor":39.0,"turns":5.0},{"damage":6.0,"enemies":"Giant Head","floor":42.0,"turns":9.0},{"damage":0.0,"enemies":"Orb Walker","floor":46.0,"turns":2.0},{"damage":0.0,"enemies":"Sphere and 2 Shapes","floor":48.0,"turns":3.0},{"damage":22.0,"enemies":"Time Eater","floor":50.0,"turns":11.0},{"damage":0.0,"enemies":"Awakened One","floor":51.0,"turns":8.0},{"damage":25.0,"enemies":"Shield and Spear","floor":55.0,"turns":4.0},{"damage":59,"enemies":"The Heart","floor":56,"turns":11}],"seed_played":"7868363476109037159","potions_obtained":[{"floor":5.0,"key":"Fire Potion"},{"floor":11.0,"key":"SneckoOil"},{"floor":11.0,"key":"SpeedPotion"},{"floor":13.0,"key":"Strength Potion"},{"floor":14.0,"key":"Poison Potion"},{"floor":18.0,"key":"Energy Potion"},{"floor":19.0,"key":"Fire Potion"},{"floor":29.0,"key":"PowerPotion"},{"floor":33.0,"key":"Fruit Juice"},{"floor":39.0,"key":"Weak Potion"},{"floor":46.0,"key":"SpeedPotion"}],"is_trial":false,"path_per_floor":["M","?","?","?","M","R","M","R","T","E","?","E","M","E","R","B",null,"M","?","M","?","$","R","M","E","T","R","M","E","M","$","R","B",null,"M","?","?","?","?","R","$","E","T","T","R","M","$","M","R","B","B",null,"R","$","E","B",null],"character_chosen":"DEFECT","items_purchased":["Turbo","Flash of Steel+1","AttackPotion","Chill","OrangePellets","Turbo","Heatsinks+1"],"campfire_rested":2,"item_purchase_floors":[22,22,22,31,41,41,47],"current_hp_per_floor":[62,62,62,62,55,55,53,53,53,50,50,42,42,35,35,6,50,35,35,30,30,30,30,30,24,24,24,5,5,5,5,24,24,54,51,51,51,51,25,44,44,43,43,43,43,43,43,43,43,21,21,57,57,57,32,10],"gold":54,"neow_bonus":"BOSS_RELIC","is_prod":false,"is_daily":false,"chose_seed":false,"campfire_upgraded":7,"win_rate":0,"timestamp":1563606762,"path_taken":["M","?","?","?","M","R","M","R","T","E","?","E","?","E","R","BOSS","M","?","?","?","$","R","M","E","T","R","M","E","M","$","R","BOSS","M","?","?","?","?","R","$","E","T","?","R","M","$","M","R","BOSS","BOSS","R","$","E","BOSS"],"build_version":"2019-07-17","purchased_purges":4,"victory":true,"max_hp_per_floor":[71,64,64,64,64,64,64,64,64,64,64,64,64,64,64,64,64,64,64,64,64,64,64,64,64,64,64,64,64,64,64,64,64,64,64,64,64,64,64,64,64,69,69,69,69,69,69,69,69,69,69,69,69,69,69,69],"card_choices":[{"not_picked":["Redo","Compile Driver"],"picked":"Coolheaded","floor":1.0},{"not_picked":["Beam Cell","Gash"],"picked":"Rip and Tear","floor":5.0},{"not_picked":["Redo","Sweeping Beam"],"picked":"Hologram","floor":7.0},{"not_picked":["Gash","Stack"],"picked":"Sunder","floor":10.0},{"not_picked":["Steam","Blizzard+1","Rip and Tear+1"],"picked":"SKIP","floor":12.0},{"not_picked":["Beam Cell+1","Thunder Strike+1"],"picked":"Defragment","floor":13.0},{"not_picked":["Rebound+1","Beam Cell+1"],"picked":"Defragment","floor":14.0},{"not_picked":["Thunder Strike+1","Biased Cognition"],"picked":"All For One+1","floor":16.0},{"not_picked":["Darkness","Hologram"],"picked":"Coolheaded","floor":18.0},{"not_picked":["Reprogram+1","Barrage+1"],"picked":"Cold Snap+1","floor":20.0},{"not_picked":["Coolheaded","Rebound+1"],"picked":"Conserve Battery","floor":24.0},{"not_picked":["Cold Snap+1","Coolheaded"],"picked":"Loop","floor":25.0},{"not_picked":["Coolheaded","Rebound+1"],"picked":"Scrape+1","floor":28.0},{"not_picked":["Barrage+1","Consume+1"],"picked":"Electrodynamics+1","floor":29.0},{"not_picked":["Stack+1","Leap"],"picked":"Hologram","floor":30.0},{"not_picked":["All For One+1","Creative AI+1"],"picked":"Meteor Strike+1","floor":33.0},{"not_picked":["Leap","FTL+1"],"picked":"Conserve Battery+1","floor":35.0},{"not_picked":["Bandage Up","PanicButton"],"picked":"Finesse","floor":36.0},{"not_picked":["Rebound+1","Stack","Beam Cell+1"],"picked":"SKIP","floor":42.0},{"not_picked":["Rebound+1","Beam Cell+1"],"picked":"Stack","floor":42.0},{"not_picked":["Hologram","Blizzard+1"],"picked":"Go for the Eyes+1","floor":46.0},{"not_picked":["Steam Power","Rip and Tear+1"],"picked":"Reinforced Body","floor":48.0},{"not_picked":["Streamline+1","Stack"],"picked":"Compile Driver+1","floor":55.0}],"player_experience":2045979,"relics_obtained":[{"floor":9.0,"key":"Gremlin Horn"},{"floor":10.0,"key":"Molten Egg 2"},{"floor":10.0,"key":"Ice Cream"},{"floor":12.0,"key":"Ancient Tea Set"},{"floor":12.0,"key":"Dead Branch"},{"floor":14.0,"key":"Lantern"},{"floor":14.0,"key":"Dodecahedron"},{"floor":25.0,"key":"Frozen Egg 2"},{"floor":25.0,"key":"Boot"},{"floor":26.0,"key":"Anchor"},{"floor":29.0,"key":"Happy Flower"},{"floor":29.0,"key":"Shuriken"},{"floor":39.0,"key":"Peace Pipe"},{"floor":42.0,"key":"Smiling Mask"},{"floor":42.0,"key":"Darkstone Periapt"},{"floor":44.0,"key":"StoneCalendar"},{"floor":55.0,"key":"Art of War"},{"floor":55.0,"key":"Bottled Lightning"}],"event_choices":[{"damage_healed":0.0,"max_hp_gain":0.0,"max_hp_loss":7.0,"gold_gain":0.0,"event_name":"Golden Idol","player_choice":"Lose Max HP","floor":2.0,"gold_loss":0.0,"damage_taken":0.0,"relics_obtained":["Golden Idol"]},{"cards_removed":["Strike_B"],"damage_healed":0.0,"max_hp_gain":0.0,"max_hp_loss":0.0,"gold_gain":0.0,"event_name":"The Cleric","player_choice":"Card Removal","floor":3.0,"gold_loss":75.0,"damage_taken":0.0},{"damage_healed":0.0,"max_hp_gain":0.0,"max_hp_loss":0.0,"gold_gain":0.0,"event_name":"Liars Game","player_choice":"Ignored","floor":4.0,"gold_loss":0.0,"damage_taken":0.0},{"damage_healed":0.0,"max_hp_gain":0.0,"max_hp_loss":0.0,"gold_gain":0.0,"event_name":"Lab","player_choice":"Got Potions","floor":11.0,"gold_loss":0.0,"damage_taken":0.0},{"damage_healed":0.0,"max_hp_gain":0.0,"max_hp_loss":0.0,"gold_gain":0.0,"event_name":"The Woman in Blue","player_choice":"Bought 1 Potion","floor":19.0,"gold_loss":0.0,"damage_taken":0.0},{"damage_healed":0.0,"max_hp_gain":0.0,"max_hp_loss":0.0,"gold_gain":0.0,"event_name":"The Mausoleum","player_choice":"Ignored","floor":21.0,"gold_loss":0.0,"damage_taken":0.0},{"damage_healed":0.0,"max_hp_gain":0.0,"max_hp_loss":0.0,"gold_gain":0.0,"event_name":"SensoryStone","player_choice":"Memory 1","floor":36.0,"gold_loss":0.0,"damage_taken":0.0},{"damage_healed":0.0,"max_hp_gain":0.0,"max_hp_loss":0.0,"gold_gain":333.0,"event_name":"The Moai Head","player_choice":"Gave Idol","floor":37.0,"relics_lost":["Golden Idol"],"gold_loss":0.0,"damage_taken":0.0},{"damage_healed":0.0,"max_hp_gain":0.0,"max_hp_loss":0.0,"gold_gain":0.0,"event_name":"Tomb of Lord Red Mask","player_choice":"Ignored","floor":38.0,"gold_loss":0.0,"damage_taken":0.0},{"damage_healed":0.0,"max_hp_gain":0.0,"max_hp_loss":0.0,"gold_gain":0.0,"event_name":"Mysterious Sphere","player_choice":"Fight","floor":39.0,"gold_loss":0.0,"damage_taken":0.0}],"is_beta":false,"boss_relics":[{"not_picked":["Velvet Choker","Empty Cage"],"picked":"Pandora\u0027s Box"},{"not_picked":["Busted Crown","Philosopher\u0027s Stone"],"picked":"Lizard Tail"}],"items_purged_floors":[22,31,41,47],"is_endless":false,"potions_floor_spawned":[5,13,14,18,29,33,39,46],"ascension_level":20}