{"gold_per_floor":[116,132,18,29,29,29,79,112,161,161,178,193,209,224,224,296,296,308,308,358,13,13,46,46,46,71,81,81,16,49,7,7,81,81,96,96,96,112,112,112,129,129,129,129,157,169,47,47,47,47,47,47,47,2,35,35],"floor_reached":57,"playtime":2923,"items_purged":["Hyperbeam","Zap"],"score":2878,"play_id":"4abdc249-21ac-4e13-b584-6cfab2eb3037","local_time":"20190523184857","is_ascension_mode":true,"campfire_choices":[{"data":"Chaos","floor":6.0,"key":"SMITH"},{"data":"Fusion","floor":10.0,"key":"SMITH"},{"data":"Sunder","floor":15.0,"key":"SMITH"},{"data":"Dualcast","floor":25.0,"key":"SMITH"},{"data":"Turbo","floor":28.0,"key":"SMITH"},{"floor":32.0,"key":"REST"},{"data":"Recycle","floor":40.0,"key":"SMITH"},{"data":"Heatsinks","floor":42.0,"key":"SMITH"},{"data":"Coolheaded","floor":44.0,"key":"SMITH"},{"floor":49.0,"key":"RECALL"},{"data":"Skim","floor":53.0,"key":"SMITH"}],"neow_cost":"TEN_PERCENT_HP_LOSS","seed_source_timestamp":0,"circlet_count":0,"master_deck":["AscendersBane","Dualcast+1","Double Energy+1","Fusion+1","Skim","Chaos+1","Sunder+1","Biased Cognition","Ball Lightning","Turbo+1","Hologram","Electrodynamics","Meteor Strike","White Noise","Chill","Recycle+1","Skim+1","Leap+1","Ghostly","Ghostly","Ghostly","Defragment","Defragment","Coolheaded+1","All For One","Biased Cognition+1","Static Discharge+1","Streamline+1","Heatsinks+1","Finesse","Coolheaded","Turbo+1","Storm","Panacea","Seek"],"special_seed":0,"relics":["Cracked Core","Potion Belt","Omamori","Pandora\u0027s Box","Membership Card","Bag of Preparation","Calipers","Bag of Marbles","Juzu Bracelet","Astrolabe","MawBank","Blue Candle","Gremlin Horn"],"potions_floor_usage":[56],"damage_taken":[{"damage":9.0,"enemies":"Jaw Worm","floor":1.0,"turns":4.0},{"damage":0.0,"enemies":"2 Louse","floor":2.0,"turns":3.0},{"damage":6.0,"enemies":"Cultist","floor":4.0,"turns":3.0},{"damage":13.0,"enemies":"Gremlin Nob","floor":8.0,"turns":3.0},{"damage":7.0,"enemies":"Lots of Slimes","floor":11.0,"turns":4.0},{"damage":0.0,"enemies":"Blue Slaver","floor":12.0,"turns":2.0},{"damage":0.0,"enemies":"Looter","floor":13.0,"turns":3.0},{"damage":0.0,"enemies":"Exordium Thugs","floor":14.0,"turns":3.0},{"damage":0.0,"enemies":"Slime Boss","floor":16.0,"turns":7.0},{"damage":7.0,"enemies":"3 Byrds","floor":18.0,"turns":3.0},{"damage":19.0,"enemies":"Gremlin Leader","floor":23.0,"turns":5.0},{"damage":0.0,"enemies":"Shell Parasite","floor":27.0,"turns":5.0},{"damage":4.0,"enemies":"Book of Stabbing","floor":30.0,"turns":4.0},{"damage":32.0,"enemies":"Automaton","floor":33.0,"turns":11.0},{"damage":4.0,"enemies":"3 Darklings","floor":35.0,"turns":6.0},{"damage":5.0,"enemies":"Orb Walker","floor":38.0,"turns":5.0},{"damage":5.0,"enemies":"Transient","floor":41.0,"turns":6.0},{"damage":7.0,"enemies":"Nemesis","floor":45.0,"turns":7.0},{"damage":0.0,"enemies":"Awakened One","floor":50.0,"turns":7.0},{"damage":9.0,"enemies":"Donu and Deca","floor":51.0,"turns":6.0},{"damage":0.0,"enemies":"Shield and Spear","floor":55.0,"turns":4.0},{"damage":25,"enemies":"The Heart","floor":56,"turns":11}],"seed_played":"-8937512382727465172","potions_obtained":[{"floor":1.0,"key":"SteroidPotion"},{"floor":2.0,"key":"Strength Potion"},{"floor":12.0,"key":"EssenceOfSteel"},{"floor":13.0,"key":"FearPotion"},{"floor":18.0,"key":"FocusPotion"},{"floor":27.0,"key":"FairyPotion"},{"floor":30.0,"key":"Explosive Potion"},{"floor":45.0,"key":"Weak Potion"}],"is_trial":false,"path_per_floor":["M","M","$","M","?","R","?","E","T","R","M","M","M","M","R","B",null,"M","?","?","$","$","E","?","R","T","M","R","$","E","$","R","B",null,"M","?","?","M","?","R","M","R","T","R","E","T","$","?","R","B","B",null,"R","$","E","B",null],"character_chosen":"DEFECT","items_purchased":["Blizzard","Chaos","Membership Card","Bag of Preparation","Defragment","PowerPotion","GamblersBrew","Ancient Potion","Storm","Panacea"],"campfire_rested":1,"item_purchase_floors":[3,3,21,21,29,29,31,47,47,54],"current_hp_per_floor":[55,55,55,49,30,30,24,11,11,11,4,4,4,4,4,4,49,42,25,25,25,25,6,6,6,6,6,6,6,2,2,12,3,26,22,22,22,17,17,17,12,12,12,12,5,5,5,28,28,28,19,26,26,26,26,1],"gold":35,"neow_bonus":"TRANSFORM_TWO_CARDS","is_prod":false,"is_daily":false,"chose_seed":false,"campfire_upgraded":9,"win_rate":0,"timestamp":1558608537,"path_taken":["M","M","$","M","?","R","?","E","T","R","?","?","M","M","R","BOSS","M","?","?","$","?","E","?","R","T","M","R","?","E","$","R","BOSS","M","?","?","M","?","R","M","R","T","R","E","?","$","?","R","BOSS","BOSS","R","$","E","BOSS"],"build_version":"2019-01-23","purchased_purges":2,"victory":true,"max_hp_per_floor":[64,64,64,64,64,64,64,64,64,64,64,64,64,64,64,64,64,64,69,69,69,69,69,34,34,34,34,34,34,34,34,34,34,34,34,34,34,34,34,34,34,34,34,34,34,34,34,28,28,28,28,28,28,28,28,28],"card_choices":[{"not_picked":["Steam","Cold Snap"],"picked":"Skim","floor":1.0},{"not_picked":["Sweeping Beam","Hologram"],"picked":"Cold Snap","floor":2.0},{"not_picked":["Lockon","Steam Power"],"picked":"Sunder","floor":4.0},{"not_picked":["Streamline","Rebound"],"picked":"Biased Cognition","floor":8.0},{"not_picked":["Barrage","Doom and Gloom"],"picked":"Ball Lightning","floor":11.0},{"not_picked":["Rebound","Ball Lightning"],"picked":"Turbo","floor":12.0},{"not_picked":["Rebound","Barrage"],"picked":"Hologram","floor":13.0},{"not_picked":["Go for the Eyes","Lockon","Stack"],"picked":"SKIP","floor":14.0},{"not_picked":["All For One","Seek"],"picked":"Electrodynamics","floor":16.0},{"not_picked":["Consume","Storm"],"picked":"Skim","floor":18.0},{"not_picked":["Hello World","Fusion"],"picked":"Leap+1","floor":23.0},{"not_picked":["Coolheaded","Stack"],"picked":"Defragment","floor":27.0},{"not_picked":["Force Field","Beam Cell"],"picked":"Coolheaded","floor":30.0},{"not_picked":["Fission","Thunder Strike"],"picked":"All For One","floor":33.0},{"not_picked":["Fusion","Reprogram"],"picked":"Heatsinks","floor":35.0},{"not_picked":["Darkness","Beam Cell+1","FTL"],"picked":"SKIP","floor":38.0},{"not_picked":["Swift Strike","PanicButton"],"picked":"Finesse","floor":39.0},{"not_picked":["Steam","Sweeping Beam"],"picked":"Coolheaded","floor":41.0},{"not_picked":["Ball Lightning","Self Repair"],"picked":"Turbo+1","floor":45.0},{"not_picked":["Hyperbeam","Leap+1"],"picked":"Seek","floor":55.0}],"player_experience":1747442,"relics_obtained":[{"floor":8.0,"key":"Potion Belt"},{"floor":9.0,"key":"Omamori"},{"floor":23.0,"key":"Calipers"},{"floor":26.0,"key":"Bag of Marbles"},{"floor":30.0,"key":"Juzu Bracelet"},{"floor":45.0,"key":"MawBank"},{"floor":46.0,"key":"Blue Candle"},{"floor":55.0,"key":"Gremlin Horn"}],"event_choices":[{"damage_healed":0.0,"max_hp_gain":0.0,"max_hp_loss":0.0,"gold_gain":0.0,"event_name":"Shining Light","player_choice":"Entered Light","floor":5.0,"gold_loss":0.0,"damage_taken":19.0,"cards_upgraded":["Double Energy","Defend_B"]},{"damage_healed":0.0,"max_hp_gain":0.0,"max_hp_loss":0.0,"gold_gain":50.0,"event_name":"FaceTrader","player_choice":"Touch","floor":7.0,"gold_loss":0.0,"damage_taken":6.0},{"damage_healed":0.0,"max_hp_gain":5.0,"max_hp_loss":0.0,"gold_gain":0.0,"event_name":"Forgotten Altar","player_choice":"Shed Blood","floor":19.0,"gold_loss":0.0,"damage_taken":22.0},{"damage_healed":0.0,"max_hp_gain":0.0,"max_hp_loss":0.0,"gold_gain":50.0,"event_name":"Nest","player_choice":"Stole From Cult","floor":20.0,"gold_loss":0.0,"damage_taken":0.0},{"damage_healed":0.0,"max_hp_gain":0.0,"max_hp_loss":35.0,"gold_gain":0.0,"event_name":"Ghosts","player_choice":"Became a Ghost","floor":24.0,"gold_loss":0.0,"damage_taken":0.0,"cards_obtained":["Ghostly","Ghostly","Ghostly"]},{"damage_healed":0.0,"max_hp_gain":0.0,"max_hp_loss":0.0,"gold_gain":0.0,"event_name":"Tomb of Lord Red Mask","player_choice":"Ignored","floor":36.0,"gold_loss":0.0,"damage_taken":0.0},{"damage_healed":0.0,"max_hp_gain":0.0,"max_hp_loss":0.0,"gold_gain":0.0,"event_name":"Mysterious Sphere","player_choice":"Ignored","floor":37.0,"gold_loss":0.0,"damage_taken":0.0},{"damage_healed":0.0,"max_hp_gain":0.0,"max_hp_loss":0.0,"gold_gain":0.0,"event_name":"SensoryStone","player_choice":"Memory 1","floor":39.0,"gold_loss":0.0,"damage_taken":0.0},{"damage_healed":28.0,"max_hp_gain":0.0,"max_hp_loss":6.0,"gold_gain":0.0,"event_name":"The Moai Head","player_choice":"Heal","floor":48.0,"gold_loss":0.0,"damage_taken":0.0}],"is_beta":false,"boss_relics":[{"not_picked":["Orrery","Empty Cage"],"picked":"Pandora\u0027s Box"},{"not_picked":["Inserter","White Beast Statue"],"picked":"Astrolabe"}],"items_purged_floors":[21,47],"is_endless":false,"potions_floor_spawned":[1,2,4,12,13,18,27,30,45],"ascension_level":20}