{"gold_per_floor":[113,126,137,152,162,162,176,176,248,248,280,230,250,277,277,381,381,400,140,160,171,181,181,181,201,201,221,247,95,95,113,113,216,216,232,232,251,251,4,35,35,35,35,65,78,78,126,142,142,142,142,142,142,169,169],"floor_reached":55,"playtime":6058,"items_purged":[],"score":841,"play_id":"b0667fb1-e519-439f-99dc-185fb8a6a1ad","local_time":"20181219151902","is_ascension_mode":false,"campfire_choices":[{"data":"Flex","floor":6,"key":"SMITH"},{"data":"Heavy Blade","floor":8,"key":"SMITH"},{"data":"Disarm","floor":10,"key":"SMITH"},{"floor":15,"key":"REST"},{"data":"Apotheosis","floor":23,"key":"SMITH"},{"data":"Metallicize","floor":30,"key":"SMITH"},{"floor":32,"key":"RECALL"},{"data":"Discovery","floor":42,"key":"SMITH"},{"floor":46,"key":"REST"},{"floor":49,"key":"REST"},{"data":"Shrug It Off","floor":52,"key":"SMITH"}],"neow_cost":"NONE","seed_source_timestamp":192714412081381,"circlet_count":0,"master_deck":["Strike_R","Strike_R","Strike_R","Strike_R","Strike_R","Defend_R","Defend_R","Defend_R","Bash","Disarm+1","Shrug It Off","Flex+1","Heavy Blade+1","Shrug It Off","Shrug It Off+1","Headbutt","Barricade+1","Entrench","Apotheosis+1","Disarm","Second Wind","Body Slam","Infernal Blade","Metallicize+1","True Grit+1","Body Slam","Whirlwind","Exhume","Entrench+1","Discovery+1","Flex+1","Good Instincts","Iron Wave+1","Feel No Pain+1","Shrug It Off+1","Armaments+1","Body Slam+1"],"relics":["Burning Blood","Lantern","Bag of Marbles","Bird Faced Urn","Sozu","Meat on the Bone","Orichalcum","Ancient Tea Set","Mark of Pain","Bag of Preparation","Dodecahedron","Smiling Mask","Mercury Hourglass","Peace Pipe","Pen Nib"],"potions_floor_usage":[4,13,28,28,28],"damage_taken":[{"damage":6,"enemies":"Jaw Worm","floor":1,"turns":3},{"damage":6,"enemies":"2 Louse","floor":2,"turns":3},{"damage":0,"enemies":"Cultist","floor":3,"turns":3},{"damage":0,"enemies":"Large Slime","floor":4,"turns":4},{"damage":5,"enemies":"Looter","floor":5,"turns":2},{"damage":21,"enemies":"Exordium Thugs","floor":7,"turns":8},{"damage":20,"enemies":"3 Sentries","floor":11,"turns":8},{"damage":2,"enemies":"Gremlin Gang","floor":13,"turns":4},{"damage":18,"enemies":"Gremlin Nob","floor":14,"turns":4},{"damage":22,"enemies":"Hexaghost","floor":16,"turns":11},{"damage":3,"enemies":"2 Thieves","floor":18,"turns":4},{"damage":5,"enemies":"3 Byrds","floor":20,"turns":8},{"damage":10,"enemies":"Snake Plant","floor":21,"turns":6},{"damage":21,"enemies":"Centurion and Healer","floor":22,"turns":11},{"damage":12,"enemies":"Cultist and Chosen","floor":25,"turns":7},{"damage":14,"enemies":"3 Cultists","floor":27,"turns":7},{"damage":0,"enemies":"Gremlin Leader","floor":28,"turns":8},{"damage":0,"enemies":"Centurion and Healer","floor":31,"turns":6},{"damage":3,"enemies":"Collector","floor":33,"turns":11},{"damage":12,"enemies":"3 Darklings","floor":35,"turns":5},{"damage":3,"enemies":"Orb Walker","floor":37,"turns":5},{"damage":13,"enemies":"Nemesis","floor":40,"turns":9},{"damage":63,"enemies":"Giant Head","floor":44,"turns":11},{"damage":6,"enemies":"Jaw Worm Horde","floor":45,"turns":4},{"damage":37,"enemies":"2 Orb Walkers","floor":47,"turns":5},{"damage":5,"enemies":"Spire Growth","floor":48,"turns":6},{"damage":26,"enemies":"Time Eater","floor":50,"turns":14},{"damage":31,"enemies":"Shield and Spear","floor":54,"turns":11},{"damage":68,"enemies":"The Heart","floor":55,"turns":5}],"seed_played":"6543446022083418931","potions_obtained":[{"floor":1,"key":"Weak Potion"},{"floor":3,"key":"Fire Potion"},{"floor":4,"key":"Dexterity Potion"},{"floor":11,"key":"Strength Potion"},{"floor":13,"key":"PowerPotion"},{"floor":16,"key":"EntropicBrew"}],"is_trial":false,"path_per_floor":["M","M","M","M","M","R","M","R","T","R","E","?","M","E","R","B",null,"M","$","M","M","M","R","?","M","T","M","E","$","R","M","R","B",null,"M","?","M","?","$","E","?","R","T","E","M","R","?","M","R","B",null,"R","$","E","B"],"character_chosen":"IRONCLAD","items_purchased":["Apotheosis","Disarm","Ancient Tea Set","Good Instincts","Bag of Preparation"],"campfire_rested":3,"item_purchase_floors":[19,19,29,39,39],"current_hp_per_floor":[80,80,80,80,80,80,65,65,65,65,51,51,55,43,67,51,80,80,80,80,78,65,65,65,61,61,57,67,67,67,77,77,80,80,76,76,80,80,80,75,75,75,75,34,50,74,49,52,76,64,80,80,80,59,0],"gold":169,"neow_bonus":"RANDOM_COMMON_RELIC","is_prod":false,"is_daily":false,"chose_seed":false,"campfire_upgraded":7,"win_rate":0,"timestamp":1545250742,"path_taken":["M","M","M","M","M","R","M","R","T","R","E","?","M","E","R","BOSS","M","$","M","M","M","R","?","M","T","M","E","$","R","M","R","BOSS","M","?","M","?","$","E","?","R","T","E","?","R","?","M","R","BOSS","R","$","E","BOSS"],"build_version":"2018-12-13","purchased_purges":0,"victory":false,"max_hp_per_floor":[80,80,80,80,80,80,80,80,80,80,80,80,80,80,80,80,80,80,80,80,80,80,80,80,80,80,80,80,80,80,80,80,80,80,80,80,80,80,80,80,80,80,80,80,80,80,80,80,80,80,80,80,80,80,80],"card_choices":[{"not_picked":["Armaments","Hemokinesis"],"picked":"Disarm","floor":1},{"not_picked":["Anger","Shockwave"],"picked":"Shrug It Off","floor":2},{"not_picked":["Metallicize","Armaments"],"picked":"Flex","floor":3},{"not_picked":["Flex","Entrench"],"picked":"Heavy Blade","floor":4},{"not_picked":["Power Through","True Grit"],"picked":"Shrug It Off","floor":5},{"not_picked":["Evolve","True Grit"],"picked":"Shrug It Off","floor":7},{"not_picked":["Wild Strike","Thunderclap","Bludgeon"],"picked":"SKIP","floor":11},{"not_picked":["Clothesline","Combust","Carnage"],"picked":"SKIP","floor":13},{"not_picked":["Pommel Strike","Shrug It Off"],"picked":"Headbutt","floor":14},{"not_picked":["Fiend Fire","Dark Embrace"],"picked":"Barricade","floor":16},{"not_picked":["Rampage","Spot Weakness+1"],"picked":"Entrench","floor":18},{"not_picked":["Uppercut","Carnage"],"picked":"Second Wind","floor":20},{"not_picked":["Cleave","Shrug It Off"],"picked":"Body Slam","floor":21},{"not_picked":["Pommel Strike","Wild Strike"],"picked":"Infernal Blade","floor":22},{"not_picked":["Fire Breathing","Evolve"],"picked":"Metallicize","floor":25},{"not_picked":["Disarm","Rupture"],"picked":"True Grit+1","floor":27},{"not_picked":["Flame Barrier","Heavy Blade"],"picked":"Body Slam","floor":28},{"not_picked":["Twin Strike+1","Anger"],"picked":"Whirlwind","floor":31},{"not_picked":["Berserk","Dark Embrace"],"picked":"Exhume","floor":33},{"not_picked":["Perfected Strike","Corruption"],"picked":"Entrench+1","floor":35},{"not_picked":["Metamorphosis","Blind"],"picked":"Discovery","floor":36},{"not_picked":["True Grit+1","Iron Wave"],"picked":"Flex+1","floor":37},{"not_picked":["Whirlwind+1","Body Slam"],"picked":"Iron Wave+1","floor":40},{"not_picked":["Searing Blow","Barricade"],"picked":"Feel No Pain+1","floor":44},{"not_picked":["Havoc","Wild Strike+1","Cleave+1"],"picked":"SKIP","floor":45},{"not_picked":["Heavy Blade","Pummel"],"picked":"Shrug It Off+1","floor":47},{"not_picked":["Perfected Strike+1","Cleave"],"picked":"Armaments+1","floor":48},{"not_picked":["Pommel Strike+1","Immolate"],"picked":"Body Slam+1","floor":54}],"player_experience":450410,"relics_obtained":[{"floor":11,"key":"Bag of Marbles"},{"floor":14,"key":"Bird Faced Urn"},{"floor":26,"key":"Meat on the Bone"},{"floor":28,"key":"Orichalcum"},{"floor":40,"key":"Dodecahedron"},{"floor":43,"key":"Smiling Mask"},{"floor":44,"key":"Mercury Hourglass"},{"floor":47,"key":"Peace Pipe"},{"floor":54,"key":"Pen Nib"}],"event_choices":[{"cards_removed":["Defend_R"],"damage_healed":0,"gold_gain":0,"player_choice":"Card Removal","damage_taken":0,"max_hp_gain":0,"max_hp_loss":0,"event_name":"The Cleric","floor":12,"gold_loss":50},{"damage_healed":0,"gold_gain":0,"player_choice":"Ignored","damage_taken":0,"max_hp_gain":0,"max_hp_loss":0,"event_name":"Ghosts","floor":24,"gold_loss":0},{"damage_healed":0,"gold_gain":0,"player_choice":"Memory 1","damage_taken":0,"max_hp_gain":0,"max_hp_loss":0,"event_name":"SensoryStone","floor":36,"gold_loss":0},{"damage_healed":0,"gold_gain":0,"player_choice":"Ignored","damage_taken":0,"max_hp_gain":0,"max_hp_loss":0,"event_name":"Tomb of Lord Red Mask","floor":38,"gold_loss":0},{"damage_healed":0,"gold_gain":0,"player_choice":"Upgraded","damage_taken":0,"max_hp_gain":0,"max_hp_loss":0,"event_name":"Upgrade Shrine","floor":41,"gold_loss":0,"cards_upgraded":["Barricade"]},{"damage_healed":0,"gold_gain":0,"player_choice":"Fight","damage_taken":0,"max_hp_gain":0,"max_hp_loss":0,"event_name":"Mysterious Sphere","floor":47,"gold_loss":0}],"is_beta":false,"boss_relics":[{"not_picked":["Runic Pyramid","Lizard Tail"],"picked":"Sozu"},{"not_picked":["Coffee Dripper","Philosopher\u0027s Stone"],"picked":"Mark of Pain"}],"items_purged_floors":[],"is_endless":false,"potions_floor_spawned":[1,3,4,11,13,16,25,31,33,35,40,44,54],"killed_by":"The Heart","ascension_level":0}