{"gold_per_floor":[211,225,225,26,43,71,71,90,139,139,159,170,180,180,180,280,280,292,292,292,312,325,325,250,250,273,293,293,307,334,334],"floor_reached":31,"playtime":1190,"items_purged":["Strike_G"],"score":396,"play_id":"8b08d1f9-1dca-4218-b782-f523a5b100e9","local_time":"20190515165421","is_ascension_mode":true,"campfire_choices":[{"data":"Blade Dance","floor":7,"key":"SMITH"},{"floor":10,"key":"REST"},{"data":"Finisher","floor":15,"key":"SMITH"},{"floor":23,"key":"REST"},{"data":"Cloak And Dagger","floor":25,"key":"SMITH"},{"floor":28,"key":"REST"}],"neow_cost":"NONE","seed_source_timestamp":23749865610416,"circlet_count":0,"master_deck":["Defend_G","Defend_G","Defend_G","Defend_G","Defend_G","Strike_G","Strike_G","Strike_G","Strike_G","Survivor","Neutralize","Flying Knee","Blade Dance+1","Finisher+1","PiercingWail","Finisher+1","Cloak And Dagger+1","Cloak And Dagger","Backstab","J.A.X.","Blade Dance","Blade Dance","Burst","Deadly Poison","Blade Dance"],"relics":["Ring of the Snake","Blue Candle","ClockworkSouvenir","Vajra","Dream Catcher","Orrery","Bronze Scales","Omamori"],"potions_floor_usage":[6,16,16,22,30,30,30],"damage_taken":[{"damage":0,"enemies":"Cultist","floor":1,"turns":4},{"damage":3,"enemies":"2 Louse","floor":2,"turns":3},{"damage":3,"enemies":"Small Slimes","floor":5,"turns":4},{"damage":18,"enemies":"Gremlin Nob","floor":6,"turns":5},{"damage":0,"enemies":"2 Fungi Beasts","floor":8,"turns":2},{"damage":0,"enemies":"Exordium Thugs","floor":11,"turns":3},{"damage":0,"enemies":"Large Slime","floor":12,"turns":4},{"damage":8,"enemies":"Exordium Wildlife","floor":13,"turns":2},{"damage":0,"enemies":"Slime Boss","floor":16,"turns":3},{"damage":0,"enemies":"Spheric Guardian","floor":18,"turns":2},{"damage":30,"enemies":"3 Byrds","floor":21,"turns":6},{"damage":20,"enemies":"3 Cultists","floor":22,"turns":5},{"damage":0,"enemies":"Snecko","floor":27,"turns":2},{"damage":17,"enemies":"Sentry and Sphere","floor":29,"turns":4},{"damage":23,"enemies":"Gremlin Leader","floor":30,"turns":6},{"damage":24,"enemies":"Snake Plant","floor":31,"turns":1}],"seed_played":"-4468599696645403612","potions_obtained":[{"floor":2,"key":"Weak Potion"},{"floor":6,"key":"PowerPotion"},{"floor":8,"key":"Poison Potion"},{"floor":11,"key":"SteroidPotion"},{"floor":16,"key":"GamblersBrew"},{"floor":18,"key":"Strength Potion"},{"floor":27,"key":"Energy Potion"},{"floor":30,"key":"LiquidBronze"}],"is_trial":false,"path_per_floor":["M","M","T","$","M","E","R","M","T","R","M","M","M","?","R","B",null,"M","?","?","M","M","R","$","R","T","M","R","M","E","M"],"character_chosen":"THE_SILENT","items_purchased":["ClockworkSouvenir"],"campfire_rested":3,"item_purchase_floors":[4],"current_hp_per_floor":[70,67,67,67,64,46,46,46,46,67,67,67,59,59,59,59,70,70,70,70,40,20,41,41,41,41,41,62,45,22,0],"gold":334,"neow_bonus":"HUNDRED_GOLD","is_prod":false,"is_daily":false,"chose_seed":false,"campfire_upgraded":3,"win_rate":0,"timestamp":1557953661,"path_taken":["M","M","?","$","M","E","R","M","T","R","M","M","?","?","R","BOSS","M","?","?","M","?","R","$","R","T","M","R","M","E","M"],"build_version":"2019-01-23","purchased_purges":1,"victory":false,"max_hp_per_floor":[70,70,70,70,70,70,70,70,70,70,70,70,70,70,70,70,70,70,70,70,70,70,70,70,70,70,70,70,70,70,70],"card_choices":[{"not_picked":["Quick Slash","Finisher"],"picked":"Flying Knee","floor":1},{"not_picked":["Predator","Backflip"],"picked":"Blade Dance","floor":2},{"not_picked":["Prepared","Dodge and Roll","Sucker Punch"],"picked":"SKIP","floor":5},{"not_picked":["Heel Hook","Phantasmal Killer"],"picked":"Finisher","floor":6},{"not_picked":["Acrobatics","Quick Slash"],"picked":"PiercingWail","floor":8},{"not_picked":["Choke","Dagger Throw"],"picked":"Finisher","floor":10},{"not_picked":["Sucker Punch","Dodge and Roll","Slice"],"picked":"SKIP","floor":11},{"not_picked":["Poisoned Stab","Acrobatics","Dodge and Roll"],"picked":"SKIP","floor":12},{"not_picked":["Backflip","Poisoned Stab","Sucker Punch"],"picked":"SKIP","floor":13},{"not_picked":["Bane","Prepared"],"picked":"Cloak And Dagger","floor":17},{"not_picked":["PiercingWail","Finisher"],"picked":"Cloak And Dagger","floor":17},{"not_picked":["Infinite Blades+1","Bouncing Flask+1"],"picked":"Backstab","floor":18},{"not_picked":["Dagger Throw+1","Dodge and Roll","Acrobatics"],"picked":"SKIP","floor":21},{"not_picked":["Deadly Poison","Acrobatics"],"picked":"Blade Dance","floor":22},{"not_picked":["Dagger Spray+1","Dodge and Roll"],"picked":"Blade Dance","floor":23},{"not_picked":["Bane","Backstab"],"picked":"Burst","floor":27},{"not_picked":["Dagger Spray","Blur"],"picked":"Deadly Poison","floor":28},{"not_picked":["Noxious Fumes","Poisoned Stab"],"picked":"Blade Dance","floor":29},{"not_picked":["Malaise","Acrobatics","Dagger Throw"],"picked":"SKIP","floor":30}],"player_experience":994224,"relics_obtained":[{"floor":3,"key":"Blue Candle"},{"floor":6,"key":"Vajra"},{"floor":9,"key":"Dream Catcher"},{"floor":26,"key":"Bronze Scales"},{"floor":30,"key":"Omamori"}],"event_choices":[{"damage_healed":0,"gold_gain":0,"player_choice":"Grow","damage_taken":0,"max_hp_gain":0,"max_hp_loss":0,"event_name":"Living Wall","floor":14,"gold_loss":0,"cards_upgraded":["Finisher"]},{"damage_healed":0,"gold_gain":0,"player_choice":"Obtain J.A.X.","damage_taken":0,"max_hp_gain":0,"max_hp_loss":0,"event_name":"Drug Dealer","floor":19,"gold_loss":0,"cards_obtained":["J.A.X."]},{"damage_healed":0,"gold_gain":0,"player_choice":"Ignored","damage_taken":0,"max_hp_gain":0,"max_hp_loss":0,"event_name":"N\u0027loth","floor":20,"gold_loss":0}],"is_beta":false,"boss_relics":[{"not_picked":["HoveringKite","Snecko Eye"],"picked":"Orrery"}],"items_purged_floors":[24],"is_endless":false,"potions_floor_spawned":[2,6,8,11,12,16,18,27,29,30],"killed_by":"Snake Plant","ascension_level":4}