{"gold_per_floor":[119,119,136,146,162,162,192,211,234,251,279,291,319,14,14,119,119,130,130,147,162,8,8,8],"floor_reached":24,"playtime":1657,"items_purged":[],"score":273,"play_id":"8ef96526-bdc5-4251-8cad-e88a2c92e519","local_time":"20190805170357","is_ascension_mode":true,"campfire_choices":[{"data":"Bash","floor":6,"key":"SMITH"},{"data":"Seeing Red","floor":12,"key":"SMITH"},{"floor":15,"key":"REST"},{"data":"Blind","floor":23,"key":"SMITH"}],"neow_cost":"NONE","seed_source_timestamp":53093263117800,"circlet_count":0,"master_deck":["Bash+1","Thunderclap","Anger","Clash","Iron Wave","Seeing Red+1","Fire Breathing","Spot Weakness","Headbutt","Blind+1","Cleave","Sadistic Nature","Reaper","Dropkick","Second Wind","Flex","Exhume","Havoc","Juggernaut","Corruption","Pummel","Thunderclap+1","Necronomicurse","Pommel Strike+1","Anger+1","Reaper"],"relics":["Burning Blood","Art of War","Calipers","Vajra","MawBank","Pandora\u0027s Box","Necronomicon"],"potions_floor_usage":[7,8,16,16,18],"damage_taken":[{"damage":9,"enemies":"2 Louse","floor":1,"turns":2},{"damage":1,"enemies":"Cultist","floor":3,"turns":3},{"damage":9,"enemies":"Jaw Worm","floor":4,"turns":3},{"damage":7,"enemies":"Exordium Wildlife","floor":5,"turns":3},{"damage":15,"enemies":"Lagavulin","floor":7,"turns":4},{"damage":3,"enemies":"Blue Slaver","floor":8,"turns":2},{"damage":5,"enemies":"Large Slime","floor":10,"turns":4},{"damage":30,"enemies":"3 Sentries","floor":11,"turns":7},{"damage":13,"enemies":"Red Slaver","floor":13,"turns":3},{"damage":9,"enemies":"Hexaghost","floor":16,"turns":8},{"damage":9,"enemies":"Chosen","floor":18,"turns":3},{"damage":28,"enemies":"Spheric Guardian","floor":20,"turns":4},{"damage":47,"enemies":"Snecko","floor":21,"turns":5},{"damage":28,"enemies":"Book of Stabbing","floor":24,"turns":2}],"seed_played":"3100364710433734097","potions_obtained":[{"floor":3,"key":"Energy Potion"},{"floor":5,"key":"Dexterity Potion"},{"floor":11,"key":"PowerPotion"},{"floor":13,"key":"EssenceOfSteel"},{"floor":16,"key":"PowerPotion"},{"floor":21,"key":"FearPotion"}],"is_trial":false,"path_per_floor":["M","?","M","M","M","R","E","M","T","M","E","R","M","$","R","B",null,"M","?","M","M","$","R","E"],"character_chosen":"IRONCLAD","items_purchased":["Blind","Cleave","Sadistic Nature","Reaper"],"campfire_rested":1,"item_purchase_floors":[14,14,14,22],"current_hp_per_floor":[69,69,74,71,70,70,61,64,64,65,41,41,34,34,58,55,74,71,55,53,24,24,24,0],"gold":8,"neow_bonus":"RANDOM_COMMON_RELIC","is_prod":false,"is_daily":false,"chose_seed":false,"campfire_upgraded":3,"win_rate":0,"timestamp":1565042637,"path_taken":["M","?","M","M","?","R","E","M","T","M","E","R","M","$","R","BOSS","M","?","M","M","$","R","E"],"build_version":"2019-07-17","purchased_purges":0,"victory":false,"max_hp_per_floor":[80,80,80,80,80,80,80,80,80,80,80,80,80,80,80,80,80,80,80,80,80,80,80,80],"card_choices":[{"not_picked":["True Grit","Hemokinesis"],"picked":"Thunderclap","floor":1},{"not_picked":["Clothesline","Heavy Blade"],"picked":"Anger","floor":3},{"not_picked":["Body Slam","Sword Boomerang"],"picked":"Clash","floor":4},{"not_picked":["Power Through","Warcry"],"picked":"Iron Wave","floor":5},{"not_picked":["Wild Strike","Sentinel"],"picked":"Seeing Red","floor":7},{"not_picked":["Havoc","Dual Wield"],"picked":"Fire Breathing","floor":8},{"not_picked":["Anger","Warcry"],"picked":"Spot Weakness","floor":10},{"not_picked":["Barricade","Havoc","Perfected Strike"],"picked":"SKIP","floor":11},{"not_picked":["Clothesline","Pommel Strike"],"picked":"Headbutt","floor":13},{"not_picked":["Impervious","Fiend Fire"],"picked":"Reaper","floor":16},{"not_picked":["Wild Strike","Corruption"],"picked":"Thunderclap+1","floor":18},{"not_picked":["Feel No Pain+1","Shrug It Off"],"picked":"Pommel Strike+1","floor":20},{"not_picked":["Carnage","Perfected Strike+1"],"picked":"Anger+1","floor":21}],"player_experience":234426,"relics_obtained":[{"floor":7,"key":"Calipers"},{"floor":9,"key":"Vajra"},{"floor":11,"key":"MawBank"},{"floor":19,"key":"Necronomicon"}],"event_choices":[{"cards_removed":["Strike_R"],"damage_healed":0,"gold_gain":0,"player_choice":"Purged","damage_taken":0,"max_hp_gain":0,"max_hp_loss":0,"event_name":"Purifier","floor":2,"gold_loss":0},{"damage_healed":0,"gold_gain":0,"player_choice":"Obtained Book","damage_taken":16,"max_hp_gain":0,"max_hp_loss":0,"event_name":"Cursed Tome","floor":19,"gold_loss":0}],"is_beta":false,"boss_relics":[{"not_picked":["Astrolabe","Runic Cube"],"picked":"Pandora\u0027s Box"}],"items_purged_floors":[],"is_endless":false,"potions_floor_spawned":[3,5,11,13,16,21],"killed_by":"Book of Stabbing","ascension_level":6}