{"gold_per_floor":[118,118,71,85,85,85,112,132,156,122,122,122,133,98,98,98],"floor_reached":16,"playtime":618,"items_purged":[],"score":132,"play_id":"be180182-fade-43c4-afac-72d031d1a5f9","local_time":"20180726103050","is_ascension_mode":true,"campfire_choices":[{"data":"Neutralize","floor":6,"key":"SMITH"},{"data":"Footwork","floor":11,"key":"SMITH"},{"data":"Cloak And Dagger","floor":15,"key":"SMITH"}],"neow_cost":"NONE","seed_source_timestamp":417053254972242,"circlet_count":0,"master_deck":["Defend_G","Defend_G","Defend_G","Defend_G","Defend_G","Strike_G","Strike_G","Strike_G","Strike_G","Strike_G","Survivor","Neutralize+1","Escape Plan","Backflip","Footwork+1","Dagger Throw","Flying Knee","Infinite Blades","Cloak And Dagger+1"],"relics":["Philosopher\u0027s Stone","Strawberry","Paper Crane","Anchor"],"potions_floor_usage":[7],"damage_taken":[{"damage":2,"enemies":"Jaw Worm","floor":1,"turns":4},{"damage":0,"enemies":"Small Slimes","floor":4,"turns":3},{"damage":20,"enemies":"Lagavulin","floor":7,"turns":11},{"damage":10,"enemies":"2 Louse","floor":8,"turns":2},{"damage":0,"enemies":"Exordium Wildlife","floor":13,"turns":4},{"damage":45,"enemies":"Slime Boss","floor":16,"turns":9}],"seed_played":"-6546320221646550019","potions_obtained":[{"floor":1,"key":"GamblersBrew"},{"floor":13,"key":"Regen Potion"}],"is_trial":false,"path_per_floor":["M","?","$","M","?","R","E","M","T","$","R","$","M","?","R"],"character_chosen":"THE_SILENT","items_purchased":["Backflip","Infinite Blades"],"campfire_rested":0,"item_purchase_floors":[3,10],"current_hp_per_floor":[61,61,61,61,56,56,36,26,26,26,26,26,26,45,45,0],"gold":98,"neow_bonus":"BOSS_RELIC","is_prod":false,"is_daily":false,"chose_seed":false,"campfire_upgraded":3,"win_rate":0,"timestamp":1532615450,"path_taken":["M","?","$","M","?","R","E","?","T","$","R","?","M","?","R","BOSS"],"build_version":"2018-07-19v2","purchased_purges":0,"victory":false,"max_hp_per_floor":[70,70,70,70,77,77,77,77,77,77,77,77,77,77,77,77],"card_choices":[{"not_picked":["Calculated Gamble","Terror"],"picked":"Escape Plan","floor":1},{"not_picked":["Dodge and Roll","Quick Slash"],"picked":"Footwork","floor":4},{"not_picked":["Well Laid Plans","Quick Slash"],"picked":"Dagger Throw","floor":7},{"not_picked":["Prepared","Skewer"],"picked":"Flying Knee","floor":8},{"not_picked":["Backflip","Underhanded Strike"],"picked":"Cloak And Dagger","floor":13}],"player_experience":334573,"relics_obtained":[{"floor":7,"key":"Paper Crane"},{"floor":9,"key":"Anchor"}],"event_choices":[{"event_name":"Golden Wing","player_choice":"Ignored","floor":2,"damage_taken":0},{"event_name":"Scrap Ooze","player_choice":"success","floor":5,"damage_taken":12},{"event_name":"The Cleric","player_choice":"Healed","floor":14,"damage_taken":0}],"is_beta":false,"boss_relics":[],"items_purged_floors":[],"is_endless":false,"potions_floor_spawned":[1,13],"killed_by":"Slime Boss","ascension_level":7}