{"gold_per_floor":[117,117,129,44,44,72,72,87,87,99,49,49,84,104,104,182,182,199,199,199,199,149,149,179,179,179,189,199,218,228,178,178,250,250,264,264,264,125,145,145,157,176,230,255,268,303,303,328,328,328,328,328,328,136,165,165],"floor_reached":57,"playtime":2709,"items_purged":["Strike_G","Strike_G","Defend_G","Dash","Defend_G"],"score":2915,"play_id":"c8d41ba3-9ff5-489c-83e4-53eddba8d5f9","local_time":"20190602224300","is_ascension_mode":true,"campfire_choices":[{"data":"Noxious Fumes","floor":7.0,"key":"SMITH"},{"data":"Neutralize","floor":12.0,"key":"SMITH"},{"data":"Tactician","floor":15.0,"key":"SMITH"},{"floor":23.0,"key":"REST"},{"data":"Catalyst","floor":32.0,"key":"SMITH"},{"data":"Acrobatics","floor":40.0,"key":"SMITH"},{"floor":49.0,"key":"RECALL"},{"data":"Burst","floor":53.0,"key":"SMITH"}],"neow_cost":"NONE","seed_source_timestamp":23915881715199,"circlet_count":0,"master_deck":["AscendersBane","Defend_G","Defend_G","Survivor","Neutralize+1","Noxious Fumes+1","Escape Plan","Tactician+1","Adrenaline","Catalyst+1","Acrobatics+1","Catalyst+1","Crippling Poison","Burst+1","After Image","Footwork","Impatience"],"special_seed":0,"relics":["Ring of the Snake","NeowsBlessing","Question Card","Smiling Mask","Whetstone","Runic Pyramid","Dream Catcher","Busted Crown","Omamori","Shuriken","Torii"],"potions_floor_usage":[56],"damage_taken":[{"damage":0.0,"enemies":"Small Slimes","floor":1.0,"turns":1.0},{"damage":0.0,"enemies":"Cultist","floor":3.0,"turns":1.0},{"damage":0.0,"enemies":"Lagavulin","floor":6.0,"turns":2.0},{"damage":0.0,"enemies":"Jaw Worm","floor":8.0,"turns":5.0},{"damage":3.0,"enemies":"Blue Slaver","floor":10.0,"turns":4.0},{"damage":21.0,"enemies":"Gremlin Nob","floor":13.0,"turns":5.0},{"damage":10.0,"enemies":"Large Slime","floor":14.0,"turns":6.0},{"damage":21.0,"enemies":"The Guardian","floor":16.0,"turns":14.0},{"damage":10.0,"enemies":"3 Byrds","floor":18.0,"turns":8.0},{"damage":19.0,"enemies":"Book of Stabbing","floor":24.0,"turns":7.0},{"damage":0.0,"enemies":"2 Thieves","floor":27.0,"turns":5.0},{"damage":8.0,"enemies":"Cultist and Chosen","floor":28.0,"turns":4.0},{"damage":0.0,"enemies":"Shelled Parasite and Fungi","floor":29.0,"turns":4.0},{"damage":0.0,"enemies":"Centurion and Healer","floor":30.0,"turns":6.0},{"damage":1.0,"enemies":"Collector","floor":33.0,"turns":4.0},{"damage":1.0,"enemies":"3 Shapes","floor":35.0,"turns":5.0},{"damage":0.0,"enemies":"3 Darklings","floor":39.0,"turns":7.0},{"damage":4.0,"enemies":"Jaw Worm Horde","floor":41.0,"turns":5.0},{"damage":0.0,"enemies":"4 Shapes","floor":42.0,"turns":5.0},{"damage":16.0,"enemies":"Reptomancer","floor":44.0,"turns":5.0},{"damage":0.0,"enemies":"Sphere and 2 Shapes","floor":45.0,"turns":6.0},{"damage":0.0,"enemies":"Nemesis","floor":46.0,"turns":3.0},{"damage":0.0,"enemies":"Giant Head","floor":48.0,"turns":3.0},{"damage":11.0,"enemies":"Time Eater","floor":50.0,"turns":4.0},{"damage":2.0,"enemies":"Awakened One","floor":51.0,"turns":15.0},{"damage":16.0,"enemies":"Shield and Spear","floor":55.0,"turns":6.0},{"damage":16,"enemies":"The Heart","floor":56,"turns":6}],"seed_played":"-2493908410782392456","potions_obtained":[{"floor":3.0,"key":"SpeedPotion"},{"floor":10.0,"key":"SkillPotion"},{"floor":16.0,"key":"Fire Potion"},{"floor":18.0,"key":"EssenceOfSteel"},{"floor":29.0,"key":"Swift Potion"},{"floor":33.0,"key":"Block Potion"},{"floor":35.0,"key":"Regen Potion"},{"floor":39.0,"key":"GamblersBrew"},{"floor":48.0,"key":"Explosive Potion"}],"is_trial":false,"path_per_floor":["M","?","M","$","$","E","R","M","T","M","$","R","E","M","R","B",null,"M","?","?","?","$","R","E","?","T","M","M","M","M","$","R","B",null,"M","?","?","$","M","R","M","M","T","E","M","E","?","E","R","B","B",null,"R","$","E","B",null],"character_chosen":"THE_SILENT","items_purchased":["Noxious Fumes","Footwork","LiquidBronze","AttackPotion"],"campfire_rested":1,"item_purchase_floors":[4,38,54,54],"current_hp_per_floor":[59,59,59,59,59,59,59,59,59,56,56,56,35,25,25,4,51,41,41,23,23,23,44,25,25,25,25,17,17,17,17,17,16,57,56,56,56,56,56,56,52,52,52,36,36,36,36,36,36,25,23,59,59,59,43,27],"gold":165,"neow_bonus":"THREE_ENEMY_KILL","is_prod":false,"is_daily":false,"chose_seed":false,"campfire_upgraded":6,"win_rate":0,"timestamp":1559486580,"path_taken":["M","?","M","?","$","E","R","M","T","M","?","R","E","M","R","BOSS","M","?","?","?","$","R","E","?","T","?","M","M","M","?","R","BOSS","M","?","?","$","?","R","M","M","T","E","M","E","?","E","R","BOSS","BOSS","R","$","E","BOSS"],"build_version":"2019-01-23","purchased_purges":5,"victory":true,"max_hp_per_floor":[66,66,66,66,66,66,66,66,66,66,66,66,66,66,66,66,66,66,66,71,71,71,71,71,71,71,71,71,71,71,71,71,71,71,71,71,71,71,71,71,71,71,71,71,71,71,71,71,71,71,71,71,71,71,71,71],"card_choices":[{"not_picked":["Underhanded Strike","Prepared","Riddle With Holes"],"picked":"SKIP","floor":1.0},{"not_picked":["Dodge and Roll","Quick Slash"],"picked":"Dash","floor":3.0},{"not_picked":["Underhanded Strike","Caltrops","Glass Knife"],"picked":"SKIP","floor":6.0},{"not_picked":["Deflect","Deadly Poison","Backflip","Cloak And Dagger"],"picked":"SKIP","floor":8.0},{"not_picked":["Slice","Sucker Punch","Cloak And Dagger","Eviscerate"],"picked":"SKIP","floor":10.0},{"not_picked":["Caltrops","Heel Hook","Prepared"],"picked":"Escape Plan","floor":13.0},{"not_picked":["Flying Knee","Underhanded Strike","Escape Plan"],"picked":"Tactician","floor":14.0},{"not_picked":["Night Terror","Glass Knife","Wraith Form v2"],"picked":"Adrenaline","floor":16.0},{"not_picked":["Infinite Blades","Underhanded Strike","Backflip"],"picked":"Catalyst+1","floor":18.0},{"not_picked":["Escape Plan","Poisoned Stab","Deflect"],"picked":"Catalyst","floor":24.0},{"not_picked":["Riddle With Holes","Dagger Throw","Escape Plan","Deadly Poison"],"picked":"SKIP","floor":27.0},{"not_picked":["Quick Slash","Poisoned Stab","PiercingWail","Blade Dance+1"],"picked":"SKIP","floor":28.0},{"not_picked":["Dodge and Roll+1","Accuracy","Slice","Backstab"],"picked":"SKIP","floor":29.0},{"not_picked":["Cloak And Dagger","Quick Slash","Catalyst","Poisoned Stab"],"picked":"SKIP","floor":30.0},{"not_picked":["A Thousand Cuts","Malaise","Glass Knife"],"picked":"After Image","floor":33.0},{"not_picked":["Well Laid Plans","Finisher"],"picked":"SKIP","floor":35.0},{"not_picked":["Dash","Cloak And Dagger"],"picked":"SKIP","floor":39.0},{"not_picked":["Poisoned Stab","PiercingWail"],"picked":"SKIP","floor":41.0},{"not_picked":["Masterful Stab","Predator"],"picked":"SKIP","floor":42.0},{"not_picked":["Storm of Steel","Dagger Throw"],"picked":"SKIP","floor":44.0},{"not_picked":["Underhanded Strike","Flying Knee+1"],"picked":"SKIP","floor":45.0},{"not_picked":["Accuracy","Concentrate"],"picked":"SKIP","floor":46.0},{"not_picked":["Violence"],"picked":"Impatience","floor":47.0},{"not_picked":["Catalyst","Slice"],"picked":"SKIP","floor":48.0},{"not_picked":["PiercingWail+1","Sucker Punch"],"picked":"SKIP","floor":55.0}],"player_experience":1844379,"relics_obtained":[{"floor":6.0,"key":"Question Card"},{"floor":9.0,"key":"Smiling Mask"},{"floor":13.0,"key":"Whetstone"},{"floor":24.0,"key":"Dream Catcher"},{"floor":43.0,"key":"Omamori"},{"floor":46.0,"key":"Shuriken"},{"floor":55.0,"key":"Torii"}],"event_choices":[{"cards_removed":["Strike_G"],"damage_healed":0.0,"max_hp_gain":0.0,"max_hp_loss":0.0,"gold_gain":0.0,"event_name":"Purifier","player_choice":"Purged","floor":2.0,"gold_loss":0.0,"damage_taken":0.0},{"damage_healed":0.0,"max_hp_gain":0.0,"max_hp_loss":0.0,"gold_gain":0.0,"event_name":"The Library","player_choice":"Read","floor":19.0,"gold_loss":0.0,"damage_taken":0.0,"cards_obtained":["Acrobatics"]},{"damage_healed":0.0,"max_hp_gain":5.0,"max_hp_loss":0.0,"gold_gain":0.0,"event_name":"Forgotten Altar","player_choice":"Shed Blood","floor":20.0,"gold_loss":0.0,"damage_taken":23.0},{"damage_healed":0.0,"max_hp_gain":0.0,"max_hp_loss":0.0,"gold_gain":0.0,"event_name":"Vampires","player_choice":"Ignored","floor":21.0,"gold_loss":0.0,"damage_taken":0.0},{"damage_healed":0.0,"max_hp_gain":0.0,"max_hp_loss":0.0,"gold_gain":0.0,"cards_transformed":["Strike_G","Strike_G"],"event_name":"Drug Dealer","player_choice":"Became Test Subject","floor":25.0,"gold_loss":0.0,"damage_taken":0.0,"cards_obtained":["Crippling Poison","Burst"]},{"cards_removed":["Defend_G"],"damage_healed":0.0,"max_hp_gain":0.0,"max_hp_loss":0.0,"gold_gain":0.0,"event_name":"Falling","player_choice":"Removed Skill","floor":36.0,"gold_loss":0.0,"damage_taken":0.0},{"damage_healed":0.0,"max_hp_gain":0.0,"max_hp_loss":0.0,"gold_gain":0.0,"event_name":"SecretPortal","player_choice":"Ignored","floor":37.0,"gold_loss":0.0,"damage_taken":0.0},{"damage_healed":0.0,"max_hp_gain":0.0,"max_hp_loss":0.0,"gold_gain":0.0,"event_name":"SensoryStone","player_choice":"Memory 1","floor":47.0,"gold_loss":0.0,"damage_taken":0.0}],"is_beta":false,"boss_relics":[{"not_picked":["Sozu","WristBlade"],"picked":"Runic Pyramid"},{"not_picked":["Cursed Key","Snecko Eye"],"picked":"Busted Crown"}],"items_purged_floors":[11,22,31,38,54],"is_endless":false,"potions_floor_spawned":[3,10,16,18,29,33,35,39,41,48,55],"ascension_level":20}