{"gold_per_floor":[116,135,154,329,341,368,368,393,393,393,393],"floor_reached":11,"playtime":752,"items_purged":[],"score":100,"play_id":"0f4fb4ca-c2a2-468c-b837-edc1ba3011ba","local_time":"20180720214931","is_ascension_mode":true,"campfire_choices":[{"data":"True Grit","floor":7,"key":"SMITH"}],"neow_cost":"","seed_source_timestamp":117932861453844,"circlet_count":0,"master_deck":["Strike_R","Strike_R","Strike_R","Strike_R","Strike_R","Defend_R","Defend_R","Defend_R","Defend_R","Bash","Headbutt","Headbutt","True Grit+1","Doubt","True Grit","Body Slam","Warcry"],"relics":["Burning Blood","Mummified Hand","Gremlin Horn","Letter Opener","Lantern"],"potions_floor_usage":[5,11],"damage_taken":[{"damage":3,"enemies":"Small Slimes","floor":1,"turns":4},{"damage":9,"enemies":"Jaw Worm","floor":2,"turns":5},{"damage":1,"enemies":"Cultist","floor":3,"turns":3},{"damage":19,"enemies":"3 Louse","floor":5,"turns":5},{"damage":19,"enemies":"Gremlin Nob","floor":6,"turns":4},{"damage":27,"enemies":"3 Sentries","floor":8,"turns":13},{"damage":43,"enemies":"Lagavulin","floor":11,"turns":6}],"seed_played":"2038016819619312987","potions_obtained":[{"floor":3,"key":"Regen Potion"},{"floor":6,"key":"Strength Potion"}],"is_trial":false,"path_per_floor":["M","M","M","?","M","E","R","E","T","?"],"character_chosen":"IRONCLAD","items_purchased":[],"campfire_rested":0,"item_purchase_floors":[],"current_hp_per_floor":[80,77,80,80,79,66,66,45,45,33,0],"gold":393,"neow_bonus":"","is_prod":false,"is_daily":false,"chose_seed":false,"campfire_upgraded":1,"win_rate":0,"timestamp":1532137771,"path_taken":["M","M","M","?","?","E","R","E","T","?","E"],"build_version":"2018-07-19v2","purchased_purges":0,"victory":false,"max_hp_per_floor":[80,80,80,80,80,80,80,80,80,80,80],"card_choices":[{"not_picked":["Clash","Hemokinesis"],"picked":"Headbutt","floor":1},{"not_picked":["Combust","Perfected Strike"],"picked":"Headbutt","floor":2},{"not_picked":["Shrug It Off","Clash"],"picked":"True Grit","floor":3},{"not_picked":["Rupture","Corruption"],"picked":"True Grit","floor":5},{"not_picked":["Pummel","Bludgeon"],"picked":"Body Slam","floor":6},{"not_picked":["Pommel Strike","Fire Breathing"],"picked":"Warcry","floor":8}],"player_experience":208239,"relics_obtained":[{"floor":6,"key":"Mummified Hand"},{"floor":8,"key":"Gremlin Horn"},{"floor":9,"key":"Letter Opener"}],"event_choices":[{"event_name":"Liars Game","player_choice":"agreed","floor":4,"damage_taken":0},{"event_name":"Scrap Ooze","player_choice":"success","floor":10,"damage_taken":12}],"is_beta":false,"boss_relics":[],"items_purged_floors":[],"is_endless":false,"potions_floor_spawned":[3,6],"killed_by":"Lagavulin","ascension_level":4}