{"gold_per_floor":[15,15,33,46,46,46,71,71,116,66,99,24,44,106,106,179,179,192,68,68,86,96,96,123,123,123,123],"floor_reached":27,"playtime":1031,"items_purged":["Strike_R","Strike_R"],"score":394,"play_id":"b3de7294-3b34-4a92-bcf8-b16d9e66f6f2","local_time":"20180906022918","is_ascension_mode":true,"campfire_choices":[{"data":"Demon Form","floor":6,"key":"SMITH"},{"data":"Whirlwind","floor":15,"key":"SMITH"},{"data":"Strike_R","floor":23,"key":"PURGE"},{"floor":25,"key":"REST"}],"neow_cost":"NO_GOLD","seed_source_timestamp":132606095400114,"circlet_count":0,"master_deck":["Strike_R","Defend_R","Defend_R","Defend_R","Defend_R","Bash+1","AscendersBane","Demon Form+1","Shrug It Off","Sword Boomerang","Ghostly Armor","Whirlwind+1","Thunderclap","Offering","Shrug It Off","Heavy Blade"],"relics":["Burning Blood","Bag of Marbles","Happy Flower","Peace Pipe","Gremlin Horn","Eternal Feather","Bottled Lightning","Nunchaku"],"potions_floor_usage":[7,7,11,14,14,22,24,24],"damage_taken":[{"damage":5,"enemies":"2 Louse","floor":1,"turns":4},{"damage":12,"enemies":"Jaw Worm","floor":3,"turns":4},{"damage":2,"enemies":"Cultist","floor":4,"turns":4},{"damage":26,"enemies":"Gremlin Nob","floor":7,"turns":5},{"damage":7,"enemies":"Lagavulin","floor":11,"turns":7},{"damage":0,"enemies":"Lots of Slimes","floor":13,"turns":1},{"damage":11,"enemies":"Lagavulin Event","floor":14,"turns":4},{"damage":29,"enemies":"The Guardian","floor":16,"turns":9},{"damage":10,"enemies":"Chosen","floor":18,"turns":4},{"damage":21,"enemies":"Spheric Guardian","floor":21,"turns":6},{"damage":42,"enemies":"Shelled Parasite and Fungi","floor":22,"turns":10},{"damage":29,"enemies":"Slavers","floor":24,"turns":2},{"damage":45,"enemies":"Book of Stabbing","floor":27,"turns":5}],"seed_played":"5208097069572592988","potions_obtained":[{"floor":3,"key":"EntropicBrew"},{"floor":8,"key":"AttackPotion"},{"floor":11,"key":"Poison Potion"},{"floor":14,"key":"SneckoOil"},{"floor":18,"key":"SpeedPotion"},{"floor":22,"key":"Regen Potion"}],"is_trial":false,"path_per_floor":["M","?","M","M","$","R","E","?","T","?","E","$","M","?","R","B",null,"M","$","?","M","M","R","E","R","T"],"character_chosen":"IRONCLAD","items_purchased":["Heavy Blade"],"campfire_rested":1,"item_purchase_floors":[19],"current_hp_per_floor":[73,78,72,76,76,76,56,56,56,56,55,55,61,56,56,33,72,68,68,68,53,17,26,8,42,42,0],"gold":123,"neow_bonus":"THREE_RARE_CARDS","is_prod":false,"is_daily":false,"chose_seed":false,"campfire_upgraded":2,"win_rate":0,"timestamp":1536215358,"path_taken":["M","?","?","M","?","R","E","?","T","?","E","$","?","?","R","BOSS","M","$","?","M","M","R","E","R","T","E"],"build_version":"2018-08-30","purchased_purges":2,"victory":false,"max_hp_per_floor":[80,85,85,85,85,85,85,85,85,85,85,85,85,85,85,85,85,85,85,85,85,85,85,85,85,85,85],"card_choices":[{"not_picked":["Double Tap","Fiend Fire"],"picked":"Demon Form","floor":0},{"not_picked":["Clash","Twin Strike"],"picked":"Shrug It Off","floor":1},{"not_picked":["Carnage","Headbutt"],"picked":"Sword Boomerang","floor":3},{"not_picked":["Cleave","Wild Strike"],"picked":"Ghostly Armor","floor":4},{"not_picked":["Iron Wave","Rupture"],"picked":"Whirlwind","floor":7},{"not_picked":["Metallicize","Reckless Charge","Demon Form"],"picked":"SKIP","floor":11},{"not_picked":["Clash","Uppercut","Armaments"],"picked":"SKIP","floor":13},{"not_picked":["Entrench","Intimidate"],"picked":"Thunderclap","floor":14},{"not_picked":["Immolate","Bludgeon"],"picked":"Offering","floor":16},{"not_picked":["Body Slam+1","Warcry"],"picked":"Shrug It Off","floor":18},{"not_picked":["Rupture","True Grit","Clash"],"picked":"SKIP","floor":21},{"not_picked":["Clothesline","Headbutt","Power Through"],"picked":"SKIP","floor":22},{"not_picked":["Sword Boomerang","Rampage","Armaments"],"picked":"SKIP","floor":24}],"player_experience":583478,"relics_obtained":[{"floor":7,"key":"Bag of Marbles"},{"floor":9,"key":"Happy Flower"},{"floor":11,"key":"Peace Pipe"},{"floor":14,"key":"Gremlin Horn"},{"floor":24,"key":"Bottled Lightning"},{"floor":26,"key":"Nunchaku"}],"event_choices":[{"event_name":"Big Fish","player_choice":"Donut","floor":2,"damage_taken":0},{"event_name":"The Lab","player_choice":"Got Potions","floor":8,"damage_taken":0},{"event_name":"The Cleric","player_choice":"Card Removal","floor":10,"damage_taken":0},{"event_name":"Dead Adventurer","player_choice":"Searched \u00272\u0027 times","floor":14,"damage_taken":0},{"event_name":"Upgrade Shrine","player_choice":"Upgraded","floor":20,"damage_taken":0}],"is_beta":false,"boss_relics":[{"not_picked":["Pandora\u0027s Box","Tiny House"],"picked":"Eternal Feather"}],"items_purged_floors":[12,19],"is_endless":false,"potions_floor_spawned":[3,11,14,18,22],"killed_by":"Book of Stabbing","ascension_level":13}