{"gold_per_floor":[113,133,133,133,49,49,78,94,168,168,168,90,90,90,90,164,164,177,177,189,189,207,207,207],"floor_reached":24,"playtime":884,"items_purged":["Strike_B"],"score":434,"play_id":"f5e22850-18ac-44c0-88ee-8d50d01b6030","local_time":"20190620152715","is_ascension_mode":true,"campfire_choices":[{"data":"Zap","floor":6.0,"key":"SMITH"},{"data":"Consume","floor":10.0,"key":"SMITH"},{"floor":13.0,"key":"REST"},{"data":"Coolheaded","floor":15.0,"key":"SMITH"},{"data":"Redo","floor":23.0,"key":"SMITH"}],"neow_cost":"NONE","seed_source_timestamp":1554906187915596,"circlet_count":0,"master_deck":["AscendersBane","Strike_B+1","Strike_B","Defend_B","Defend_B","Defend_B","Defend_B","Zap+1","Dualcast+1","Fusion+1","Coolheaded+1","Multi-Cast","BootSequence","Consume+1","Turbo","All For One","Heatsinks","Glacier","Redo+1","Coolheaded","Cold Snap","Beam Cell+1","Skim","Undo","Go for the Eyes+1"],"special_seed":0,"relics":["Cracked Core","NeowsBlessing","Smiling Mask","Happy Flower","Boot","Orrery"],"potions_floor_usage":[24],"damage_taken":[{"damage":0.0,"enemies":"Small Slimes","floor":1.0,"turns":1.0},{"damage":0.0,"enemies":"2 Louse","floor":2.0,"turns":1.0},{"damage":0.0,"enemies":"3 Sentries","floor":7.0,"turns":1.0},{"damage":0.0,"enemies":"Jaw Worm","floor":8.0,"turns":3.0},{"damage":8.0,"enemies":"Hexaghost","floor":16.0,"turns":6.0},{"damage":17.0,"enemies":"Spheric Guardian","floor":18.0,"turns":10.0},{"damage":8.0,"enemies":"Chosen","floor":20.0,"turns":6.0},{"damage":2.0,"enemies":"Centurion and Healer","floor":22.0,"turns":15.0},{"damage":26,"enemies":"Gremlin Leader","floor":24,"turns":6}],"seed_played":"7054908795241375455","potions_obtained":[{"floor":2.0,"key":"SkillPotion"},{"floor":7.0,"key":"LiquidBronze"},{"floor":16.0,"key":"Ancient Potion"},{"floor":20.0,"key":"Poison Potion"}],"is_trial":false,"path_per_floor":["M","M","?","?","$","R","E","M","T","R","?","$","R","?","R","B",null,"M","?","M","?","M","R","E"],"character_chosen":"DEFECT","items_purchased":["Multi-Cast","Turbo"],"campfire_rested":1,"item_purchase_floors":[5,12],"current_hp_per_floor":[64,64,43,36,36,36,36,36,36,36,1,1,22,22,22,14,57,40,40,32,32,30,30,4],"gold":207,"neow_bonus":"THREE_ENEMY_KILL","is_prod":false,"is_daily":false,"chose_seed":false,"campfire_upgraded":4,"win_rate":0,"timestamp":1561015635,"path_taken":["M","M","?","?","$","R","E","M","T","R","?","$","R","?","R","BOSS","M","?","?","?","?","R","E"],"build_version":"2019-01-23","purchased_purges":1,"victory":false,"max_hp_per_floor":[71,71,71,71,71,71,71,71,71,71,71,71,71,71,71,71,71,71,71,71,71,71,71,71],"card_choices":[{"not_picked":["Sweeping Beam","Gash"],"picked":"Fusion","floor":1.0},{"not_picked":["Conserve Battery","Gash"],"picked":"Coolheaded","floor":2.0},{"not_picked":["Coolheaded","Hologram"],"picked":"BootSequence","floor":7.0},{"not_picked":["Streamline","Steam Power"],"picked":"Consume","floor":8.0},{"not_picked":["Electrodynamics","Seek"],"picked":"All For One","floor":16.0},{"not_picked":["Stack","Undo"],"picked":"Heatsinks","floor":17.0},{"not_picked":["Hologram","Doom and Gloom"],"picked":"Glacier","floor":17.0},{"not_picked":["Reprogram","Steam Power"],"picked":"Redo","floor":17.0},{"not_picked":["Cold Snap","Redo"],"picked":"Coolheaded","floor":17.0},{"not_picked":["Streamline","Lockon"],"picked":"Cold Snap","floor":17.0},{"not_picked":["Thunder Strike","Static Discharge"],"picked":"Beam Cell+1","floor":18.0},{"not_picked":["Steam","Gash"],"picked":"Undo","floor":20.0},{"not_picked":["Consume","Glacier"],"picked":"Go for the Eyes+1","floor":22.0}],"player_experience":1937415,"relics_obtained":[{"floor":7.0,"key":"Smiling Mask"}],"event_choices":[{"damage_healed":0.0,"max_hp_gain":0.0,"max_hp_loss":0.0,"gold_gain":0.0,"event_name":"Shining Light","player_choice":"Entered Light","floor":3.0,"gold_loss":0.0,"damage_taken":21.0,"cards_upgraded":["Fusion","Strike_B"]},{"cards_removed":["Strike_B"],"damage_healed":0.0,"max_hp_gain":0.0,"max_hp_loss":0.0,"gold_gain":0.0,"event_name":"Golden Wing","player_choice":"Card Removal","floor":4.0,"gold_loss":0.0,"damage_taken":7.0},{"damage_healed":0.0,"max_hp_gain":0.0,"max_hp_loss":0.0,"gold_gain":0.0,"event_name":"Scrap Ooze","player_choice":"Success","floor":11.0,"gold_loss":0.0,"damage_taken":35.0,"relics_obtained":["Happy Flower"]},{"damage_healed":0.0,"max_hp_gain":0.0,"max_hp_loss":0.0,"gold_gain":0.0,"event_name":"Dead Adventurer","player_choice":"Searched \u00271\u0027 times","floor":14.0,"gold_loss":0.0,"damage_taken":0.0,"relics_obtained":["Boot"]},{"damage_healed":0.0,"max_hp_gain":0.0,"max_hp_loss":0.0,"gold_gain":0.0,"event_name":"Match and Keep!","player_choice":"1 cards matched","floor":19.0,"gold_loss":0.0,"damage_taken":0.0,"cards_obtained":["Skim"]},{"damage_healed":0.0,"max_hp_gain":0.0,"max_hp_loss":0.0,"gold_gain":0.0,"event_name":"Upgrade Shrine","player_choice":"Upgraded","floor":21.0,"gold_loss":0.0,"damage_taken":0.0,"cards_upgraded":["Dualcast"]}],"is_beta":false,"boss_relics":[{"not_picked":["Cursed Key","Black Star"],"picked":"Orrery"}],"items_purged_floors":[12],"is_endless":false,"potions_floor_spawned":[2,7,16,20],"killed_by":"Gremlin Leader","ascension_level":20}