{"gold_per_floor":[118,118,118,128,128,128,53,86,111,186,186,217,294,307,307,379,379,389,389,401,420,431,466,466,485,485,485,400,400,400,450,450,450],"floor_reached":33,"playtime":1369,"items_purged":["Strike_G"],"score":692,"play_id":"74922f80-23a0-4faa-ae19-9fa8696fc300","local_time":"20190621191459","is_ascension_mode":true,"campfire_choices":[{"floor":6.0,"key":"REST"},{"floor":11.0,"key":"REST"},{"data":"Calculated Gamble","floor":15.0,"key":"SMITH"},{"data":"Flechettes","floor":24.0,"key":"SMITH"},{"data":"Acrobatics","floor":27.0,"key":"SMITH"},{"floor":30.0,"key":"REST"},{"floor":32.0,"key":"RECALL"}],"neow_cost":"NONE","seed_source_timestamp":1654036459731224,"circlet_count":0,"master_deck":["AscendersBane","Defend_G","Defend_G","Defend_G","Defend_G","Strike_G","Survivor","Neutralize+1","Expertise+1","Setup+1","Blur+1","Dash","Dash","Backstab","Calculated Gamble+1","Acrobatics+1","Flechettes+1","Acrobatics+1"],"special_seed":0,"relics":["Astrolabe","Bronze Scales","Bag of Marbles","Potion Belt","Tingsha","Ornamental Fan","Calling Bell","Dream Catcher","Toxic Egg 2","Gambling Chip","Snake Skull","Mummified Hand","Regal Pillow","Enchiridion"],"potions_floor_usage":[],"damage_taken":[{"damage":6.0,"enemies":"Jaw Worm","floor":1.0,"turns":10.0},{"damage":0.0,"enemies":"Cultist","floor":4.0,"turns":4.0},{"damage":16.0,"enemies":"3 Sentries","floor":8.0,"turns":13.0},{"damage":14.0,"enemies":"Lagavulin","floor":12.0,"turns":11.0},{"damage":0.0,"enemies":"2 Louse","floor":14.0,"turns":2.0},{"damage":0.0,"enemies":"The Guardian","floor":16.0,"turns":12.0},{"damage":0.0,"enemies":"2 Thieves","floor":18.0,"turns":4.0},{"damage":1.0,"enemies":"Chosen","floor":20.0,"turns":5.0},{"damage":20.0,"enemies":"Snake Plant","floor":21.0,"turns":4.0},{"damage":20.0,"enemies":"Cultist and Chosen","floor":22.0,"turns":5.0},{"damage":0.0,"enemies":"Book of Stabbing","floor":23.0,"turns":4.0},{"damage":0.0,"enemies":"Snecko","floor":25.0,"turns":6.0},{"damage":25,"enemies":"Automaton","floor":33,"turns":12}],"seed_played":"-3192358645904421544","potions_obtained":[{"floor":1.0,"key":"GamblersBrew"},{"floor":16.0,"key":"GamblersBrew"},{"floor":20.0,"key":"Strength Potion"},{"floor":23.0,"key":"GhostInAJar"}],"is_trial":false,"path_per_floor":["M","?","?","M","?","R","$","E","T","?","R","E","T","M","R","B",null,"M","?","M","M","M","E","R","M","T","R","?","?","R","?","R","B"],"character_chosen":"THE_SILENT","items_purchased":[],"campfire_rested":3,"item_purchase_floors":[],"current_hp_per_floor":[53,53,53,53,18,37,37,21,21,10,29,15,15,15,15,15,53,53,66,65,45,25,25,25,25,25,25,25,4,38,32,32,7],"gold":450,"neow_bonus":"BOSS_RELIC","is_prod":false,"is_daily":false,"chose_seed":false,"campfire_upgraded":3,"win_rate":0,"timestamp":1561115699,"path_taken":["M","?","?","?","?","R","$","E","T","?","R","E","?","M","R","BOSS","M","?","M","?","M","E","R","M","T","R","?","?","R","?","R","BOSS"],"build_version":"2019-01-23","purchased_purges":1,"victory":false,"max_hp_per_floor":[66,66,66,66,66,66,66,66,66,66,66,66,66,66,66,66,66,66,66,66,66,66,66,66,66,66,66,66,66,66,66,66,66],"card_choices":[{"not_picked":["Sucker Punch","Flying Knee"],"picked":"Dash","floor":1.0},{"not_picked":["Sucker Punch","Poisoned Stab"],"picked":"Backstab","floor":4.0},{"not_picked":["Terror","Bane"],"picked":"Calculated Gamble","floor":8.0},{"not_picked":["Bane","Cloak And Dagger","Underhanded Strike"],"picked":"SKIP","floor":12.0},{"not_picked":["Deflect","Heel Hook"],"picked":"Acrobatics","floor":14.0},{"not_picked":["Heel Hook","Slice","Quick Slash"],"picked":"SKIP","floor":18.0},{"not_picked":["Deadly Poison+1","Choke"],"picked":"Flechettes","floor":20.0},{"not_picked":["Prepared+1","Sucker Punch"],"picked":"Acrobatics+1","floor":21.0},{"not_picked":["Sucker Punch+1","PiercingWail+1","Envenom"],"picked":"SKIP","floor":22.0},{"not_picked":["Blade Dance+1","Outmaneuver+1","Crippling Poison+1"],"picked":"SKIP","floor":23.0},{"not_picked":["Eviscerate","Dodge and Roll+1","Deflect+1"],"picked":"SKIP","floor":25.0}],"player_experience":1962439,"relics_obtained":[{"floor":8.0,"key":"Bag of Marbles"},{"floor":9.0,"key":"Potion Belt"},{"floor":12.0,"key":"Tingsha"},{"floor":13.0,"key":"Ornamental Fan"},{"floor":17.0,"key":"Dream Catcher"},{"floor":17.0,"key":"Toxic Egg 2"},{"floor":17.0,"key":"Gambling Chip"},{"floor":23.0,"key":"Snake Skull"},{"floor":26.0,"key":"Mummified Hand"},{"floor":29.0,"key":"Enchiridion"}],"event_choices":[{"damage_healed":0.0,"max_hp_gain":0.0,"max_hp_loss":0.0,"gold_gain":0.0,"cards_transformed":["Defend_G"],"event_name":"Living Wall","player_choice":"Change","floor":2.0,"gold_loss":0.0,"damage_taken":0.0,"cards_obtained":["Dash"]},{"damage_healed":0.0,"max_hp_gain":0.0,"max_hp_loss":0.0,"gold_gain":0.0,"event_name":"Upgrade Shrine","player_choice":"Upgraded","floor":3.0,"gold_loss":0.0,"damage_taken":0.0,"cards_upgraded":["Neutralize"]},{"damage_healed":0.0,"max_hp_gain":0.0,"max_hp_loss":0.0,"gold_gain":0.0,"event_name":"Scrap Ooze","player_choice":"Success","floor":5.0,"gold_loss":0.0,"damage_taken":35.0,"relics_obtained":["Bronze Scales"]},{"damage_healed":0.0,"max_hp_gain":0.0,"max_hp_loss":0.0,"gold_gain":75.0,"event_name":"World of Goop","player_choice":"Gather Gold","floor":10.0,"gold_loss":0.0,"damage_taken":11.0},{"damage_healed":13.0,"max_hp_gain":0.0,"max_hp_loss":0.0,"gold_gain":0.0,"event_name":"Wheel of Change","player_choice":"Full Heal","floor":19.0,"gold_loss":0.0,"damage_taken":0.0},{"damage_healed":0.0,"max_hp_gain":0.0,"max_hp_loss":0.0,"gold_gain":0.0,"event_name":"Addict","player_choice":"Obtained Relic","floor":28.0,"gold_loss":85.0,"damage_taken":0.0,"relics_obtained":["Regal Pillow"]},{"damage_healed":0.0,"max_hp_gain":0.0,"max_hp_loss":0.0,"gold_gain":0.0,"event_name":"Cursed Tome","player_choice":"Obtained Book","floor":29.0,"gold_loss":0.0,"damage_taken":21.0},{"damage_healed":0.0,"max_hp_gain":0.0,"max_hp_loss":0.0,"gold_gain":50.0,"event_name":"FaceTrader","player_choice":"Touch","floor":31.0,"gold_loss":0.0,"damage_taken":6.0}],"is_beta":false,"boss_relics":[{"not_picked":["Busted Crown","Snecko Eye"],"picked":"Calling Bell"}],"items_purged_floors":[7],"is_endless":false,"potions_floor_spawned":[1,16,20,23],"killed_by":"Automaton","ascension_level":20}