{"gold_per_floor":[109,128,138,154,154,154,5,18,18,50,50,50,80,0,0,71,71,89,139,157,173,173,173,203,203,230,244,244],"floor_reached":28,"playtime":1394,"items_purged":["Strike_B"],"score":478,"play_id":"f80af034-e854-463b-b71d-1135b865de10","local_time":"20190803200915","is_ascension_mode":true,"campfire_choices":[{"data":"Streamline","floor":6,"key":"SMITH"},{"data":"Defragment","floor":15,"key":"SMITH"},{"floor":23,"key":"REST"},{"floor":25,"key":"REST"}],"neow_cost":"NONE","seed_source_timestamp":675471935233751,"circlet_count":0,"master_deck":["AscendersBane","Strike_B+1","Strike_B+1","Defend_B","Defend_B","Defend_B","Defend_B","Zap+1","Dualcast","Streamline+1","Rainbow","Genetic Algorithm","White Noise","Loop","Self Repair","Fusion","Hologram","Defragment+1","Amplify","Heatsinks+1","Turbo+1","Recycle"],"relics":["Cracked Core","Potion Belt","Whetstone","Dodecahedron","Snecko Eye","Bottled Lightning","Anchor"],"potions_floor_usage":[8,13,18,24,24,24],"damage_taken":[{"damage":0,"enemies":"Cultist","floor":1,"turns":4},{"damage":0,"enemies":"Small Slimes","floor":2,"turns":2},{"damage":0,"enemies":"2 Louse","floor":3,"turns":1},{"damage":4,"enemies":"Looter","floor":4,"turns":4},{"damage":0,"enemies":"Blue Slaver","floor":8,"turns":3},{"damage":15,"enemies":"Lagavulin","floor":10,"turns":7},{"damage":17,"enemies":"3 Sentries","floor":13,"turns":8},{"damage":24,"enemies":"Hexaghost","floor":16,"turns":11},{"damage":22,"enemies":"3 Byrds","floor":18,"turns":5},{"damage":12,"enemies":"Shell Parasite","floor":20,"turns":5},{"damage":23,"enemies":"Centurion and Healer","floor":21,"turns":7},{"damage":38,"enemies":"Gremlin Leader","floor":24,"turns":8},{"damage":32,"enemies":"Shelled Parasite and Fungi","floor":27,"turns":7},{"damage":9,"enemies":"Cultist and Chosen","floor":28,"turns":4}],"seed_played":"-5869259154396020776","potions_obtained":[{"floor":2,"key":"EssenceOfSteel"},{"floor":4,"key":"AttackPotion"},{"floor":10,"key":"Weak Potion"},{"floor":13,"key":"Fire Potion"},{"floor":16,"key":"Block Potion"},{"floor":18,"key":"Block Potion"},{"floor":21,"key":"Strength Potion"}],"is_trial":false,"path_per_floor":["M","M","M","M","?","R","$","M","T","E","?","?","E","$","R","B",null,"M","?","M","M","?","R","E","R","T","M","M"],"character_chosen":"DEFECT","items_purchased":["Loop","Defragment"],"campfire_rested":2,"item_purchase_floors":[7,14],"current_hp_per_floor":[64,64,64,60,60,60,60,60,60,52,57,50,40,40,40,16,61,53,53,55,39,17,41,10,34,34,9,0],"gold":244,"neow_bonus":"UPGRADE_CARD","is_prod":false,"is_daily":false,"chose_seed":false,"campfire_upgraded":2,"win_rate":0,"timestamp":1564877355,"path_taken":["M","M","M","?","?","R","$","M","T","E","?","?","E","?","R","BOSS","M","?","M","M","?","R","E","R","T","M","M"],"build_version":"2019-07-17","purchased_purges":1,"victory":false,"max_hp_per_floor":[71,71,71,71,71,71,71,71,71,71,76,76,76,76,76,76,76,76,76,76,76,81,81,81,81,81,81,81],"card_choices":[{"not_picked":["Hologram","Turbo"],"picked":"Streamline","floor":1},{"not_picked":["Chill","Compile Driver"],"picked":"Rainbow","floor":2},{"not_picked":["Storm","Streamline"],"picked":"Genetic Algorithm","floor":3},{"not_picked":["Aggregate","Consume"],"picked":"White Noise","floor":4},{"not_picked":["Steam","Streamline"],"picked":"Self Repair","floor":8},{"not_picked":["Stack","Leap"],"picked":"Fusion","floor":10},{"not_picked":["Sunder","Self Repair"],"picked":"Hologram","floor":13},{"not_picked":["Rainbow","Thunder Strike"],"picked":"Amplify","floor":16},{"not_picked":["Redo","Barrage"],"picked":"Heatsinks+1","floor":18},{"not_picked":["Barrage","Reprogram","Streamline"],"picked":"SKIP","floor":20},{"not_picked":["Streamline","Loop","Rip and Tear"],"picked":"SKIP","floor":21},{"not_picked":["Multi-Cast","Conserve Battery"],"picked":"Turbo+1","floor":24},{"not_picked":["Reprogram","Steam"],"picked":"Recycle","floor":27}],"player_experience":1667987,"relics_obtained":[{"floor":9,"key":"Potion Belt"},{"floor":10,"key":"Whetstone"},{"floor":13,"key":"Dodecahedron"},{"floor":24,"key":"Bottled Lightning"},{"floor":26,"key":"Anchor"}],"event_choices":[{"damage_healed":0,"gold_gain":0,"player_choice":"Leave","damage_taken":0,"max_hp_gain":0,"max_hp_loss":0,"event_name":"The Cleric","floor":5,"gold_loss":0},{"damage_healed":0,"gold_gain":0,"player_choice":"Donut","damage_taken":0,"max_hp_gain":5,"max_hp_loss":0,"event_name":"Big Fish","floor":11,"gold_loss":0},{"cards_removed":["Strike_B"],"damage_healed":0,"gold_gain":0,"player_choice":"Card Removal","damage_taken":7,"max_hp_gain":0,"max_hp_loss":0,"event_name":"Golden Wing","floor":12,"gold_loss":0},{"damage_healed":0,"gold_gain":50,"player_choice":"Stole From Cult","damage_taken":0,"max_hp_gain":0,"max_hp_loss":0,"event_name":"Nest","floor":19,"gold_loss":0},{"damage_healed":0,"gold_gain":0,"player_choice":"Shed Blood","damage_taken":27,"max_hp_gain":5,"max_hp_loss":0,"event_name":"Forgotten Altar","floor":22,"gold_loss":0}],"is_beta":false,"boss_relics":[{"not_picked":["Runic Pyramid","Velvet Choker"],"picked":"Snecko Eye"}],"items_purged_floors":[7],"is_endless":false,"potions_floor_spawned":[2,4,10,13,16,18,21],"killed_by":"Cultist and Chosen","ascension_level":15}