{"gold_per_floor":[110,185,198,198,209,242,242,256,279,279,279,279],"floor_reached":12,"playtime":926,"items_purged":[],"score":78,"play_id":"90aa2222-1780-42e8-9fd6-127b4d6a4656","local_time":"20190805225952","is_ascension_mode":false,"campfire_choices":[{"data":"Iron Wave","floor":7,"key":"SMITH"},{"data":"Corruption","floor":10,"key":"SMITH"}],"neow_cost":"NONE","seed_source_timestamp":338813582588445,"circlet_count":0,"master_deck":["Strike_R","Strike_R","Strike_R","Strike_R","Strike_R","Defend_R","Defend_R+1","Defend_R+1","Defend_R","Bash","Corruption+1","Metallicize","Flex","Regret","Reckless Charge","Iron Wave+1","Dropkick"],"relics":["Burning Blood","Bag of Marbles","War Paint","Orichalcum"],"potions_floor_usage":[6],"damage_taken":[{"damage":4,"enemies":"Cultist","floor":1,"turns":5},{"damage":4,"enemies":"2 Louse","floor":3,"turns":5},{"damage":3,"enemies":"Small Slimes","floor":5,"turns":3},{"damage":37,"enemies":"Lagavulin","floor":6,"turns":7},{"damage":9,"enemies":"Red Slaver","floor":8,"turns":5},{"damage":44,"enemies":"Gremlin Nob","floor":12,"turns":5}],"seed_played":"-8629570010466415933","potions_obtained":[{"floor":1,"key":"LiquidBronze"},{"floor":6,"key":"SpeedPotion"}],"is_trial":false,"path_per_floor":["M","?","M","?","M","E","R","M","T","R","?","E"],"character_chosen":"IRONCLAD","items_purchased":[],"campfire_rested":0,"item_purchase_floors":[],"current_hp_per_floor":[80,69,71,71,74,43,43,40,40,40,40,0],"gold":279,"neow_bonus":"THREE_CARDS","is_prod":false,"is_daily":false,"chose_seed":false,"campfire_upgraded":2,"win_rate":0,"timestamp":1565038792,"path_taken":["M","?","M","?","M","E","R","M","T","R","?","E"],"build_version":"2019-07-17","purchased_purges":0,"victory":false,"max_hp_per_floor":[80,80,80,80,80,80,80,80,80,80,80,80],"card_choices":[{"not_picked":["Shrug It Off","True Grit"],"picked":"Corruption","floor":0},{"not_picked":["Feel No Pain","Pummel"],"picked":"Metallicize","floor":1},{"not_picked":["True Grit","Fire Breathing"],"picked":"Flex","floor":3},{"not_picked":["Sword Boomerang","Thunderclap"],"picked":"Reckless Charge","floor":5},{"not_picked":["Clothesline","Berserk"],"picked":"Iron Wave","floor":6},{"not_picked":["Iron Wave","True Grit"],"picked":"Dropkick","floor":8}],"player_experience":160997,"relics_obtained":[{"floor":6,"key":"War Paint"},{"floor":9,"key":"Orichalcum"}],"event_choices":[{"damage_healed":0,"gold_gain":75,"player_choice":"Gather Gold","damage_taken":11,"max_hp_gain":0,"max_hp_loss":0,"event_name":"World of Goop","floor":2,"gold_loss":0},{"damage_healed":0,"gold_gain":0,"player_choice":"Box","damage_taken":0,"relics_obtained":["Bag of Marbles"],"max_hp_gain":0,"max_hp_loss":0,"event_name":"Big Fish","floor":4,"gold_loss":0,"cards_obtained":["Regret"]},{"damage_healed":0,"gold_gain":0,"player_choice":"Ignored","damage_taken":0,"max_hp_gain":0,"max_hp_loss":0,"event_name":"Liars Game","floor":11,"gold_loss":0}],"is_beta":false,"boss_relics":[],"items_purged_floors":[],"is_endless":false,"potions_floor_spawned":[1,6],"killed_by":"Gremlin Nob","ascension_level":0}