{"gold_per_floor":[116,116,127,52,52,52,87,87,87,117,128,128,128,141,141,141],"floor_reached":16,"playtime":484,"items_purged":[],"score":216,"play_id":"351ac0d6-f981-4d47-97bd-efafe61b79db","local_time":"20190603231126","is_ascension_mode":true,"campfire_choices":[{"data":"Armaments","floor":6,"key":"SMITH"},{"data":"Bash","floor":8,"key":"SMITH"},{"floor":13,"key":"REST"},{"data":"Whirlwind","floor":15,"key":"SMITH"}],"neow_cost":"NONE","seed_source_timestamp":114390966349756,"circlet_count":0,"master_deck":["AscendersBane","Strike_R","Strike_R","Defend_R","Defend_R","Defend_R","Bash+1","Armaments+1","Feel No Pain","Shrug It Off","Flex","Sword Boomerang","Whirlwind+1"],"relics":["Empty Cage","Vajra","Self Forming Clay","Frozen Egg 2"],"potions_floor_usage":[14,16],"damage_taken":[{"damage":0,"enemies":"2 Louse","floor":1,"turns":4},{"damage":6,"enemies":"Cultist","floor":3,"turns":4},{"damage":12,"enemies":"3 Sentries","floor":7,"turns":23},{"damage":35,"enemies":"Lagavulin","floor":10,"turns":8},{"damage":7,"enemies":"Jaw Worm","floor":11,"turns":4},{"damage":11,"enemies":"Exordium Wildlife","floor":14,"turns":4},{"damage":0,"enemies":"Slime Boss","floor":16,"turns":3}],"seed_played":"8478718393314339101","potions_obtained":[{"floor":7,"key":"Ancient Potion"},{"floor":10,"key":"Explosive Potion"}],"is_trial":false,"path_per_floor":["M","?","M","?","$","R","E","R","T","E","M","?","R","M","R","B"],"character_chosen":"IRONCLAD","items_purchased":[],"campfire_rested":1,"item_purchase_floors":[],"current_hp_per_floor":[68,68,62,62,62,62,50,50,50,15,8,8,30,19,19,19],"gold":141,"neow_bonus":"BOSS_RELIC","is_prod":false,"is_daily":false,"chose_seed":false,"campfire_upgraded":3,"win_rate":0,"timestamp":1559574686,"path_taken":["M","?","?","?","$","R","E","R","T","E","M","?","R","M","R","BOSS"],"build_version":"2019-01-23","purchased_purges":0,"victory":false,"max_hp_per_floor":[75,75,75,75,75,75,75,75,75,75,75,75,75,75,75,75],"card_choices":[{"not_picked":["Heavy Blade","Thunderclap"],"picked":"Armaments","floor":1},{"not_picked":["Ghostly Armor","Armaments"],"picked":"Feel No Pain","floor":3},{"not_picked":["Anger","Warcry"],"picked":"Shrug It Off","floor":7},{"not_picked":["Sever Soul","Havoc"],"picked":"Flex","floor":10},{"not_picked":["Perfected Strike","Twin Strike"],"picked":"Sword Boomerang","floor":11},{"not_picked":["Wild Strike","Twin Strike"],"picked":"Whirlwind","floor":14}],"player_experience":1852885,"relics_obtained":[{"floor":7,"key":"Vajra"},{"floor":9,"key":"Self Forming Clay"},{"floor":10,"key":"Frozen Egg 2"}],"event_choices":[{"cards_removed":["Strike_R"],"damage_healed":0,"gold_gain":0,"player_choice":"Offered Basic","damage_taken":0,"max_hp_gain":0,"max_hp_loss":0,"event_name":"Bonfire Elementals","floor":2,"gold_loss":0},{"cards_removed":["Defend_R"],"damage_healed":0,"gold_gain":0,"player_choice":"Card Removal","damage_taken":0,"max_hp_gain":0,"max_hp_loss":0,"event_name":"The Cleric","floor":4,"gold_loss":75},{"damage_healed":0,"gold_gain":0,"player_choice":"Ignored","damage_taken":0,"max_hp_gain":0,"max_hp_loss":0,"event_name":"Shining Light","floor":12,"gold_loss":0}],"is_beta":false,"boss_relics":[],"items_purged_floors":[],"is_endless":false,"potions_floor_spawned":[7,10],"killed_by":"Slime Boss","ascension_level":20}