{"gold_per_floor":[219,118,128,53,53,53,63,63,63,94,109,127,154,167,167,239,239,256,273,285,297,99,127,127,146,146,181,231,231],"floor_reached":29,"playtime":1704,"items_purged":["Strike_G","Strike_G"],"score":616,"play_id":"b3f0c4d8-f36d-4c38-b8ff-bf978282ebf5","local_time":"20190730141017","is_ascension_mode":true,"campfire_choices":[{"data":"Sucker Punch","floor":6,"key":"SMITH"},{"data":"Neutralize","floor":8,"key":"SMITH"},{"data":"Well Laid Plans","floor":15,"key":"SMITH"},{"floor":24,"key":"RECALL"}],"neow_cost":"NONE","seed_source_timestamp":308008680895238,"circlet_count":0,"master_deck":["AscendersBane","Strike_G","Strike_G","Defend_G","Defend_G","Defend_G","Defend_G","Defend_G","Survivor","Neutralize+1","Well Laid Plans+1","Sucker Punch+1","Endless Agony","Backflip","Catalyst","Dash","Dodge and Roll","Caltrops","Escape Plan","Corpse Explosion","Leg Sweep","PiercingWail","Deadly Poison","Envenom"],"relics":["Ring of the Snake","Bottled Tornado","Oddly Smooth Stone","Pen Nib","Fusion Hammer","Blue Candle","Gambling Chip"],"potions_floor_usage":[10,13,23,23],"damage_taken":[{"damage":0,"enemies":"2 Louse","floor":1,"turns":3},{"damage":2,"enemies":"Small Slimes","floor":3,"turns":4},{"damage":0,"enemies":"Cultist","floor":7,"turns":4},{"damage":23,"enemies":"Lagavulin","floor":10,"turns":12},{"damage":7,"enemies":"Lots of Slimes","floor":11,"turns":7},{"damage":0,"enemies":"2 Fungi Beasts","floor":12,"turns":3},{"damage":11,"enemies":"Gremlin Nob","floor":13,"turns":6},{"damage":4,"enemies":"Exordium Thugs","floor":14,"turns":5},{"damage":0,"enemies":"The Guardian","floor":16,"turns":16},{"damage":0,"enemies":"Chosen","floor":18,"turns":7},{"damage":1,"enemies":"3 Byrds","floor":19,"turns":3},{"damage":4,"enemies":"Centurion and Healer","floor":20,"turns":6},{"damage":6,"enemies":"Cultist and Chosen","floor":21,"turns":4},{"damage":5,"enemies":"Slavers","floor":23,"turns":4},{"damage":21,"enemies":"Sentry and Sphere","floor":25,"turns":8},{"damage":3,"enemies":"Book of Stabbing","floor":27,"turns":6},{"damage":13,"enemies":"Chosen and Byrds","floor":29,"turns":4}],"seed_played":"-1148805355899539402","potions_obtained":[{"floor":5,"key":"SkillPotion"},{"floor":5,"key":"Dexterity Potion"},{"floor":10,"key":"EssenceOfSteel"},{"floor":13,"key":"GamblersBrew"},{"floor":18,"key":"Block Potion"},{"floor":23,"key":"FearPotion"}],"is_trial":false,"path_per_floor":["M","$","M","?","?","R","M","R","T","E","M","M","E","M","R","B",null,"M","M","M","M","$","E","R","M","T","E","?","M"],"character_chosen":"THE_SILENT","items_purchased":["Sucker Punch","PiercingWail","Deadly Poison"],"campfire_rested":0,"item_purchase_floors":[2,22,22],"current_hp_per_floor":[59,59,57,57,57,57,57,57,57,34,27,27,16,12,12,12,53,53,52,48,42,42,37,37,16,16,13,13,0],"gold":231,"neow_bonus":"HUNDRED_GOLD","is_prod":false,"is_daily":false,"chose_seed":false,"campfire_upgraded":3,"win_rate":0,"timestamp":1564510217,"path_taken":["M","$","M","?","?","R","M","R","T","E","M","?","E","M","R","BOSS","M","M","?","M","$","E","R","M","T","E","?","?"],"build_version":"2019-07-17","purchased_purges":2,"victory":false,"max_hp_per_floor":[66,66,66,66,66,66,66,66,66,66,66,66,66,66,66,66,66,66,66,66,66,66,66,66,66,66,66,66,66],"card_choices":[{"not_picked":["Prepared","PiercingWail"],"picked":"Well Laid Plans","floor":1},{"not_picked":["Distraction","Acrobatics"],"picked":"Endless Agony","floor":3},{"not_picked":["Distraction","Prepared"],"picked":"Backflip","floor":7},{"not_picked":["Calculated Gamble","Slice"],"picked":"Catalyst","floor":10},{"not_picked":["Sucker Punch","Acrobatics"],"picked":"Dash","floor":11},{"not_picked":["Unload","Endless Agony"],"picked":"Dodge and Roll","floor":12},{"not_picked":["Blade Dance","Blur"],"picked":"Caltrops","floor":13},{"not_picked":["Concentrate","Blade Dance"],"picked":"Escape Plan","floor":14},{"not_picked":["Burst","Wraith Form v2"],"picked":"Corpse Explosion","floor":16},{"not_picked":["Setup","Prepared","Eviscerate"],"picked":"SKIP","floor":18},{"not_picked":["Reflex","Underhanded Strike"],"picked":"Leg Sweep","floor":19},{"not_picked":["Flying Knee","Flechettes","Reflex"],"picked":"SKIP","floor":20},{"not_picked":["Flying Knee","Cloak And Dagger","Phantasmal Killer"],"picked":"SKIP","floor":21},{"not_picked":["Dagger Spray","Caltrops","Deadly Poison"],"picked":"SKIP","floor":23},{"not_picked":["Sucker Punch","Setup","Masterful Stab"],"picked":"SKIP","floor":25},{"not_picked":["Poisoned Stab","Cloak And Dagger"],"picked":"Envenom","floor":27}],"player_experience":1591204,"relics_obtained":[{"floor":9,"key":"Bottled Tornado"},{"floor":10,"key":"Oddly Smooth Stone"},{"floor":13,"key":"Pen Nib"},{"floor":23,"key":"Blue Candle"},{"floor":27,"key":"Gambling Chip"}],"event_choices":[{"cards_removed":["Strike_G"],"damage_healed":0,"gold_gain":0,"player_choice":"Card Removal","damage_taken":0,"max_hp_gain":0,"max_hp_loss":0,"event_name":"The Cleric","floor":4,"gold_loss":75},{"damage_healed":0,"gold_gain":0,"player_choice":"Got Potions","damage_taken":0,"max_hp_gain":0,"max_hp_loss":0,"event_name":"Lab","floor":5,"gold_loss":0},{"damage_healed":0,"gold_gain":50,"player_choice":"Pray","damage_taken":0,"max_hp_gain":0,"max_hp_loss":0,"event_name":"Golden Shrine","floor":28,"gold_loss":0}],"is_beta":false,"boss_relics":[{"not_picked":["Runic Dome","Ectoplasm"],"picked":"Fusion Hammer"}],"items_purged_floors":[2,22],"is_endless":false,"potions_floor_spawned":[10,11,12,13,16,18,23],"killed_by":"Chosen and Byrds","ascension_level":15}