{"gold_per_floor":[116,191,191,208,61,96,96,129,129,158,178,208,208,56,56,128,128,147,182,29,25,25,25,51,51,129,129,129,146,164,89,89,163,163,179,179,199,421,55,55,65,98,98,124,143,158,188,200,200,200,200,200,8,41,41],"floor_reached":56,"playtime":3364,"items_purged":["Strike_G","Strike_G"],"score":2373,"play_id":"f71f23f6-f53b-4931-88cc-68ab50f309ba","local_time":"20190801000809","is_ascension_mode":true,"campfire_choices":[{"data":"Footwork","floor":7,"key":"SMITH"},{"floor":13,"key":"REST"},{"data":"Noxious Fumes","floor":15,"key":"SMITH"},{"data":"Well Laid Plans","floor":23,"key":"SMITH"},{"data":"Catalyst","floor":25,"key":"SMITH"},{"data":"Footwork","floor":27,"key":"SMITH"},{"data":"Noxious Fumes","floor":32,"key":"SMITH"},{"data":"Night Terror","floor":40,"key":"SMITH"},{"floor":49,"key":"RECALL"},{"data":"Leg Sweep","floor":52,"key":"SMITH"}],"neow_cost":"NONE","seed_source_timestamp":428607206267276,"circlet_count":0,"master_deck":["AscendersBane","Defend_G+1","Defend_G+1","Defend_G+1","Defend_G+1","Defend_G+1","Survivor+1","Deadly Poison","Backstab","Noxious Fumes+1","Footwork+1","Flying Knee","PiercingWail","Catalyst+1","Noxious Fumes+1","Leg Sweep+1","Footwork+1","Well Laid Plans+1","Adrenaline+1","Acrobatics+1","Night Terror+1","Finesse","Backflip","Cloak And Dagger+1","Bite+1","Bite","Bite","Bite+1","Bite","Expertise+1","Deflect+1","Adrenaline+1","Blind+1","Discovery+1","Finesse+1","Acrobatics+1","PiercingWail+1","Escape Plan+1","Master of Strategy+1","Concentrate+1","Tactician+1","Deadly Poison+1","Expertise+1","Calculated Gamble+1","Tactician+1","Leg Sweep+1"],"relics":["Ring of the Snake","NeowsBlessing","The Courier","Omamori","Question Card","Regal Pillow","Juzu Bracelet","Cursed Key","Red Mask","Toxic Egg 2","Paper Crane","Sozu","Snake Skull","War Paint","Du-Vu Doll","Ice Cream","Pantograph","Whetstone"],"potions_floor_usage":[8,8,10,10,12,19,24,24],"damage_taken":[{"damage":0,"enemies":"2 Louse","floor":1,"turns":1},{"damage":0,"enemies":"Jaw Worm","floor":4,"turns":1},{"damage":0,"enemies":"Lagavulin","floor":6,"turns":1},{"damage":15,"enemies":"3 Sentries","floor":8,"turns":10},{"damage":18,"enemies":"Gremlin Nob","floor":10,"turns":6},{"damage":0,"enemies":"Cultist","floor":11,"turns":4},{"damage":10,"enemies":"3 Sentries","floor":12,"turns":8},{"damage":23,"enemies":"Slime Boss","floor":16,"turns":11},{"damage":0,"enemies":"3 Byrds","floor":18,"turns":5},{"damage":30,"enemies":"Masked Bandits","floor":19,"turns":6},{"damage":6,"enemies":"2 Thieves","floor":21,"turns":4},{"damage":2,"enemies":"Slavers","floor":24,"turns":5},{"damage":6,"enemies":"Centurion and Healer","floor":29,"turns":8},{"damage":4,"enemies":"Cultist and Chosen","floor":30,"turns":8},{"damage":0,"enemies":"Collector","floor":33,"turns":9},{"damage":0,"enemies":"3 Shapes","floor":35,"turns":3},{"damage":0,"enemies":"3 Darklings","floor":37,"turns":6},{"damage":5,"enemies":"Jaw Worm Horde","floor":41,"turns":5},{"damage":0,"enemies":"Reptomancer","floor":42,"turns":7},{"damage":0,"enemies":"Giant Head","floor":44,"turns":8},{"damage":0,"enemies":"Maw","floor":45,"turns":7},{"damage":0,"enemies":"4 Shapes","floor":46,"turns":5},{"damage":0,"enemies":"Nemesis","floor":47,"turns":5},{"damage":3,"enemies":"Transient","floor":48,"turns":5},{"damage":25,"enemies":"Donu and Deca","floor":50,"turns":7},{"damage":15,"enemies":"Shield and Spear","floor":54,"turns":6},{"damage":35,"enemies":"The Heart","floor":55,"turns":10}],"seed_played":"-6912889044006466904","potions_obtained":[{"floor":3,"key":"AttackPotion"},{"floor":3,"key":"EntropicBrew"},{"floor":8,"key":"Weak Potion"},{"floor":11,"key":"Dexterity Potion"},{"floor":16,"key":"Explosive Potion"},{"floor":19,"key":"Block Potion"},{"floor":21,"key":"Explosive Potion"}],"is_trial":false,"path_per_floor":["M","?","?","M","$","E","R","E","T","E","M","E","R","$","R","B",null,"M","?","$","M","?","R","E","R","T","R","?","M","M","?","R","B",null,"M","?","M","?","$","R","M","E","T","E","M","M","E","M","R","B",null,"R","$","E","B",null],"character_chosen":"THE_SILENT","items_purchased":["Noxious Fumes","Leg Sweep","Footwork","Well Laid Plans","Finesse","PiercingWail+1","Escape Plan+1","Master of Strategy+1","Snake Skull","Pantograph"],"campfire_rested":1,"item_purchase_floors":[5,14,14,14,20,39,39,39,39,53],"current_hp_per_floor":[59,48,48,48,48,48,48,33,33,15,15,5,39,39,39,16,54,54,24,24,18,18,18,16,16,16,16,16,40,46,46,46,46,46,46,36,46,46,46,46,46,46,46,46,46,46,46,46,46,41,45,45,45,46,32],"gold":41,"neow_bonus":"THREE_ENEMY_KILL","is_prod":false,"is_daily":false,"chose_seed":false,"campfire_upgraded":8,"win_rate":0,"timestamp":1564632489,"path_taken":["M","?","?","?","$","E","R","E","T","E","M","E","R","$","R","BOSS","M","?","$","M","?","R","E","R","T","R","?","M","M","?","R","BOSS","M","?","M","?","$","R","M","E","T","E","M","M","E","M","R","BOSS","R","$","E","BOSS"],"build_version":"2019-07-17","purchased_purges":2,"victory":true,"max_hp_per_floor":[66,66,66,66,66,66,66,66,66,66,66,66,66,66,66,66,66,66,66,66,66,66,66,66,66,66,66,46,46,46,46,46,46,46,46,46,46,46,46,46,46,46,46,46,46,46,46,46,46,46,46,46,46,46,46],"card_choices":[{"not_picked":["Flying Knee","Prepared"],"picked":"Deadly Poison","floor":1},{"not_picked":["Backflip","Bane"],"picked":"Backstab","floor":4},{"not_picked":["Quick Slash","Prepared"],"picked":"Footwork","floor":6},{"not_picked":["Crippling Poison","Outmaneuver"],"picked":"Flying Knee","floor":8},{"not_picked":["Blade Dance","Flechettes","Tactician"],"picked":"PiercingWail","floor":10},{"not_picked":["Storm of Steel","Slice","Dodge and Roll"],"picked":"Catalyst","floor":11},{"not_picked":["Infinite Blades","Endless Agony","Accuracy"],"picked":"Noxious Fumes","floor":12},{"not_picked":["Phantasmal Killer","Night Terror","Storm of Steel"],"picked":"Adrenaline","floor":16},{"not_picked":["Deadly Poison","Prepared+1","Poisoned Stab"],"picked":"Acrobatics+1","floor":18},{"not_picked":["Sucker Punch","Concentrate","Predator"],"picked":"Night Terror","floor":19},{"not_picked":["Sucker Punch","Slice","Flying Knee"],"picked":"Backflip","floor":21},{"not_picked":["Acrobatics","Accuracy","Infinite Blades"],"picked":"Cloak And Dagger","floor":24},{"not_picked":["Choke","Slice","Dagger Throw"],"picked":"Expertise+1","floor":29},{"not_picked":["Prepared+1","Acrobatics+1","Slice+1"],"picked":"Deflect+1","floor":30},{"not_picked":["Tools of the Trade","After Image","Doppelganger+1"],"picked":"Adrenaline+1","floor":33},{"not_picked":["Setup+1","Heel Hook","Blade Dance+1","Poisoned Stab"],"picked":"SKIP","floor":35},{"not_picked":["Panacea+1","Mind Blast","Discovery+1"],"picked":"Blind+1","floor":36},{"not_picked":["Violence+1","Thinking Ahead+1","Flash of Steel"],"picked":"Discovery+1","floor":36},{"not_picked":["Thinking Ahead+1","Panacea+1","Transmutation+1"],"picked":"Finesse+1","floor":36},{"not_picked":["Finisher+1","Outmaneuver+1","Cloak And Dagger+1"],"picked":"Acrobatics+1","floor":37},{"not_picked":["Underhanded Strike","Flying Knee","Well Laid Plans"],"picked":"Concentrate+1","floor":41},{"not_picked":["Finisher","Deflect+1","Outmaneuver+1"],"picked":"Tactician+1","floor":42},{"not_picked":["Poisoned Stab+1","Dagger Throw","Distraction+1"],"picked":"Deadly Poison+1","floor":44},{"not_picked":["Eviscerate+1","Tactician+1","Endless Agony+1","Terror+1"],"picked":"SKIP","floor":45},{"not_picked":["Bane","Skewer","Poisoned Stab"],"picked":"Expertise+1","floor":46},{"not_picked":["Outmaneuver+1","Deadly Poison+1","Infinite Blades+1"],"picked":"Calculated Gamble+1","floor":47},{"not_picked":["Predator","Outmaneuver+1","Dagger Spray"],"picked":"Tactician+1","floor":48},{"not_picked":["Accuracy","Dagger Spray","Distraction+1"],"picked":"Leg Sweep+1","floor":54}],"player_experience":1627565,"relics_obtained":[{"floor":6,"key":"The Courier"},{"floor":8,"key":"Omamori"},{"floor":9,"key":"Question Card"},{"floor":10,"key":"Regal Pillow"},{"floor":12,"key":"Juzu Bracelet"},{"floor":19,"key":"Red Mask"},{"floor":24,"key":"Toxic Egg 2"},{"floor":26,"key":"Paper Crane"},{"floor":42,"key":"War Paint"},{"floor":44,"key":"Du-Vu Doll"},{"floor":47,"key":"Ice Cream"},{"floor":54,"key":"Whetstone"}],"event_choices":[{"damage_healed":0,"gold_gain":75,"player_choice":"Gather Gold","damage_taken":11,"max_hp_gain":0,"max_hp_loss":0,"event_name":"World of Goop","floor":2,"gold_loss":0},{"damage_healed":0,"gold_gain":0,"player_choice":"Got Potions","damage_taken":0,"max_hp_gain":0,"max_hp_loss":0,"event_name":"Lab","floor":3,"gold_loss":0},{"damage_healed":0,"gold_gain":0,"player_choice":"Fought Bandits","damage_taken":0,"max_hp_gain":0,"max_hp_loss":0,"event_name":"Masked Bandits","floor":19,"gold_loss":0},{"damage_healed":0,"gold_gain":0,"player_choice":"Simplicity","damage_taken":0,"max_hp_gain":0,"max_hp_loss":0,"event_name":"Back to Basics","floor":22,"gold_loss":0,"cards_upgraded":["Strike_G","Strike_G","Strike_G","Defend_G","Defend_G","Defend_G","Defend_G","Defend_G"]},{"damage_healed":0,"gold_gain":0,"player_choice":"Became a vampire","damage_taken":0,"max_hp_gain":0,"max_hp_loss":20,"event_name":"Vampires","floor":28,"gold_loss":0,"cards_obtained":["Bite","Bite","Bite","Bite","Bite"]},{"cards_removed":["Neutralize"],"damage_healed":0,"gold_gain":0,"player_choice":"Gave Gold","damage_taken":0,"max_hp_gain":0,"max_hp_loss":0,"event_name":"Beggar","floor":31,"gold_loss":75},{"damage_healed":0,"gold_gain":0,"player_choice":"Memory 3","damage_taken":10,"max_hp_gain":0,"max_hp_loss":0,"event_name":"SensoryStone","floor":36,"gold_loss":0},{"damage_healed":0,"gold_gain":222,"player_choice":"Wore Mask","damage_taken":0,"max_hp_gain":0,"max_hp_loss":0,"event_name":"Tomb of Lord Red Mask","floor":38,"gold_loss":0}],"is_beta":false,"boss_relics":[{"not_picked":["Fusion Hammer","White Beast Statue"],"picked":"Cursed Key"},{"not_picked":["Astrolabe","Velvet Choker"],"picked":"Sozu"}],"items_purged_floors":[5,20],"is_endless":false,"potions_floor_spawned":[4,8,11,16,19,21,37,44,46,47,48,54],"ascension_level":15}